2119 3522
597 238 647 260 ΕΡ.
666 236 707 260 28.
739 237 966 260 BERNHARDVS
991 236 1100 259 GELFF
1125 235 1282 261 onrvmo.
1703 217 1798 266 705

90 296 175 339 Pag.
196 292 286 332 5234.
1161 296 1246 336 Pag.
1262 297 1337 328 233.
1357 307 1386 327 v.
1400 304 1431 328 22
1450 320 1457 327 .
1472 320 1479 327 .
1495 320 1502 327 .
1520 296 1606 337 Pag.
1622 298 1697 329 235.
1715 307 1744 328 v.
1759 304 1801 328 30.

181 353 359 384 industria
385 351 527 384 student
552 352 677 392 vitare,
704 352 818 382 variis
842 351 910 382 viis
937 354 972 383 et
997 351 1108 383 modis
1139 352 1257 393 ipsum
1282 361 1501 393 oppugnare.
1548 351 1596 383 Et
1620 352 1734 384 solum
1759 352 1803 384 ad

180 408 247 439 hoc
271 407 432 448 tendere,
467 410 506 439 ut
531 407 631 438 litem
661 407 698 437 in
728 406 873 447 longum
904 406 1066 447 trahant,
1100 410 1137 439 et
1166 407 1261 438 hunc
1285 407 1400 438 virum
1430 408 1628 448 integrum,
1661 408 1802 448 bonum,

179 464 321 495 doctum
346 466 379 494 et
405 474 423 494 a
450 462 628 494 catholica
658 462 822 494 doctrina
854 462 944 493 nihil
973 462 1251 501 dissentientem.
1299 460 1345 494 Et
1370 473 1410 494 ea
1443 474 1521 504 quae
1553 474 1574 494 a
1601 474 1636 495 se
1668 464 1803 504 scripta

181 523 281 560 sunt,
309 520 428 561 potius
453 519 496 550 ad
520 518 733 550 instantiam
758 520 935 558 nostram,
968 522 1002 550 et
1027 519 1063 550 in
1088 519 1218 550 bonum
1243 518 1361 558 finem,
1394 529 1434 549 ac
1459 529 1678 550 communem
1703 519 1803 550 Chri-

181 577 308 607 stianae
335 575 484 616 Reipub.
502 574 699 606 utilitatem
730 584 771 605 ac
795 573 1096 605 consultationem
1127 574 1238 606 fuisse
1264 575 1403 606 emissa.
1451 575 1707 607 Existimamus
1732 586 1803 607 om-

180 632 265 662 nino
291 641 368 662 esse
393 629 500 662 officii
525 630 650 669 nostri,
676 630 745 660 viri
769 634 841 661 tam
866 629 1009 669 integri,
1035 630 1252 670 innocentis,
1280 630 1373 661 etde
1398 630 1501 661 nobis
1527 631 1659 671 optime
1683 631 1804 662 meriti

179 687 437 728 protectionem
467 687 656 727 suscipere.
708 686 858 726 Propter
892 684 983 726 quod
1014 685 1278 717 Beatitudinem
1309 685 1473 717 Vestram
1510 689 1643 727 quanto
1679 686 1805 718 maiori

179 753 370 783 possumus
395 742 512 774 studio
539 742 715 773 instanter
740 750 916 781 rogamus,
956 741 1135 780 Dignetur
1151 741 1195 772 ad
1213 741 1431 782 singularem
1448 743 1565 773 nostri
1583 741 1804 783 complacen-

180 799 286 838 tiam,
312 798 404 829 hanc
428 807 499 828 rem
524 807 603 838 quae
628 796 732 828 nobis
756 796 946 837 plurimum
971 800 1026 827 cst
1052 796 1164 837 cordi,
1198 797 1393 829 ferventius
1418 797 1598 839 amplecti,
1634 801 1669 829 et
1693 798 1804 839 impo-

180 855 251 885 sito
277 856 453 895 perpetuo
472 852 614 884 silentio
634 852 852 883 adversariis
878 851 951 883 illis
976 852 1146 893 captiosis
1163 852 1367 893 Theologis,
1394 853 1455 894 qui
1479 853 1587 884 etiam
1611 864 1683 885 non
1699 854 1805 885 veriti

181 912 265 941 sunt
289 909 327 940 in
352 908 598 940 commissione
623 917 743 939 eorum
768 918 882 948 nuper
905 907 1000 948 apud
1023 907 1291 939 Beatitudinem
1307 909 1474 940 Vestram
1498 909 1700 950 impetrata,
1726 920 1803 949 nos,

181 969 216 997 et
242 964 331 996 alios
349 964 545 1005 Principes·
560 966 702 995 nostros
719 963 918 995 Germaniae
944 966 1080 995 taxare.
1124 963 1277 995 Causam
1294 964 1400 995 istam
1428 964 1569 1005 penitus
1594 965 1807 1005 extinguere

179 1024 214 1052 et
239 1020 427 1060 suffocare,
452 1023 492 1051 ut
517 1019 833 1051 innocentissimus
856 1019 912 1050 vir
937 1018 996 1050 ille
1020 1029 1041 1050 a
1067 1022 1139 1050 tam
1163 1020 1323 1051 sinistris
1339 1019 1592 1051 vexationibus
1616 1019 1804 1060 liberatus,

182 1079 285 1110 tanto
310 1076 527 1108 commodius
559 1075 704 1107 ultimos
729 1076 848 1107 aetatis
872 1085 946 1107 suae
972 1085 1086 1106 annos
1112 1085 1293 1116 peragere,
1324 1078 1358 1106 et
1389 1075 1469 1106 aliis
1504 1075 1633 1107 studiis
1659 1086 1737 1117 quae
1763 1076 1805 1108 ad

182 1142 398 1164 communem
415 1131 562 1173 Reipub.
581 1131 797 1163 Christianae
822 1131 1014 1163 utilitatem
1038 1131 1198 1163 emittere
1221 1132 1258 1162 in
1283 1131 1400 1163 animo
1426 1131 1549 1171 habet,
1575 1131 1720 1163 liberius
1745 1143 1806 1164 va-

180 1198 259 1220 care
293 1188 419 1229 possit,
470 1187 769 1227 Quemadmodum
799 1187 990 1219 Beatitudo
1021 1187 1149 1218 Vestra
1185 1186 1295 1219 latius
1327 1197 1368 1218 ex
1399 1187 1712 1219 Reverendissiino
1749 1188 1807 1219 do-

179 1245 274 1276 mino
301 1243 480 1275 Cardinali
499 1243 710 1275 Sanctorum
729 1247 894 1285 quatuor,
923 1246 958 1274 et
983 1243 1135 1274 Oratore
1160 1246 1283 1274 nostro
1309 1243 1497 1284 intelliget.
1530 1243 1654 1275 Faciet
1677 1244 1715 1275 in
1741 1244 1806 1276 hoc

179 1311 254 1332 rem
279 1300 519 1341 aequissimam
549 1309 586 1331 se
616 1300 776 1341 dignam,
807 1302 841 1330 et
867 1299 1015 1340 Reipub.
1033 1298 1250 1330 Christianae
1281 1298 1419 1334 utilem,
1452 1299 1555 1331 nobis
1586 1302 1706 1331 autem
1730 1310 1806 1341 per-

179 1355 421 1396 gratissimam
448 1356 543 1386 omni
568 1355 670 1386 filiali
696 1355 814 1386 studio
842 1358 877 1386 et
904 1354 1021 1386 officio
1040 1364 1124 1395 erga
1150 1364 1186 1386 se
1209 1355 1557 1396 recompensandam,
1586 1366 1691 1399 quam
1707 1355 1806 1388 Deus

179 1422 253 1443 suae
286 1414 421 1443 sanctae
447 1411 616 1443 Ecclesiae
647 1411 707 1442 diu
739 1420 950 1442 conservare
977 1411 1144 1451 dignetur
1169 1410 1379 1442 incolumem
1409 1414 1442 1441 et
1468 1410 1627 1443 illaesam.
1674 1411 1806 1443 Datum

178 1468 216 1499 in
241 1467 417 1508 Inspruck
441 1476 546 1497 xxm.
574 1466 774 1498 Octobris.“
824 1466 875 1497 Cf.
895 1477 926 1507 p.
947 1468 1011 1498 239
1024 1465 1059 1497 ¹⁰.

92 1521 198 1555 152'12
227 1520 353 1555 multis
382 1520 571 1554 mandatis
596 1521 678 1564 etc]
712 1519 799 1561 Qure
830 1521 907 1553 tam
938 1519 1135 1553 Reuchlini
1166 1519 1366 1563 Speculum
1398 1520 1562 1563 oculare,
1598 1532 1709 1564 quam
1740 1521 1806 1556 Pe-

178 1576 364 1621 pericorni
387 1575 507 1610 libelli
531 1576 705 1610 Defensio
732 1577 769 1610 et
794 1575 1123 1620 Streydtp‘ztechlyn
1148 1575 1390 1619 repetierunt.

91 1637 130 1667 17
156 1632 466 1677 ι’νφᾙηίεδὶἶ)’1111ωῇ
492 1631 722 1666 Adverbium
747 1631 1059 1675 theologisticum.
1099 1631 1383 1675 ‘Irremissibile,
1410 1633 1628 1677 mzablessiy,
1653 1635 1709 1668 ‘nit
1734 1646 1808 1669 ver-

179 1687 342 1732 zigylich.“
374 1687 544 1722 Diefenb.
564 1687 723 1722 Glossar.

89 1749 131 1778 20
157 1745 229 1778 duo
248 1744 403 1787 puncta]
430 1743 502 1777 Pro
528 1743 661 1787 quibus
685 1743 796 1777 hodie
821 1743 1014 1777 scribimus
1040 1755 1185 1778 comma
1201 1745 1262 1787 (,).
1287 1746 1462 1778 neutrum
1488 1755 1575 1779 vero
1595 1745 1641 1778 ad
1658 1745 1806 1790 Peperi-

179 1811 330 1834 cornum
358 1799 607 1833 excusandum
639 1799 807 1833 sufficere
835 1798 975 1832 Gelffus
1004 1810 1077 1833 non
1104 1800 1223 1834 videt:
1251 1800 1416 1844 Capnion
1448 1802 1617 1835 maneret
1641 1802 1808 1846 proditor

180 1855 353 1890 Caesareae
378 1855 592 1897 maiestatis,
620 1855 689 1889 etsi
714 1855 827 1889 etiam
851 1855 1014 1898 perfidus
1039 1855 1278 1899 Pepericorni
1303 1856 1490 1890 consultor
1514 1857 1710 1892 diceretur.

90 1915 132 1946 24
157 1912 270 1945 bonus
295 1912 509 1955 ίφηφκνῖαῖίε]
537 1912 595 1945 ein
620 1915 724 1955 (juber
748 1911 992 1953 kaisefrlicher,
1016 1915 1079 1955 yut
1104 1912 1297 1946 kaiserlich
1320 1913 1472 1956 yesi-mit.
1504 1912 1547 1946 cf.
1566 1925 1600 1957 p.
1621 1915 1731 1948 21311.

133 1967 257 2012 [aa]
283 1967 452 2011 Peperic.
471 1966 553 2001 Def.
572 1979 658 2012 pag.
679 1971 751 2002 138.
773 1981 824 2002 vv.
838 1976 960 2002 36...33.
1010 1967 1064 2001 De
1091 1967 1256 2011 Spirensi
1281 1968 1536 2002 commissione
1569 1969 1701 2013 agitur.
1751 1970 1803 2005 Cf.

181 2022 314 2067 Consp.
332 2023 493 2057 chronol.
511 2035 546 2067 p.
568 2028 640 2058 130.
658 2023 692 2057 d.
710 2028 763 2058 29.
780 2023 889 2057 Mart.
908 2035 938 2057 a.
959 2026 1053 2057 1514.

89 2083 131 2114 35
156 2078 330 2120 Quamvis
361 2079 518 2112 ridicula
549 2079 721 2113 videatur
756 2079 832 2113 haec
870 2079 1052 2120 defensio,
1090 2090 1163 2112 non
1199 2079 1335 2113 iniuste
1373 2091 1510 2124 papam
1541 2081 1703 2124 dedisse,
1742 2083 1806 2117 sed

177 2135 313 2168 iniuste
337 2134 585 2168 Reuchlinuin
611 2135 795 2179 accepisse
822 2135 1134 2177 commissionem,
1160 2136 1286 2169 tamen
1311 2136 1380 2170 hoc
1405 2136 1526 2180 ipsum
1551 2137 1670 2171 voluit
1688 2137 1806 2182 Pepe-

178 2190 313 2225 ricorni
338 2190 418 2224 Def.
436 2191 459 2224 l.
478 2202 506 2224 c.

88 2249 175 2290 Pag.
195 2247 286 2284 235.
755 2251 1155 2254 '—'—‘*

90 2306 109 2336 6
134 2302 245 2346 dicit]
271 2302 360 2346 Pep.
379 2302 461 2337 Def.
478 2314 513 2347 p.
535 2308 607 2339 138.
627 2317 655 2340 v.
670 2313 703 2338 38
762 2317 796 2348 p.
809 2305 892 2339 139⁵.
927 2303 1024 2346 „Sed
1043 2315 1087 2338 ex
1105 2304 1360 2338 commissione
1383 2332 1388 2337 .
1405 2332 1410 2337 .
1427 2332 1434 2338 .
1451 2332 1456 2337 .
1478 2305 1645 2339 comburi
1662 2306 1804 2341 iussit.“

91 2363 131 2392 10
155 2358 343 2392 scribendo
368 2359 418 2392 ad
436 2361 588 2404 papam]
616 2360 811 2403 epistolam
837 2360 883 2394 ad
909 2362 1009 2395 234¹*
1034 2360 1244 2405 repetitam.

92 2419 131 2448 14
156 2415 260 2457 episc.
282 2414 491 2449 Coloniensi·
510 2443 516 2449 .
533 2443 562 2450 ..
582 2416 756 2460 mortuus]
781 2416 977 2461 Philippus
1001 2418 1025 2460 †
1050 2429 1097 2450 m.
1115 2417 1210 2461 Aug.
1229 2428 1258 2451 a.
1279 2421 1375 2451 1515.
1407 2418 1450 2451 cf.
1470 2417 1516 2451 ad
1535 2422 1600 2452 ⁵220
1613 2420 1646 2452 ¹5.

91 2473 130 2503 15
155 2470 448 2506 intentionaliter
479 2475 510 2506 et
540 2472 732 2517 implicite]
760 2472 781 2506 i.
801 2483 830 2506 e.
856 2472 1047 2506 declarans
1079 2474 1116 2507 et
1147 2474 1275 2517 aperte
1308 2473 1433 2507 dicens
1463 2473 1553 2517 quid
1584 2474 1806 2509 intendisset

179 2525 317 2569 Caesar,
344 2538 427 2561 cum
453 2527 630 2562 mandata
654 2529 691 2561 in
717 2527 957 2571 Pepericorni
980 2528 1127 2563 Defens.
1145 2541 1180 2573 p.
1198 2532 1251 2564 88.
1270 2541 1347 2573 sqq.
1365 2529 1528 2573 repetita
1552 2529 1690 2564 ederet.

88 2585 130 2615 26
157 2582 362 2628 liberarios]
392 2583 492 2617 idem
523 2585 614 2628 puto
646 2584 746 2627 quod
779 2584 1006 2617 ‘liberarias’
1034 2601 1077 2613 =
1101 2585 1346 2619 bibliothecas
1377 2585 1441 2628 (cf.
1465 2586 1555 2618 46³⁵.
1580 2588 1685 2628 47⁰.);
1718 2598 1804 2621 nain

178 2639 286 2672 nimis
310 2639 503 2684 eleganter
528 2640 668 2674 dictum
693 2639 852 2681 videtur,
877 2639 1057 2673 librorum
1083 2641 1294 2675 venditores
1319 2640 1516 2684 (librarios)
1542 2641 1693 2676 visitari.
1729 2643 1804 2677 ‘Li-

177 2694 320 2728 brarius
341 2721 347 2728 .
365 2723 370 2727 .
386 2722 393 2729 .
413 2696 559 2740 byecher
574 2707 673 2737 man,
691 2695 998 2737 buchnerkccuffer‚
1024 2707 1092 2740 eyn
1110 2697 1169 2730 (lie
1186 2697 1328 2731 boeeher
1345 2697 1508 2739 bewaerb,
1526 2697 1804 2743 boiclsschryver,

178 2750 276 2785 boick
300 2762 507 2793 verwaer're,
532 2751 818 2786 buochsehrez'ber
837 2778 845 2785 .
860 2752 896 2786 .“
936 2750 1106 2785 Diefenb.
1124 2751 1281 2786 Glossar.

89 2810 130 2841 28
155 2805 315 2840 Doctore
341 2808 467 2840 sancto
493 2807 655 2849 (Thoma
678 2806 903 2850 Aquinate),
926 2833 954 2840 ..
975 2807 1102 2841 subtili
1128 2808 1250 2852 (Duns
1276 2807 1424 2852 Scoto),
1447 2835 1476 2842 ..
1497 2810 1688 2853 seraphico
1714 2811 1803 2855 (Bo-

177 2863 398 2905 naventura)
425 2863 463 2896 et
486 2862 640 2896 Alberto
665 2862 713 2896 M.
745 2862 796 2897 Cf.
814 2862 893 2896 ind.
911 2862 1027 2907 biogr.
1045 2863 1110 2897 hos
1136 2865 1220 2898 artt.

89 2922 131 2953 30
151 2918 366 2962 proficuum]
393 2917 578 2961 (Martian.
597 2917 709 2962 Cap).
748 2918 964 2961 ‘Proficuus,
991 2929 1111 2961 mtcze,
1137 2920 1305 2962 nuczbar,
1330 2948 1358 2955 ..
1372 2922 1607 2965 profitele'eh'.
1632 2921 1802 2958 Diefenb.

180 2973 338 3008 Glossar.

134 3029 237 3064 credo
263 3029 358 3072 quod
382 3030 502 3065 adhuc
528 3031 612 3075 erit}
639 3042 746 3075 spero
771 3031 859 3065 fore.

140 3098 228 3117 HVT'r.
248 3098 313 3117 OPP.
333 3099 434 3118 sv1’1112.
455 3100 486 3118 11.
1493 3095 1534 3125 45
