2119 3522
307 241 402 286 414
424 237 427 239 .
803 254 908 276 mnnx
934 251 1184 276 moGnArrncvs
1208 252 1249 273 Er
1274 248 1515 274 ONOMASTICVS.

306 372 546 417 lanchthon,
596 370 706 407 cuius
745 369 797 407 ad
836 382 995 407 causam
1033 381 1121 406 cum
1157 366 1411 417 theologistis
1450 373 1578 404 actam
1616 366 1886 417 pertinentem
1923 377 2012 418 ‘par-

269 465 274 471 ,
306 429 418 466 tcniss
449 427 677 464 subicimus.

395 548 426 587 *ἡ
453 547 745 579 Melanchthonis
778 546 818 576 de
845 546 1030 588 Capnione
1060 545 1262 577 Phorcensi
1293 545 1486 585 orationis,
1518 545 1683 576 recitatae
1708 554 1739 577 a.
1761 545 1857 577 1552.
1878 555 1899 576 a
1922 546 2016 576 Mar—

394 606 469 636 tino
502 603 645 635 Simone
684 602 1029 642 Brandenburgensi
1067 604 1225 643 partem,
1264 611 1342 642 quae
1381 601 1426 632 ad
1465 600 1657 642 conplures
1686 601 1778 641 Epp.
1798 600 1897 634 O.V.
1916 600 2015 632 locos

394 662 492 691 recte
518 658 786 699 intellegendos
812 658 947 698 optime
972 658 1080 697 facit,
1107 657 1166 688 hic
1190 657 1425 698 repetendam
1452 657 1670 690 curavimus.
1693 655 1752 696 (ex
1770 655 2015 687 Declamatio-

394 726 475 746 num
493 716 536 747 D.
556 714 648 745 Phil.
666 713 956 745 Melanchthonis
977 718 1044 744 ete.
1066 723 1121 754 op.
1142 717 1178 744 ct
1202 713 1294 744 stud.
1312 712 1359 744 M.
1379 713 1454 746 Ioa.
1473 712 1661 743 Richardii
1678 712 1868 753 Argentor.
1889 715 1973 745 tom.
1987 712 2016 745 I.

393 770 440 802 80.
465 781 498 811 p.
519 771 721 801 627...630.
770 769 874 811 Corp.
899 769 1140 800 Reformator.
1167 768 1220 800 ed.
1244 767 1536 801 Bretsehncider.
1562 767 1647 798 Hal.
1668 769 1764 799 1843.
1791 767 1839 798 4⁰.
1864 767 1933 799 vol.
1953 767 2015 798 XI.

394 826 472 857 coll.
489 827 572 857 1007
636 825 749 865 1009.)
799 825 853 858 Cf.
869 824 991 859 Ludw,
1008 824 1158 866 Geiger,
1180 825 1238 857 iib.
1254 824 1487 856 Melanthons
1509 823 1650 855 Oratio.
1675 823 1730 857 Ff.
1745 833 1776 855 a.
1791 823 1838 854 M.
1855 823 1952 854 1868.
1970 822 2016 856 8⁰.

397 907 434 922 ‚‚.
451 907 457 913 .
473 906 500 912 ..
521 882 635 913 Venio
660 891 754 911 nunc
780 881 824 912 ad
849 881 1015 912 ultimum
1035 880 1233 921 Capnionis
1260 883 1463 920 certamen,
1491 879 1586 920 quod
1606 879 1677 910 fuit
1695 879 1738 910 de
1757 878 1861 910 libris
1878 878 2017 910 Iudaeo-

395 949 486 978 rum,
515 939 551 968 in
577 947 644 978 quo
671 948 692 967 a
711 936 950 978 Sycophantis
967 932 1158 968 Monachis
1177 946 1370 977 oppressus
1397 938 1512 975 esset,
1538 936 1609 966 nisi
1625 935 1724 966 Deus
1750 945 1828 966 eum
1852 934 2017 975 texisset,

395 998 431 1025 et
454 992 572 1034 ‘fatali
602 991 758 1034 quadam
791 993 1025 1025 conversione
1058 1002 1173 1023 rerum
1205 992 1369 1033 tyrannis
1399 990 1657 1022 Monachorum
1688 990 1878 1023 labefacta
1908 993 2016 1022 esset.

396 1049 554 1090 Cumque
580 1049 701 1090 palam
730 1052 825 1080 esset
843 1049 977 1080 iniuste
996 1047 1219 1089 Capnionem
1238 1047 1440 1089 oppugnari
1460 1057 1481 1077 a
1497 1046 1705 1086 Monachis,
1733 1049 1769 1077 et
1785 1045 1890 1077 multi
1906 1045 2018 1077 homi-

395 1116 458 1136 ues
491 1105 630 1135 literati
661 1106 697 1135 in
724 1105 921 1136 Germania
954 1107 990 1135 et
1019 1106 1056 1135 in
1082 1104 1193 1134 Italia
1225 1103 1380 1144 privatis
1411 1101 1557 1142 studiis,
1590 1102 1782 1133 sententiis
1813 1104 1848 1133 et
1873 1102 2018 1143 seriptis

396 1171 476 1193 eum
509 1160 765 1200 defenderent,
798 1171 868 1192 non
901 1160 981 1192 leve
1014 1159 1132 1191 odium
1165 1159 1340 1190 adversus
1364 1157 1561 1189 Monachos
1593 1167 1788 1194 accensum
1819 1161 1890 1198 est,
1925 1157 2019 1199 quod

396 1219 522 1258 postea
548 1216 657 1247 etiam
682 1216 846 1247 nonnihil
873 1216 1042 1247 momenti
1068 1215 1205 1255 attulit,
1231 1218 1271 1246 ut
1297 1214 1438 1246 avidius
1466 1214 1717 1256 exciperentur
1733 1214 1874 1255 scripta
1891 1216 2019 1246 contra

397 1272 690 1314 superstitiones,
723 1281 801 1313 quae
827 1272 929 1302 nervi
955 1271 1102 1303 fuerunt
1126 1271 1229 1313 regni
1255 1271 1458 1304 monastici.
1649 1270 1766 1301 Multa
1792 1273 1875 1301 sunt
1899 1273 2018 1301 autem

396 1328 553 1369 insignia
581 1327 745 1369 exempla
777 1328 813 1358 in
842 1327 911 1359 hac
937 1327 1100 1360 historia.
1147 1327 1190 1358 In
1214 1328 1339 1368 primis
1365 1327 1402 1357 in
1426 1325 1598 1358 Ecclesia
1620 1326 1690 1359 hoc
1716 1327 1842 1358 crebro
1869 1325 2018 1365 accidit,

395 1387 434 1415 ut
458 1384 546 1415 iusti
572 1386 607 1414 et
631 1383 719 1414 bene
744 1383 862 1414 meriti
888 1383 1080 1415 calumniis
1105 1383 1336 1415 circumventi
1356 1382 1623 1424 opprimantur,
1648 1386 1690 1414 ut
1706 1382 1802 1413 filius
1819 1381 1906 1422 Dei,
1932 1382 2019 1413 Pro-

397 1440 532 1481 phetae,
557 1439 739 1480 Apostoli,
768 1439 976 1480 Stephanus
1003 1443 1039 1471 et
1065 1439 1128 1470 alii
1153 1439 1257 1470 multi
1281 1439 1471 1470 interfecti
1496 1441 1590 1470 sunt.
1637 1438 1713 1470 Nec
1729 1438 1861 1470 desunt
1885 1437 2020 1469 similia

397 1496 562 1537 exempla
587 1496 623 1526 in
649 1495 749 1526 civili
772 1495 1056 1536 gubernatione,
1089 1499 1128 1526 ut
1153 1495 1378 1534 Palamedis,
1405 1494 1585 1535 Socratis,
1617 1494 1814 1526 Phocionis
1837 1494 2017 1526 interitus.

396 1553 442 1583 Et
467 1556 589 1582 tamen
620 1551 758 1582 veritas
783 1554 909 1592 postea
935 1552 1104 1592 emergit,
1135 1555 1174 1582 ut
1206 1551 1361 1582 dicitur:
1394 1545 1476 1592 ἄγει
1499 1547 1541 1583 δὲ
1567 1545 1604 1588 ἐς
1630 1548 1708 1592 φῶς
1733 1544 1802 1592 τὴν
1827 1543 2019 1591 ἀλήθειαν

396 1604 540 1649 χρόνος.
590 1607 694 1648 Saepe
726 1610 845 1639 autem
871 1606 1115 1648 Sycophantae
1147 1607 1254 1648 quasi
1283 1608 1385 1639 venti
1415 1616 1568 1648 magnas
1592 1607 1629 1637 in
1654 1605 1858 1648 Republica
1884 1609 2020 1648 tempe-

396 1667 513 1695 states
550 1664 727 1703 excitant,
767 1673 844 1704 quae
881 1668 1009 1704 postea
1041 1663 1262 1694 mutationes
1295 1666 1330 1694 et
1361 1662 1615 1694 distractiones
1646 1661 1808 1694 infinitas
1842 1661 2017 1694 efficiunt.

395 1721 449 1751 De
480 1719 535 1750 his
566 1719 672 1750 malis
703 1719 848 1750 brevius
879 1719 977 1758 dico,
1010 1720 1093 1760 quia
1123 1722 1248 1751 nostra
1280 1722 1369 1750 aetas
1401 1719 1561 1750 abundat
1591 1718 1775 1760 exemplis.
1824 1719 1874 1750 Ut
1899 1722 2020 1750 autem

396 1775 485 1806 nihil
516 1775 633 1806 dicam
665 1777 841 1814 atrocius,
880 1786 959 1806 cum
989 1776 1121 1807 iniuste
1150 1778 1403 1816 oppugnarent
1428 1774 1652 1816 Capnionem
1676 1775 1859 1815 Monachi,
1895 1779 1936 1807 ut
1960 1775 2020 1806 So—

397 1834 529 1862 cratem
559 1831 700 1872 Anytus
733 1834 768 1862 et
797 1830 963 1871 Melitus,
1000 1834 1169 1863 texerunt
1206 1840 1285 1863 eum
1316 1833 1439 1862 tamen
1469 1834 1617 1873 propter
1649 1831 1885 1863 eruditionem
1916 1830 2021 1862 multi

396 1888 480 1919 boni
513 1890 549 1918 et
579 1887 673 1919 docti
703 1887 790 1927 viri,
829 1897 976 1928 quorum
1008 1888 1209 1919 auctoritas
1240 1887 1431 1928 impedivit
1461 1887 1721 1919 Monachorum
1754 1887 1895 1919 furores
1926 1887 2021 1930 apud

396 1944 654 1984 Imperatorem
689 1947 723 1975 et
754 1942 976 1977 Pontificem.
1033 1943 1083 1975 Ut
1114 1946 1234 1975 autem
1263 1943 1428 1975 Iuniores
1466 1944 1588 1975 sciant
1622 1953 1702 1984 quae
1735 1943 1848 1975 fuerit
1877 1947 2021 1976 contro-

395 2000 531 2040 versia,
559 1999 677 2030 dicam
703 2009 808 2031 veras
833 2000 1040 2031 occasiones
1063 2000 1139 2031 eius
1158 2000 1255 2031 rixae.
1461 2000 1546 2031 Fuit
1562 2000 1600 2031 in
1617 2000 1705 2031 urbe
1724 1999 1876 2032 Colonia
1892 2000 2021 2042 Agrip-

395 2055 480 2096 pina
498 2056 674 2097 Impostor
699 2055 843 2096 quidam
866 2055 1023 2095 Iudaeus,
1050 2057 1111 2096 qui
1136 2056 1334 2087 simulabat
1359 2066 1397 2087 se
1424 2055 1597 2098 amplecti
1614 2055 1826 2098 religionem
1845 2055 2020 2088 Christia-

395 2122 494 2151 nam,
521 2111 716 2143 familiaris
741 2114 819 2143 erat
845 2111 1023 2143 Monacho
1053 2112 1278 2153 inquisitori,
1311 2116 1350 2144 ut
1375 2113 1581 2153 nominant,
1613 2112 1856 2152 Hochstrato,
1881 2116 1917 2144 et
1942 2113 2021 2144 eius

397 2167 535 2200 amicis.
582 2168 653 2198 Hic
686 2168 844 2198 ostendit
874 2178 1042 2209 magnam
1076 2169 1268 2209 pecuniam
1298 2169 1452 2201 honesta
1483 2168 1606 2210 specie
1637 2171 1674 2200 et
1699 2169 1777 2201 sine
1802 2179 1933 2211 magno
1958 2179 2019 2200 ne-

396 2224 498 2264 goeio
530 2223 663 2254 Iudaeis
696 2224 788 2265 eripi
818 2233 942 2265 posse,
981 2225 1009 2255 si
1045 2224 1202 2256 edictum
1232 2225 1436 2266 Imperator
1466 2228 1660 2267 proponat,
1694 2228 1733 2256 ut
1764 2224 1880 2257 Iudaei
1910 2225 2021 2257 libros

397 2290 519 2310 omnes
545 2279 716 2310 adferant
741 2280 777 2310 in
804 2279 954 2319 curiam,
988 2280 1025 2311 in
1049 2290 1113 2312 suo
1140 2281 1292 2322 quisque
1318 2281 1468 2323 oppido,
1500 2285 1539 2312 ut
1571 2282 1615 2312 ab
1648 2281 1926 2322 inquisitoribus
1952 2291 2020 2313 cae-

397 2336 465 2366 teri
490 2335 573 2366 libri
598 2338 729 2376 praeter
751 2335 873 2366 Biblia
903 2339 1075 2376 tanquam
1102 2337 1298 2377 perniciosi
1323 2337 1532 2369 christianae
1558 2336 1728 2379 religioni
1753 2337 2020 2369 comburantur.

396 2391 471 2423 Nec
502 2390 537 2421 id
569 2391 664 2422 serio
695 2391 866 2432 impostor
896 2391 958 2422 ille
994 2393 1054 2433 agi
1084 2392 1251 2433 volebat,
1290 2392 1355 2424 sed
1385 2393 1525 2425 Iudaeos
1557 2393 1701 2424 sciebat
1731 2394 1856 2425 statim
1887 2404 2020 2435 magna

397 2447 553 2487 pecunia
584 2446 696 2478 libros
729 2446 976 2488 redempturos
1009 2458 1098 2482 esse.
1153 2448 1206 2479 Eo
1232 2449 1344 2489 igitur
1374 2459 1448 2480 rem
1479 2448 1609 2481 deduci
1638 2448 1803 2489 volebat,
1836 2452 1876 2480 ut
1905 2449 2021 2481 Iudaei

398 2502 587 2543 pecuniam
619 2501 801 2534 offerrent.
854 2503 961 2535 Hanc
999 2503 1160 2545 praedam
1192 2506 1369 2546 captabat
1399 2505 1631 2537 dividendam
1662 2506 1756 2537 inter
1785 2505 2021 2547 inquisitores

398 2561 434 2589 et
459 2559 576 2590 socios
603 2558 708 2590 huius
735 2558 890 2590 consilii.
938 2560 1014 2591 Hos
1040 2560 1152 2592 fuisse
1180 2561 1299 2592 fontes
1324 2562 1464 2602 negotii
1490 2564 1626 2593 certum
1646 2564 1710 2596 est.
1758 2561 1892 2594 Petunt
1909 2562 2021 2604 igitur

396 2615 566 2646 Monachi
592 2614 748 2645 edictum
776 2615 820 2646 ab
848 2616 1088 2657 Imperatore,
1122 2621 1157 2649 et
1187 2617 1401 2659 religionem
1433 2621 1647 2658 praetexunt.
1695 2617 1824 2650 Editur
1852 2618 2019 2658 edietum,

398 2674 433 2701 et
457 2671 731 2702 Francofordiae
756 2671 840 2703 libri
866 2673 902 2702 in
928 2672 1063 2703 curiam
1090 2676 1291 2714 gestantur.
1342 2674 1487 2705 Interea
1512 2677 1552 2705 ut
1577 2673 1678 2705 multi
1703 2677 1787 2705 sunt
1811 2673 1925 2706 Iudaei
1949 2685 2021 2706 non

397 2727 516 2767 ignari
542 2728 736 2758 communis
761 2728 863 2768 vitae,
897 2729 933 2759 in
965 2729 1048 2760 aula
1074 2729 1312 2771 Imperatoria
1340 2740 1421 2761 suos
1447 2730 1558 2761 etiam
1584 2733 1754 2771 patronos
1780 2730 1930 2770 adeunt,
1959 2732 2021 2771 qui

396 2792 468 2813 rem
501 2793 542 2813 eo
575 2783 775 2823 adducunt,
813 2788 852 2815 ut
886 2784 1088 2826 Imperator
1119 2786 1371 2817 sciscitaretur
1401 2785 1542 2817 iudicia
1574 2786 1795 2818 eruditorum
1824 2786 1862 2817 in
1893 2786 2019 2828 lingua

396 2838 538 2870 Ebraea.
587 2840 694 2871 Iubet
718 2841 831 2881 igitur
856 2841 1017 2872 scribere
1043 2840 1267 2883 Capnionem
1293 2842 1377 2883 quid
1404 2843 1550 2877 sentiat,
1604 2841 1674 2874 Hic
1700 2841 1824 2874 in·illo
1850 2852 1913 2874 suo
1938 2842 2018 2874 hor-

399 2893 474 2924 tulo
515 2893 734 2937 Stutgardiae
772 2896 941 2937 latitans,
980 2908 1024 2928 ne
1062 2899 1243 2940 suspicari
1279 2899 1422 2940 quidem
1459 2899 1593 2943 potuit,
1633 2899 1806 2940 quomodo
1843 2899 1920 2930 haec
1958 2908 2016 2930 res

396 2950 572 2981 instructa
599 2955 706 2983 esset.
754 2953 801 2983 Et
825 2956 944 2985 tamen
970 2957 1133 2986 metuens
1158 2953 1294 2997 linguae
1318 2955 1468 2987 nolebat
1490 2955 1602 2987 libros
1619 2955 1876 2996 grammaticos
1894 2958 1930 2986 et
1947 2965 2019 2987 me-

397 3005 497 3037 dicos
528 3006 689 3041 interire.
744 3007 877 3040 Scribit
907 3010 1018 3050 igitur
1050 3012 1271 3042 sententiam
1302 3011 1410 3052 longe
1442 3011 1632 3042 mitiorem.
1678 3011 1865 3042 Discernit
1897 3011 2017 3045 libros.

397 3062 540 3103 Scripta
564 3064 774 3095 nominatim
799 3068 924 3097 contra
942 3064 1121 3098 Christum
1147 3068 1247 3099 iubet
1272 3068 1435 3109 abolere,
1463 3078 1578 3110 eaque
1604 3068 1679 3099 suis
1701 3067 1819 3099 titulis
1843 3067 2016 3100 nominat.
