2119 3522
319 219 390 242 EPP.
404 217 428 241 9.
444 218 484 242 10.
511 220 607 242 CONR.
626 221 671 241 DE
689 219 873 242 ZVICCAVIA
891 221 1048 243 ORTVINO.
1074 233 1115 236 ——-
1140 221 1284 243 IOANNES
1302 222 1452 244 ARNOLDI
1471 222 1628 244 ORTVINO.
1733 203 1827 247 541

118 276 202 318 Pag.
225 276 286 313 15.
1253 279 1337 321 Pag.
1356 281 1405 310 15.
1425 290 1453 311 v.
1467 287 1482 310 4
1501 303 1508 310 .
1523 303 1530 310 .
1546 303 1553 311 .
1571 279 1657 321 Pag.
1676 280 1725 310 16.
1745 289 1773 310 v.
1787 286 1830 312 25.

118 335 160 364 33
187 333 348 375 ‘guerra,
374 342 502 375 gwerre
528 333 646 377 (πως),
670 341 748 365 vom
773 332 855 365 ahd.
874 342 1010 373 werra,
1035 332 1258 366 mlzd.‹11mdl.
1278 333 1424 376 alteozyl.
1443 343 1570 374 werre,
1596 332 1706 374 zcmk,
1731 332 1830 366 zwic-

207 387 323 421 tracht
346 388 398 421 vl).
417 388 498 421 alul.
517 398 678 428 wei-ran,
704 387 916 421 vemvz'rreu:
947 388 1044 421 rixas
1068 389 1105 421 et
1128 388 1371 422 dissensiones
1402 399 1466 422 seu
1489 388 1705 430 seditiones,
1739 399 1830 431 quas

206 442 339 487 vulgus
362 454 496 477 werras
525 443 693 477 nominat
718 442 806 485 Gap.
828 443 910 476 Car.
933 443 969 476 (J.
987 443 1135 477 Bellum
1159 470 1165 477 .
1185 470 1191 477 .
1211 446 1248 478 .“
1282 444 1375 478 Dtez
1405 447 1507 488 etym.
1531 444 1624 478 WB.
1642 444 1676 478 h.
1694 455 1727 477 v.
1778 443 1830 477 Cf.

207 498 319 532 etiam
344 498 521 543 Ducange
545 499 580 532 h.
598 511 631 532 v.

116 557 156 588 34
182 554 320 588 habere
346 554 618 588 advertentiam
635 571 678 583 =
695 555 764 588 sibi
789 565 931 596 cavere,
957 554 1132 599 vigilare,
1158 556 1251 590 Ache
1275 556 1398 591 haben.

161 610 336 653 citabant]
364 611 406 643 ut
428 610 686 644 Reuchlinum.

116 668 157 699 36
184 666 289 699 timeo
314 666 421 709 quod]
450 666 506 700 Ita
531 677 677 711 semper
701 677 768 710 pro
793 667 906 700 timeo
924 677 981 700 ne.
1023 666 1146 701 Germ.
1165 668 1222 702 'ich
1246 668 1387 710 ficrchte
1411 669 1498 711 dass.

161 721 392 765 disturbium]
419 723 664 766 perturbatio,
691 722 883 763 tumultus,
910 733 983 755 non
1009 722 1240 757 disturbatio.

116 780 202 820 Pag.
224 779 285 815 16.

117 838 131 866 1
159 834 499 877 scandalizatorem]
527 834 570 868 cf.
589 834 635 868 ad
661 835 728 868 9¹³.

113 893 134 923 4
157 890 310 932 simplem
334 890 451 924 socius
476 890 549 933 (130]
577 890 621 924 cf.
641 889 687 923 ad
712 891 778 924 9³5.

114 949 134 979 5
159 946 276 988 zelosi]
303 945 348 979 cf.
366 945 412 979 ad
437 947 501 980 6²⁷.

113 1006 132 1034 6
158 1002 200 1035 in
223 1002 358 1045 mensa]
386 1002 432 1035 ad
457 1013 633 1044 mensam,
659 1003 697 1036 in
723 1003 903 1036 convivio.

115 1061 132 1091 7
158 1059 285 1092 tenere
313 1058 542 1102 oppositum,
568 1058 590 1091 i.
611 1070 639 1092 e.
660 1059 930 1101 contradicere,
963 1058 1013 1092 W
1013 1059 1177 1102 {detmari}
1202 1060 1333 1094 hulten.

114 1118 133 1147 9
153 1114 355 1156 protestavz'
379 1124 498 1148 coram
522 1125 642 1149 omnes
667 1115 711 1149 de
734 1115 863 1158 imma]
889 1116 1116 1159 protestatus
1147 1127 1227 1148 sum
1259 1116 1508 1150 adsidentium
1540 1116 1829 1151 testimonialem

203 1171 315 1205 fidem
340 1183 425 1206 eum
451 1171 649 1215 [ribaldum
674 1170 894 1214 Huttenum]
922 1171 959 1204 in
983 1171 1122 1205 crimen
1154 1172 1296 1205 iniuriae
1326 1171 1508 1205 incidisse.
1542 1172 1585 1206 ef.
1603 1176 1666 1207 287
1676 1174 1714 1206 2⁰.
1752 1173 1828 1206 Pri-

203 1227 313 1260 scian.
332 1226 414 1261 inst.
424 1227 522 1261 VIII.
541 1231 594 1261 29.
613 1226 684 1270 (ed.
701 1226 825 1260 HertZ.
840 1238 874 1270 p.
889 1230 965 1264 396.
980 1229 1046 1270 sq.)
1074 1255 1110 1269 „.
1133 1256 1138 1263 .
1157 1228 1395 1271 1⁷›rotulerunt
1412 1228 1555 1272 antiqui
1573 1256 1580 1263 .
1599 1255 1606 1263 .
1627 1230 1828 1273 ‘protesto‘

204 1284 242 1316 et
268 1284 487 1326 ‘protestor'
509 1310 515 1317 .
535 1287 571 1316 .“

115 1343 155 1373 10
180 1339 349 1382 buccella]
379 1338 561 1372 ‘bucellus
587 1339 646 1372 vel
671 1339 717 1372 la.
736 1339 758 1372 i.
782 1340 991 1381 morsellus,
1020 1340 1079 1373 ein
1103 1341 1205 1384 ὔμμ’.
1238 1340 1395 1375 Gemma
1418 1354 1453 1385 g.

114 1398 255 1428 12...14.
282 1394 456 1436 Quamvis
486 1405 560 1428 non
591 1406 718 1429 omnes
749 1396 828 1428 tum
861 1397 1064 1430 metrorum
1096 1398 1134 1430 et
1163 1397 1420 1440 rhythmorum
1452 1398 1532 1431 tuin
1564 1408 1736 1431 versuum
1767 1409 1829 1441 pe-

202 1450 364 1494 dumque
382 1450 523 1494 species
541 1450 618 1485 haec
638 1452 792 1485 ‘metra’
812 1452 1038 1494 contineant,
1066 1453 1166 1486 certe
1183 1463 1303 1496 neque
1323 1454 1407 1486 ante
1426 1453 1523 1486 hunc
1541 1454 1691 1497 poetam
1709 1465 1828 1497 neque

201 1508 286 1550 post
310 1518 395 1540 eum
419 1507 614 1551 quisquam
633 1508 776 1551 septem
795 1507 985 1541 versiculis
1001 1509 1079 1542 tam
1097 1508 1243 1542 diversa
1261 1510 1298 1542 et
1314 1508 1412 1543 inter
1428 1520 1465 1542 se
1485 1508 1679 1551 contraria,
1706 1500 1831 1553 qualia

200 1562 391 1606 inscriptio
416 1563 567 1605 indicat,
594 1563 749 1598 artificio
775 1575 839 1598 suo
865 1564 1065 1598 coniunxit.

157 1618 303 1652 dicolon
330 1620 522 1662 (ὃίκωλον)
549 1621 604 1654 est
621 1620 764 1654 duobus
782 1620 958 1654 membris
976 1622 1157 1663 constans,
1185 1621 1417 1665 distrophum
1436 1621 1712 1666 (dt'ctoophum)
1739 1621 1830 1655 duas

201 1675 369 1719 strophas
393 1675 543 1709 habens.

114 1734 154 1764 15
178 1731 312 1765 sentire
336 1742 362 1765 c.
381 1731 439 1775 R]
466 1731 630 1765 iudicare
656 1733 698 1766 ut
721 1732 759 1765 111
784 1743 848 1766 suo
876 1733 1135 1767 ‘sentimento’
1163 1734 1334 1768 fecerunt
1357 1734 1591 1768 Parisienses.

112 1790 153 1820 16
176 1788 420 1832 yymmcsiwm]
447 1787 621 1830 studium,
648 1788 813 1822 studium
836 1789 1022 1833 generale,
1049 1789 1282 1832 universitas,
1308 1790 1525 1834 promiscua}
1544 1790 1827 1834 appellationes.

156 1846 269 1877 mater
293 1844 466 1887 omnium]
492 1843 659 1877 Nimium
689 1844 780 1878 dicit
809 1846 938 1888 poeta,
971 1845 1035 1879 sed
1067 1857 1196 1879 verum
1228 1847 1284 1880 est
1314 1846 1359 1879 de
1393 1847 1445 1880 eis
1476 1847 1522 1880 ad
1549 1857 1639 1890 quas
1670 1847 1748 1890 ipse
1774 1857 1827 1880 re-

202 1899 340 1943 spexit3
367 1900 537 1944 quamvis
554 1900 625 1943 ipsi
641 1900 866 1935 Parisienses
885 1901 931 1935 ad
950 1901 1206 1936 Coloniensem
1223 1902 1506 1936 universitatem
1525 1903 1728 1937 scribentes
1746 1913 1827 1936 eam

200 1966 363 1990 sororem
390 1966 493 1989 suam
518 1956 774 1991 salutaverint.
806 1957 850 1991 cf.
871 1958 956 1994 17²2.

112 2015 151 2045 17
178 2011 324 2046 Deinde
352 2012 424 2046 Col.
443 2013 482 2055 s.]
516 2012 634 2053 Quid?
669 2014 723 2046 est
754 2013 867 2047 etiam
898 2015 1017 2048 mater
1049 2015 1213 2049 omnium
1245 2014 1555 2048 universitatum?
1598 2015 1731 2057 Immo⁷
1765 2016 1827 2058 qui

201 2068 257 2102 est
281 2068 398 2102 bonus
423 2069 535 2111 cath.‚
563 2068 677 2102 debet
701 2070 908 2104 consentire
936 2071 1048 2104 etiam
1075 2082 1159 2104 cum
1185 2070 1259 2105 Col.
1278 2082 1303 2103 s.

112 2128 152 2158 19
176 2123 359 2158 Reuchlin
384 2126 458 2168 ete]
493 2124 545 2158 Cf.
563 2124 637 2158 ind.
657 2136 740 2158 serr.
760 2137 794 2169 p.
815 2129 867 2159 76.
884 2137 918 2159 n.
938 2138 983 2159 1x.

110 2184 152 2215 20
180 2180 388 2225 Tunyarus]
415 2180 459 2214 cf.
478 2180 557 2214 Ind.
575 2191 660 2214 serr.
677 2192 712 2224 p.
729 2185 780 2215 78.
798 2193 832 2215 n.
850 2194 897 2215 xx.

109 2239 150 2270 21
179 2235 230 2270 Cf.
249 2247 373 2280 consp.
394 2237 556 2271 chronol.
574 2249 609 2280 p.
630 2241 703 2271 129.
722 2237 756 2271 d.
777 2242 827 2272 10.
845 2237 951 2272 Febr.
970 2250 1000 2272 a.
1022 2243 1116 2272 1514.
1143 2259 1185 2262 -
1212 2240 1326 2273 ‘eius'
1354 2241 1470 2282 recte,
1506 2239 1570 2273 sed
1602 2241 1732 2273 contra
1756 2239 1826 2273 Ob-

201 2303 334 2326 scuror.
353 2293 645 2338 grammaticam,
673 2304 754 2336 quae
782 2295 881 2327 ‘sua’
908 2294 1132 2338 postulabat.

110 2351 151 2381 22
175 2347 312 2382 Mirum
340 2349 395 2383 est
425 2359 498 2383 non
529 2349 665 2383 habere
698 2350 959 2394 argumentum
985 2351 1048 2394 qui
1080 2361 1162 2394 quae
1193 2351 1411 2395 praecedunt
1442 2352 1480 2385 et
1511 2362 1592 2395 quae
1623 2353 1828 2395 sequuntur

200 2404 355 2448 scripsit.

111 2463 152 2494 23
178 2461 222 2494 de
245 2460 343 2502 facto
368 2464 416 2495 est
443 2462 621 2505 ea'comm]
649 2462 790 2496 scilicet
815 2462 903 2506 quia
927 2462 1080 2497 clericos
1104 2464 1264 2498 vexavit.

153 2527 228 2550 mm
252 2517 330 2553 hab,
343 2517 395 2560 pl.
414 2521 517 2560 temp.
536 2518 586 2552 ad
609 2518 688 2561 scon]
716 2519 782 2552 Ich
805 2519 894 2552 habe
917 2519 1017 2553 nicht
1042 2520 1139 2554 mehr
1157 2520 1238 2554 Zez‘t
1263 2529 1344 2554 zum
1361 2520 1563 2555 ſsS'chreibeoz.
1604 2519 1718 2554 Plura
1742 2520 1826 2553 scri-

198 2572 312 2606 bendi
336 2573 484 2617 tempus
507 2584 581 2607 non
606 2574 773 2618 suppetit
797 2574 898 2608 mihi.

109 2631 152 2662 25
176 2629 441 2672 replicationes]
468 2629 620 2671 scholae,
652 2630 690 2663 in
715 2630 849 2673 quibus
873 2641 940 2674 per
966 2631 1151 2672 Quaeritur
1182 2632 1220 2665 et
1244 2631 1453 2665 Solutiones
1486 2632 1524 2665 et
1547 2631 1728 2675 Arguitur
1760 2642 1826 2676 pro

200 2684 237 2717 et
261 2685 388 2718 contra
413 2684 500 2718 libri
525 2685 823 2729 explicabantur,
849 2687 1071 2730 argumenta
1094 2697 1177 2720 cuin
1204 2697 1330 2721 eorum
1356 2686 1504 2731 replicis
1528 2687 1824 2730 proferebantur.

153 2743 302 2774 veterem
326 2741 452 2784 artem]
478 2741 501 2775 i.
520 2752 550 2775 e.
567 2740 765 2785 Porphyrii
788 2741 1054 2776 universalium
1080 2742 1118 2775 et
1142 2741 1351 2776 Aristotelis
1380 2742 1759 2778 Praedicamentorum
1785 2754 1826 2778 ac

200 2795 245 2829 de
270 2795 578 2840 interpretatione
603 2797 728 2839 libros,
754 2798 831 2830 tam
849 2797 896 2830 ad
912 2797 1092 2831 lectiones
1109 2809 1220 2841 quam
1239 2798 1285 2832 ad
1301 2798 1479 2833 exercitia
1495 2798 1734 2834 adhibebant.
1771 2799 1826 2833 De

201 2851 354 2886 Colonia
378 2852 422 2886 cf.
440 2852 563 2886 locum
583 2852 814 2887 Statutorum
847 2853 893 2887 ad
918 2855 1030 2888 258¹6.
1049 2854 1108 2888 cit.
1129 2855 1168 2888 et
1195 2854 1347 2898 propria
1370 2854 1543 2899 exempla
1559 2854 1825 2899 Copulatorum

199 2908 237 2941 in
262 2909 429 2942 veterem
459 2909 577 2943 artem
602 2908 746 2943 Aresto.
765 2921 848 2943 cum
878 2910 985 2943 textu
1017 2910 1182 2944 eiusdem
1215 2910 1418 2944 secundum
1441 2910 1541 2945 viam
1564 2911 1641 2945 divi
1666 2911 1826 2946 doctoris

199 2963 244 2997 de
262 2964 409 3008 Aquino
434 2965 538 2998 iuxta
562 2975 773 3009 processum
799 2966 1059 3010 magistrorum
1079 2966 1239 3000 Coloniae
1264 2966 1302 2999 in
1327 2966 1437 3000 bursa
1453 2966 1590 3001 Montis
1614 2968 1825 3012 regentium

200 3020 322 3062 (Hain.
339 3031 373 3053 n.
397 3024 615 3065 1672...74.>;
642 3021 687 3054 (10
706 3020 830 3065 Lipsia
853 3022 1039 3055 testantur
1061 3023 1197 3065 praeter
1221 3022 1280 3055 cit.
1298 3034 1333 3066 p.
1351 3027 1427 3057 258.
1446 3024 1559 3057 etiam
1576 3024 1826 3057 vetustissima
