2119 3522
310 216 401 260 718
818 227 1080 250 COMMENTARIVS
1104 226 1149 248 AD
1175 227 1247 248 EPP.
1265 227 1296 248 o.
1313 227 1345 248 v.
1369 226 1446 248 vor..
1463 226 1500 247 11.

305 292 390 331 Pag.
411 288 501 324 248.

396 341 583 382 ‘lor-arius,
617 340 680 382 qui
709 339 796 373 loris
826 339 959 380 utitur,
992 337 1080 371 loris
1109 337 1201 372 alios
1232 336 1374 371 caedit':
1407 347 1493 370 nam
1524 335 1640 369 Loriti
1670 346 1804 370 nomen
1829 336 2011 370 familiare

395 395 569 430 Glareani
592 394 672 428 fuit.
706 393 750 427 cf.
768 393 847 427 Ind.
866 393 982 438 biogr.
998 405 1033 437 p.
1051 397 1126 427 379.
1145 404 1222 436 sqq.
1241 392 1308 426 art.
1328 391 1542 426 Glareanus.

307 457 346 487 15
372 451 538 486 clae'abolus
561 451 693 484 tenebit
717 449 918 493 candelam]
945 449 990 482 cf.
1008 448 1181 482 ad·225¹⁴.

541 538 775 573 EPISTOLA
801 539 864 576 39.
907 536 1204 572 CHVNRADVS
1229 536 1535 572 STRYLDRIOT
1562 536 1791 571 ORTVINO.

306 624 344 654 17
370 618 583 663 StryIdriot]
611 616 707 658 Quid
730 617 799 650 1100
823 626 959 650 nomen
983 615 1053 649 sibi
1075 615 1169 649 velit
1191 615 1325 649 nescio.
1363 614 1490 649 Sti-illa
1505 632 1548 643 =
1565 615 1727 660 strigilis,
1753 615 1841 649 Ital.
1859 615 2012 659 striglia,

394 674 561 718 streglia,
588 671 793 716 stregghia,
823 671 920 706 Gall.
939 671 1077 713 etrille,
1106 670 1224 704 Germ.
1243 670 1413 715 Striegel.
1439 670 1537 704 driot
1552 687 1595 699 =
1615 670 1733 705 Germ.
1752 670 1894 713 driuze,
1928 670 2013 704 droz

387 740 458 773 pro
483 729 604 763 Tross‘?
632 729 673 761 ut
697 727 887 761 Str-ildriot
911 728 1008 761 esset
1031 726 1424 771 Strieyeltrossknecht?

303 791 346 821 20
370 785 616 828 affectuositas
640 787 671 818 et
694 783 919 827 mssrtuositas]
945 783 983 816 in
1007 783 1063 816 his
1089 782 1254 826 epistolis
1279 782 1369 815 alias
1393 792 1466 816 non
1491 782 1676 826 leguntur.

304 847 345 876 22
369 841 541 885 recedere]
567 839 725 881 reverti,
752 839 908 873 Romam
932 838 1142 882 relinquere
1167 848 1240 872 non
1265 838 1403 881 potest,
1429 848 1502 871 non
1528 837 1616 881 quia
1640 838 1727 879 etc.,
1754 837 1818 871 sed
1843 837 1935 872 velit
1958 847 2012 871 re-

392 898 573 940 linquere,
600 895 687 939 quia
712 896 792 937 etc„
817 905 885 929 nec
910 895 1044 938 potest.

303 958 346 988 28
371 952 591 987 samelotum
615 967 658 979 =
684 951 884 992 sarnetum,
917 951 1145 992 exametum,
1179 949 1398 991 examitum,
1430 949 1524 983 mhcl.
1542 950 1666 990 samit,
1701 949 1819 983 Germ.
1839 948 2014 983 Sammet.

394 1008 513 1042 Hodie
539 1007 685 1040 inverso
711 1006 838 1040 ordine
864 1006 1016 1040 nomina
1040 1006 1231 1039 conlocare
1257 1004 1427 1047 solemus,
1454 1004 1610 1038 Sammet
1634 1005 1714 1039 und
1737 1004 1853 1039 Seicle.
1891 1005 2014 1039 Same-

392 1064 511 1098 lotum
536 1073 609 1096 non
633 1062 774 1095 habent
797 1061 1044 1095 vocabularia.

304 1125 346 1154 29
371 1120 551 1154 modicum
571 1145 600 1152 ..
617 1145 623 1151 .
643 1118 753 1161 senes]
781 1118 841 1150 ein
865 1117 1017 1160 bisscheoz
1042 1117 1107 1158 alt,
1132 1127 1244 1160 supra
1266 1116 1473 1160 puellarem
1498 1116 1657 1150 aetatem.

303 1181 345 1210 33
370 1186 443 1209 ¹non
462 1174 628 1218 placent]
655 1173 747 1206 Vult
771 1173 869 1206 euim
894 1172 1004 1214 tales,
1031 1172 1180 1216 qualem
1204 1172 1432 1216 incomptam
1464 1172 1669 1206 orationem
1695 1170 1821 1206 Cicero
1845 1172 1914 1205 sibi
1938 1172 2015 1206 lau-

393 1231 468 1272 dat,
496 1230 540 1263 de
561 1240 610 1263 or.
629 1233 682 1270 23,
702 1238 750 1262 79:
777 1228 891 1262 fucati
916 1227 1189 1262 medicamenta
1213 1227 1381 1261 candoris
1407 1228 1444 1261 et
1467 1228 1610 1261 ruboris
1628 1227 1751 1261 omnia
1774 1227 2014 1272 repellentur,

394 1286 582 1331 elegantia
607 1283 715 1318 modo
742 1285 780 1317 et
804 1283 989 1317 munditia
1011 1283 1231 1317 remanebit.

303 1346 389 1387 Pag.
407 1344 496 1379 249.
961 1361 971 1363 -ν
987 1362 1002 1363 ἡ
1016 1361 1053 1363 —1-
1066 1361 1321 1363 ssstffimjss
1342 1362 1360 1364 —

303 1404 322 1433 2
350 1398 547 1442 recordari]
575 1395 789 1430 archaistice
816 1406 882 1440 pro
909 1396 1139 1430 ‘recordatus
1164 1397 1274 1430 sum‘.
1323 1395 1374 1430 cf.
1392 1395 1570 1440 Ducange
1595 1406 1673 1429 voc.
1691 1395 1910 1430 Recordare.

302 1460 322 1489 4
347 1454 543 1489 meo-desset
561 1453 592 1487 ei
609 1463 717 1495 super
733 1453 782 1496 os]
809 1451 895 1485 Haec
919 1451 1105 1495 hodieque
1124 1452 1222 1496 apud
1240 1452 1367 1486 faecem
1384 1452 1504 1496 plebis
1520 1450 1666 1495 'vulgari
1683 1450 1850 1485 formulae
1867 1461 2015 1495 respon-

393 1510 479 1544 dere
505 1508 654 1543 videtur
678 1507 862 1541 usitatiori
886 1507 1097 1541 invitationi
1122 1507 1168 1541 ad
1193 1507 1347 1542 bestiale
1374 1507 1704 1548 delectamentum,
1738 1508 1811 1541 lech·
1834 1519 1879 1542 m.
1896 1508 1946 1541 im
1969 1507 2014 1540 A.

305 1572 324 1602 5
350 1566 506 1610 qualiter
531 1564 664 1599 (lebetis
689 1565 900 1607 supponere]
926 1564 964 1597 te
990 1574 1209 1607 supponere.
1235 1563 1279 1597 cf.
1298 1563 1345 1596 ad
1369 1564 1458 1597 20²⁷.

303 1627 322 1657 9
349 1621 526 1657 comedere
551 1631 594 1654 esc
618 1631 685 1654 succ
705 1619 864 1663 patella]
891 1630 958 1653 aus
982 1620 1099 1653 semer
1125 1620 1313 1663 (eiyenen)
1340 1618 1496 1662 Scln'tssssel
1527 1621 1634 1662 essen,
1666 1618 1839 1652 latiorem
1869 1629 2015 1652 sensum

392 1677 518 1719 habet,
544 1686 618 1710 non
644 1675 820 1719 appetere
846 1674 977 1709 aliena.
1016 1674 1169 1711 Ortvino
1195 1676 1319 1709 autem
1346 1674 1570 1708 contrarium
1595 1674 1844 1719 proverbium,
1872 1685 1906 1709 es
1929 1674 2016 1708 Ico'n-

393 1744 464 1768 nen
488 1732 577 1767 vicie
601 1742 669 1765 aus
694 1731 792 1764 einer
816 1729 972 1773 Schffssel
996 1734 1104 1774 essen,
1129 1731 1247 1775 magis
1271 1731 1451 1774 placuisse
1477 1730 1635 1765 videtur.

306 1794 344 1824 16
364 1788 594 1833 prot-erbam
708 1786 869 1831 Erasm]
897 1786 940 1820 cf.
958 1788 1054 1821 248¹.

305 1850 344 1880 17
371 1855 444 1879 *non
463 1847 579 1887 potest
606 1843 780 1886 invenire]
808 1842 957 1876 Scilicet
980 1853 1053 1877 non
1079 1843 1135 1877 est
1158 1843 1195 1875 in
1219 1842 1414 1877 Erasmicis
1439 1842 1590 1887 adagiis.

306 1906 346 1935 18
372 1900 589 1943 diminutus]
615 1909 777 1940 manCUS,
804 1898 1060 1942 incompletus.

303 1961 345 1992 20
369 1957 575 1991 Amicorum
603 1955 727 1988 onmia
751 1957 835 1988 sunt
861 1955 1000 1999 comm]
1027 1953 1074 1988 τὰ
1096 1955 1169 1989 τῶν
1195 1957 1316 1998 φίλων
1338 1957 1461 1989 nodva.
1513 1954 1638 1989 Primo
1667 1954 1748 1989 loco
1773 1954 1841 1988 hoc
1866 1964 2014 1998 prover-

392 2012 495 2046 bium
522 2012 576 2045 est
603 2011 641 2044 in
666 2011 808 2044 Erasini
832 2010 995 2055 Adagiis.

304 2073 343 2103 21
371 2068 496 2102 debent
522 2067 659 2111 eaecz'fflf]
695 2066 753 2101 Sic
778 2066 1012 2111 grammatici
1043 2067 1128 2110 post
1157 2067 1304 2111 regulas
1334 2079 1368 2110 q.
1386 2079 1419 2101 v.
1438 2067 1605 2101 adiciunt
1630 2077 1689 2108 ea,
1722 2066 1759 2100 in
1785 2066 1918 2110 quibus
1942 2065 2015 2100 illae

392 2135 466 2158 non
489 2124 631 2157 tenent.

304 2186 345 2215 22
370 2190 445 2214 ozon
461 2180 653 2213 habetis
668 2179 766 2223 imp]
781 2178 925 2212 Mireris
943 2189 1015 2212 non
1034 2180 1239 2223 comparari
1252 2178 1418 2221 Tobiam,
1436 2179 1527 2213 item
1545 2189 1589 2213 ex
1605 2178 1705 2212 tribu
1718 2178 1933 2222 Nephthali,
1952 2178 2015 2221 qui

393 2236 517 2270 omnia
530 2246 611 2279 quae
624 2235 762 2269 habere
780 2236 938 2278 poterat,
955 2235 1121 2279 quotidie
1136 2235 1364 2279 concaptivis
1378 2234 1553 2269 fratribus
1570 2234 1819 2278 impertiebat.
1837 2233 2015 2267 Tob.init.

304 2298 346 2328 23
371 2292 577 2336 supponitis
601 2291 775 2324 ancillam
801 2291 875 2334 etc]
902 2290 946 2324 cf.
964 2290 1010 2324 ad
1035 2292 1123 2325 692¹.

305 2353 347 2382 24
371 2349 494 2389 forare
517 2356 611 2380 ‘nova
636 2346 833 2390 foramina]
860 2357 951 2379 1101ιο
975 2346 1116 2380 Lo'eher
1140 2347 1283 2381 Dohren.
1318 2347 1362 2380 cf.
1381 2347 1440 2380 cit.
1459 2346 1584 2380 adnot.
1602 2345 1648 2380 ad
1665 2346 1754 2379 692¹.

303 2408 346 2438 25
373 2413 498 2437 immeo
523 2413 602 2436 cum
628 2402 803 2445 antiquis]
830 2402 887 2435 ich
911 2402 1020 2435 bletbe
1044 2402 1110 2444 bei,
1136 2402 1191 2436 ich
1215 2403 1311 2436 holte
1336 2413 1370 2436 es
1393 2402 1460 2435 mit
1484 2402 1554 2436 den
1579 2402 1687 2435 alten.

304 2464 345 2495 27
372 2460 482 2493 donec
508 2459 582 2502 ete]
615 2457 785 2492 Carolina
810 2457 1019 2491 valedictio.
1044 2458 1188 2501 pondus
1218 2458 1326 2491 huius
1351 2457 1493 2491 alaudae
1519 2457 1714 2491 duodecim
1744 2456 1821 2491 fere
1846 2456 2014 2501 gravium

393 2516 506 2549 boum
531 2514 675 2559 pondus
701 2514 874 2557 aequaret.

638 2603 872 2638 EPISTOLA
897 2605 962 2641 40.
1002 2603 1250 2637 IOHANNES
1277 2603 1431 2637 CRAPP
1458 2602 1686 2638 ORTVINO.

304 2688 346 2720 29
371 2684 448 2719 ΙοῙι.
471 2684 612 2728 01111111]
639 2683 683 2717 cf.
702 2683 748 2716 ad
765 2695 800 2727 p.
821 2686 883 2717 187
893 2683 931 2716 23.

304 2745 345 2775 32
372 2741 521 2784 epistola
544 2750 623 2774 mea
646 2739 855 2783 carminali]
881 2749 991 2782 supra
1014 2750 1049 2782 p.
1070 2742 1143 2773 188.
1161 2750 1212 2783 sq.
1232 2739 1406 2773 exhibita.

305 2800 389 2840 Pag.
409 2797 500 2834 250.

305 2857 324 2886 3
346 2862 419 2886 non
443 2863 510 2886 sem
510 2862 579 2895 1)ον
603 2852 729 2897 oleum]
756 2852 882 2886 Iuven.
901 2853 966 2886 sat.
985 2857 1015 2894 7,
1034 2862 1075 2887 99.
1097 2879 1117 2894 „
1129 2879 1137 2888 .
1151 2879 1158 2887 .
1177 2852 1275 2896 petit
1290 2852 1358 2886 hoc
1376 2851 1459 2895 plus
1475 2851 1654 2895 temporis
1671 2851 1783 2894 atque
1801 2849 1875 2883 olei
1897 2848 2013 2893 plus“.

393 2907 477 2941 Non
500 2908 665 2951 pertinet
685 2908 757 2942 huc
786 2908 1025 2951 proverbium
1048 2908 1190 2942 Erasmi
1220 2911 1371 2942 11.3772.
1422 2907 1521 2941 ‘Non
1553 2908 1609 2940 est
1638 2906 1760 2940 oleum
1789 2905 1828 2938 in
1852 2904 2012 2948 lecytho,

396 2962 524 2997 ἔλαιον
548 2960 617 2997 οὐκ
648 2962 794 2998 ἔνεστιν
823 2960 862 2998 ἒν
894 2966 944 2998 τῶ
975 2962 1149 3012 ληκύθῳ,
1181 2964 1218 2997 in
1249 2975 1321 3007 quo
1352 2963 1549 2998 verborum
1578 2961 1837 3003 similitudine,
1872 2958 2012 3002 ἔλαιον,

395 3018 534 3061 01011111,
561 3020 600 3053 et
624 3019 743 3062 ἕλεος,
774 3020 1041 3063 misericordia,
1068 3020 1227 3054 luditur.>
