2119 3522
753 213 925 237 CAESARIVS
950 227 958 236 0
972 227 981 236 .
995 227 1003 236 .
1028 213 1162 236 CAMPIS.
1715 195 1810 240 335

95 323 200 367 (Epp‚
215 324 262 356 II.
278 324 347 366 60.)
365 335 475 367 supra
492 336 525 367 p.
542 325 615 357 153.
633 325 852 367 indicatam,
878 336 949 368 qua
966 326 1225 359 Schelhornius
1249 337 1390 369 quoque
1408 325 1607 368 (Amoenitt.
1622 327 1686 361 XI.
1704 338 1737 369 p.
1758 328 1809 360 15.

94 380 190 422 sqq.)
215 381 308 413 bene
339 391 426 413 usus
459 385 514 414 est
546 391 725 423 quamque
758 382 866 413 nimio
899 392 1020 414 errore
1048 382 1086 418 C,
1104 382 1224 414 Krafft
1255 381 1594 425 (Ztsclzr.s'.preuss.
1615 383 1730 415 Geselz.
1748 394 1811 415 von

92 438 179 468 Paul
197 437 333 469 Hassel.
366 437 463 469 Berl.
485 438 581 469 1868.
600 448 633 478 p.
647 437 747 478 476.)
774 438 819 469 ad
834 438 1031 470 Lutherum
1057 439 1227 480 scriptam
1253 439 1413 480 putavit,
1439 449 1480 470 ex
1506 439 1590 471 edit.
1610 438 1726 481 Lugd.
1744 439 1811 471 Be-

90 493 183 534 ring,
199 492 246 527 II.
266 504 299 535 p.
315 494 390 525 778.
410 503 505 534 sqq.,
526 493 643 525 hanc:

91 548 270 588 „Amicus
294 549 423 580 amico.
471 548 646 588 Intellexi
670 548 737 582 hoc
760 560 883 590 mane,
911 549 1168 582 colendissime
1193 549 1316 583 Caesar
1342 548 1387 593 [l.
1408 549 1585 593 Caesarij,
1614 560 1722 592 quam
1747 561 1809 583 ne·

91 605 211 645 quiter
236 615 257 636 a
283 603 560 637 coloniensibus
584 604 773 646 Magistris
801 606 936 637 nostris
966 605 1155 638 traductus
1186 606 1318 646 fueris,
1351 616 1489 647 eorum,
1521 609 1562 638 ut
1591 611 1722 639 vocant
1746 608 1809 639 ba-

90 657 206 700 dello,
237 660 360 692 nescio
392 669 481 701 quas
514 658 673 692 bullatas
700 671 817 702 nugas
846 671 1038 703 metasque
1063 661 1325 703 sycophantias
1351 662 1644 696 circumferente.
1694 663 1809 695 Vehe-

89 718 229 747 menter
246 714 395 757 (fateor)
413 715 628 757 indignatus
647 725 724 748 sum
742 720 783 748 ut
803 717 866 757 qui
884 727 1024 748 omnem
1051 717 1145 749 hanc
1169 718 1340 760 iniuriam
1365 718 1453 749 mihi
1480 728 1702 750 communem
1728 729 1808 751 esse

91 771 309 803 existiment.
357 772 486 813 Itaque
519 771 565 803 ad
595 774 632 803 te
664 772 825 804 scribere
855 783 936 804 mox
963 772 1121 806 decrevi.
1163 772 1291 805 dubius
1318 776 1439 805 autem
1464 773 1808 806 lamentatoriamne

89 837 136 858 an
161 826 442 859 consolatoriam
467 827 660 868 epistolam
687 827 892 859 dictaturus
923 837 1056 869 essem,
1091 838 1244 868 cumque
1270 830 1365 861 inter
1389 829 1466 860 haec
1493 829 1681 870 paululum
1708 831 1807 871 cogi-

87 882 269 914 tabundus
294 882 521 923 haesitarem,
552 883 670 915 visum
703 889 758 915 est
786 883 881 915 hanc
911 883 979 915 tibi
1003 883 1146 915 illatam
1172 884 1341 916 iniuriam
1364 895 1435 916 non
1461 884 1536 916 ulla
1563 885 1807 927 condolentia,

87 948 160 969 non
177 937 252 970 ulla
270 939 382 971 etiam
402 938 670 980 consolatione,
690 938 754 971 sed
771 939 913 981 ingenti
932 939 1249 981 congratulatione
1269 940 1573 981 prosequendam,
1599 941 1693 980 Quid
1713 942 1807 972 enim

87 994 206 1035 potuit
229 995 297 1027 tibi
322 995 536 1037 contingere
563 994 743 1027 illustrius
769 1005 875 1036 quam
901 995 947 1027 ab
974 995 1047 1028 illis
1072 996 1295 1037 vituperari,
1329 996 1460 1037 quibus
1489 1007 1560 1028 non
1585 997 1657 1028 nisi
1682 997 1809 1039 optimi

86 1054 120 1081 et
144 1050 346 1082 doctissimi
370 1051 504 1092 quique
528 1061 671 1093 semper
688 1050 769 1083 odio
794 1051 912 1083 habiti
936 1053 1041 1084 sunt?
1068 1062 1217 1094 quorum
1244 1052 1387 1084 calculo
1413 1056 1449 1084 te
1474 1053 1704 1084 adnumerari
1727 1064 1808 1095 pro-

87 1106 185 1138 fecto
209 1117 281 1139 non
305 1106 498 1139 mediocris
523 1107 653 1149 gloria.
701 1106 791 1146 Quis
817 1107 911 1139 enim
936 1108 1081 1150 ignorat
1104 1108 1169 1140 hos
1196 1119 1275 1140 esse
1300 1108 1385 1140 illos
1402 1108 1600 1150 Magistros
1625 1109 1686 1150 qui
1704 1110 1808 1141 Ioan—

85 1171 167 1193 nem
193 1161 417 1204 Campanum
444 1160 785 1205 [Aesticampanum
816 1163 1050 1195 scribendum
1083 1174 1164 1196 esse
1191 1164 1298 1196 docet
1324 1175 1377 1207 ep.
1395 1165 1474 1198 VII.
1493 1165 1546 1196 26.
1572 1176 1615 1196 ex
1641 1175 1711 1206 qua
1736 1166 1805 1196 huc

85 1217 331 1260 pertinentem
347 1218 463 1250 locum
482 1218 645 1251 dedimus
663 1229 772 1262 supra
789 1219 827 1250 in
844 1217 1084 1262 Aesticamp.]
1096 1245 1104 1261 ,
1128 1220 1264 1262 insigni
1287 1220 1454 1252 doctrina
1474 1223 1511 1252 et
1527 1221 1661 1252 virtute
1679 1221 1806 1261 virum,

85 1273 220 1305 scholis
244 1273 498 1306 secluserunt?
523 1275 584 1316 qui
607 1275 756 1307 Petrum
778 1275 1049 1317 Ravennatem,
1076 1276 1350 1308 celeberrimum
1374 1277 1463 1308 iuris
1488 1276 1689 1317 doctorem,
1716 1277 1804 1309 urbe

85 1332 307 1372 exegerunt?
337 1330 399 1371 qui
422 1331 670 1363 Hermannum
696 1331 860 1363 comitem
885 1332 1127 1371 Nuenarium‚
1155 1331 1435 1364 eruditissimum
1460 1333 1595 1370 virum,
1626 1333 1804 1374 nequissi-

84 1387 152 1418 mis
178 1386 369 1418 calumniis
394 1386 431 1417 in
456 1389 559 1428 tergo
585 1386 861 1428 prosciderunt?
893 1388 953 1428 qui
978 1388 1169 1419 Erasmum
1195 1388 1492 1428 Roterodamum,
1523 1389 1639 1420 virum
1667 1392 1703 1420 et
1726 1389 1805 1420 vita

85 1445 122 1474 et
147 1442 315 1475 doctrina
340 1443 496 1474 omnium
523 1443 738 1484 exceptione
764 1443 955 1483 maiorem,
982 1444 1042 1485 qui
1059 1444 1232 1476 Iacobum
1250 1444 1409 1476 Fabrum
1429 1444 1703 1485 Stapulensem,
1730 1445 1806 1476 uni-

86 1508 165 1530 cum
190 1499 445 1541 peripateticae
468 1498 708 1541 philosophiae
732 1502 1001 1541 reparatorem,
1028 1500 1176 1541 insuper
1196 1500 1534 1532 mathematicarum
1552 1500 1805 1532 humanarum-

86 1564 153 1596 que
180 1564 475 1596 quarumcunque
502 1559 538 1587 et
564 1554 768 1587 divinarum
792 1555 981 1587 literarum
1008 1556 1307 1596 eruditissimum,
1342 1556 1418 1587 suis
1448 1556 1614 1588 sordibus
1640 1567 1807 1598 asperse-

84 1612 192 1642 runt?
232 1610 305 1642 Sed
331 1610 504 1644 adversus
520 1612 695 1644 Ioannem
715 1610 941 1654 Capnionem
957 1611 1201 1644 Phorcensem
1215 1637 1223 1653 ,
1250 1612 1544 1644 iurisconsultum
1565 1611 1806 1644 clarissimum

86 1670 123 1699 et
147 1677 362 1699 arcanarum
386 1666 576 1699 literarum
600 1668 859 1708 variarumque
884 1668 1091 1709 linguarum
1116 1669 1391 1710 peritissimum,
1417 1672 1490 1700 tam
1516 1669 1807 1710 pertinacissime

83 1726 308 1766 pugnarunt,
333 1723 450 1756 donec
475 1725 590 1756 omnis
617 1734 738 1756 eorum
763 1723 946 1766 doctrina,
973 1724 1078 1764 fides,
1107 1725 1224 1765 fama,
1255 1725 1434 1757 autoritas
1460 1724 1564 1756 simul
1590 1729 1805 1767 perpetuum

84 1780 317 1822 naufragium
336 1780 520 1821 fecerunt,
548 1790 628 1812 cum
646 1780 904 1822 vulgatissima
922 1791 987 1822 per
1003 1781 1214 1813 universum
1232 1781 1354 1813 orbem
1373 1791 1492 1813 eorum
1514 1781 1689 1821 inscitiae,
1707 1783 1807 1824 igno-

84 1837 224 1877 miniae,
254 1835 416 1878 perfidiae
449 1836 698 1878 falsitatisque
731 1836 886 1869 infamia
917 1837 1018 1869 facta
1051 1840 1116 1871 est.
1164 1837 1221 1868 En
1253 1840 1390 1878 quanta
1420 1847 1515 1868 nunc
1546 1837 1615 1868 tibi
1648 1838 1807 1870 accessit

85 1892 203 1934 gloria
229 1903 251 1924 a
276 1891 412 1924 talibus
437 1892 602 1925 hostibus
627 1892 762 1924 incurri
767 1917 863 1924 .....
889 1893 968 1925 Non
994 1896 1049 1925 est
1076 1903 1161 1935 ergo
1187 1893 1280 1934 quod
1305 1894 1523 1935 indigneris:
1549 1894 1580 1924 si
1604 1896 1640 1925 te
1664 1893 1806 1926 oderint

85 1948 325 1981 Colonienses
350 1948 521 1990 Magistri
545 1949 679 1989 nostri,
705 1949 786 1980 laus
813 1951 884 1987 est3
917 1949 948 1980 si
972 1953 1256 1991 persequuntur,
1289 1949 1405 1990 gloria
1432 1953 1504 1989 est3
1537 1949 1568 1980 si
1597 1949 1804 1990 detrahunt,

83 2004 221 2036 lucrum
248 2007 314 2037 est.
363 2005 443 2037 Non
469 2008 525 2036 est
550 2005 645 2045 quod
670 2005 816 2045 doleas,
849 2015 928 2037 cum
953 2005 1022 2037 hoc
1048 2015 1170 2037 eorum
1196 2005 1316 2037 odium
1341 2015 1414 2037 non
1439 2005 1522 2045 tibi,
1556 2005 1619 2036 sed
1644 2005 1718 2037 illis
1744 2005 1803 2037 de-

84 2061 207 2093 decori
232 2063 269 2092 et
293 2060 421 2092 damno
448 2061 514 2101 sit,
547 2061 608 2102 qui
634 2071 714 2092 cum
740 2064 822 2102 post
846 2071 953 2093 unam
980 2064 1016 2093 et
1042 2061 1194 2093 alteram
1219 2062 1402 2093 insaniam
1426 2062 1544 2093 indies
1569 2072 1683 2094 novas
1709 2063 1804 2094 exci-

83 2120 206 2149 tantes
231 2116 432 2158 tragoedias
457 2116 643 2158 graviores
670 2127 776 2158 quam
802 2117 897 2149 ferre
920 2120 1092 2159 possunt,
1119 2118 1273 2149 iniurias
1297 2117 1367 2149 sibi
1387 2118 1530 2149 faciunt
1546 2121 1804 2160 perpetuaeque

83 2172 292 2215 ignominiae
318 2171 535 2204 indelebiles
559 2175 664 2205 notas
694 2172 764 2204 sibi
789 2173 861 2214 ipsi
886 2174 1051 2215 inurunt,
1082 2173 1166 2206 illos
1196 2184 1283 2206 vero
1315 2183 1403 2214 quos
1428 2177 1712 2216 prosequuntur,
1747 2175 1804 2206 in-

84 2229 181 2270 signi
204 2227 371 2260 afficiunt
396 2228 514 2271 gloria
540 2238 584 2260 ac
608 2229 720 2271 digna
748 2228 953 2262 illustribus
985 2230 1158 2262 encomiis
1183 2230 1337 2262 victoria
1342 2253 1437 2262 .....
1469 2230 1524 2262 Ex
1549 2229 1689 2262 {edibus
1714 2231 1804 2262 meis

85 2283 246 2317 Coloniae
270 2287 375 2316 Anno
401 2285 497 2317 1520.

85 2395 271 2435 CAMPIS,
304 2395 610 2426 EBERHARDVS
640 2396 722 2435 DE,
755 2388 896 2426 doctus
926 2388 1230 2439 cucullatusque
1259 2388 1322 2426 vir
1342 2402 1375 2434 p.
1393 2386 1494 2424 288¹⁰
1515 2389 1621 2427 inter
1641 2389 1802 2427 Trithe*

83 2445 238 2483 mianos
259 2450 520 2492 memoratus,
555 2445 676 2483 etiam
697 2458 761 2495 ap.
784 2444 870 2483 Ioa.
892 2445 1206 2482 Piemontanum
1228 2446 1418 2492 occurrit,
1451 2446 1520 2496 qui
1547 2446 1589 2482 in
1610 2445 1697 2483 MS.
1719 2446 1802 2483 Au-

85 2502 210 2538 ctario
240 2501 480 2552 scriptorum
511 2501 819 2539 ecclesiasticor.
842 2501 912 2539 fol.
935 2498 1010 2539 86¹³
1031 2501 1115 2539 haec
1145 2501 1290 2539 habet:

86 2577 354 2619 „Eberhardus
384 2578 483 2620 prior
510 2578 721 2611 monasterii
750 2579 872 2610 sancti
901 2578 1040 2611 Mathie
1078 2589 1189 2621 prope
1222 2578 1391 2610 treuerim
1424 2578 1562 2610 ordinis
1592 2579 1710 2610 sancti
1734 2579 1803 2610 Be-

84 2633 218 2665 nedicti
242 2634 391 2665 natione
415 2635 624 2667 teutonicus
648 2636 770 2676 patria
796 2635 1002 2677 campensis
1028 2634 1262 2667 traiectensis
1293 2634 1449 2666 diocesis
1473 2635 1529 2666 vir
1554 2639 1652 2666 certe
1682 2635 1719 2665 in
1745 2645 1802 2666 sa-

85 2690 158 2721 cris
194 2690 385 2731 scripturis
414 2690 492 2731 iugi
524 2691 795 2723 exercitacione
829 2693 865 2722 et
897 2691 1018 2723 studio
1057 2691 1202 2733 egregie
1239 2690 1401 2722 eruditus
1439 2693 1475 2722 et
1505 2692 1543 2722 in
1575 2690 1803 2722 secularibus

83 2746 219 2778 litteris
248 2757 321 2778 non
351 2745 471 2778 infime
503 2746 631 2779 doctus
655 2747 802 2789 ingenio
828 2746 1011 2779 excellens
1036 2757 1202 2779 sermone
1229 2746 1450 2788 compositus
1476 2749 1588 2778 metro
1617 2746 1742 2779 valens
1768 2750 1804 2779 et

84 2812 193 2845 prosa
217 2803 355 2844 scripse
379 2803 446 2841 [sic]
468 2802 584 2834 fertur
610 2812 674 2844 pro
694 2801 931 2835 edificacione
955 2803 1106 2836 fratrum
1128 2802 1224 2845 apud
1248 2802 1437 2835 Tholeiam
1460 2801 1595 2845 [Tkolez'
1614 2813 1726 2845 prope
1751 2802 1801 2836 St.

91 2856 259 2902 Wenclel]
278 2859 340 2891 vbi
358 2858 537 2900 quondam
554 2858 720 2900 pluribus
738 2859 842 2891 annis
860 2859 991 2901 prioris
1008 2859 1121 2901 gessit
1144 2858 1303 2891 officium
1328 2859 1481 2900 quedam
1504 2869 1576 2891 non
1598 2859 1804 2901 spernenda

87 2915 300 2948 eruditionis
318 2925 382 2947 sue
401 2914 578 2957 opuscula
596 2914 724 2956 quibus
741 2915 952 2947 memoriam
969 2915 1026 2947 sui
1042 2925 1120 2948 cum
1137 2915 1243 2947 laude
1262 2915 1307 2947 ad
1324 2916 1578 2957 posteritatem
1601 2916 1803 2948 transmisit

85 2971 115 3002 E
142 2971 271 3013 quibus
298 2973 426 3003 extant
450 2971 660 3014 perpulchri
692 2970 836 3012 quidem
869 2981 958 3013 quos
983 2982 1081 3004 more
1105 2974 1271 3004 veterum
1296 2972 1581 3014 superuacaneis
1607 2972 1800 3014 allegatio-

85 3027 193 3060 nibus
217 3028 445 3070 incorruptos
473 3026 562 3071 [sic,
588 3031 671 3069 pecto
696 3038 775 3060 vero
801 3025 1045 3070 interruptos]
1074 3027 1338 3061 declamatorie
1370 3028 1416 3060 ad
1446 3028 1580 3062 fratres
1605 3028 1735 3060 habuit
