2119 3522
198 220 269 242 EPP.
283 216 325 243 55.
339 217 382 243 56.
407 220 599 243 SYLVESTER
617 220 753 243 GRICIVS
770 222 927 244 ORTVINO.
947 234 988 237 ——
1007 221 1198 244 GILBERTVS
1214 221 1448 243 PORRETONIVS
1464 221 1622 245 ORTVINO.
1733 204 1825 248 74¹.

112 278 198 319 Pag.
218 277 310 313 272.
1188 280 1275 321 Pag.
1289 280 1363 311 271.
1383 290 1413 311 v.
1426 287 1459 312 33
1476 304 1483 311 .
1498 304 1505 311 .
1521 304 1529 311 .
1546 280 1632 320 Pag.
1647 281 1722 311 274.
1742 291 1770 311 ν.
1785 288 1827 311 24.

113 335 154 365 32
178 331 261 374 fieri
283 330 468 375 inimicus]
500 331 675 365 missurus
700 334 752 366 eis
777 334 873 367 esset
897 333 1040 368 litteras
1072 333 1211 368 bellum
1242 333 1447 367 indicentes
1479 333 1755 376 (Fehdebrz'cf),
1788 334 1829 367 ut

202 398 297 421 anno
318 390 414 421 1522.
433 387 534 421 misit
550 387 662 421 Petro
678 387 841 431 Meyero.
879 388 923 422 cf.
941 389 1045 423 Hutt.
1065 389 1159 433 Opp.
1178 388 1222 421 II.
1241 400 1275 432 p.
1297 392 1370 422 114.
1389 400 1467 432 sqq.

112 446 155 476 33
179 446 369 485 amputare
391 453 522 477 nasum
546 446 577 476 et
601 443 720 487 aures]
745 442 885 477 Erasmi
904 444 949 478 ad
967 443 1116 479 Luther.
1135 455 1192 488 ep.
1210 444 1244 478 d.
1262 448 1293 478 8.
1312 443 1398 477 Mai.
1418 448 1513 478 1521.
1532 444 1650 486 (Hutt.
1669 444 1763 489 Opp.
1780 445 1825 479 ΙΙ.

200 510 236 541 p.
253 501 329 540 409,
348 508 390 532 32.
408 499 487 540 sqq.)
520 497 605 540 „De
631 498 709 532 vita
732 498 904 541 Hutteni⁷
998 527 1005 534 .
1029 500 1074 533 de
1099 499 1300 543 amputatis
1329 499 1502 534 auriculis
1527 499 1670 534 duobus
1694 501 1824 544 praedi-

203 553 404 595 camoribus,
436 580 442 587 .
465 580 471 586 .
500 553 636 587 invasis
660 553 778 588 tribus
803 554 999 589 abbatibus
1023 555 1060 589 in
1086 555 1147 590 via
1170 555 1321 600 publica
1345 582 1352 590 .
1372 582 1379 590 .
1402 583 1408 589 .
1432 555 1574 589 nullum
1598 555 1636 589 in
1662 555 1827 601 Spongia

199 609 354 643 verbum
379 608 530 643 fecerim
554 636 562 643 .
578 612 616 642 .“

111 666 197 708 Pag.
214 665 306 702 273.

113 724 127 754 1
154 721 268 755 abivit
293 746 300 754 .
319 746 326 754 .
351 720 401 754 acl
423 721 584 764 fiendum
610 722 743 766 doctor]
777 721 943 766 Epistola
967 723 1125 756 exeunte
1152 733 1183 756 a.
1203 726 1318 764 1515.‚
1345 733 1417 766 quo
1444 723 1610 767 tempore
1636 723 1823 758 Huttenus

197 776 334 810 iterum
358 775 396 809 in
421 775 568 810 Italiam
592 776 780 820 profectus
806 778 901 819 erat,
928 778 1066 822 scripta
1090 778 1254 822 fingitur.

108 836 127 867 3
153 831 196 866 de
211 831 323 876 Bock]
350 830 467 866 Curiae
484 831 724 876 Mogunffinae,
744 833 786 866 ut
802 833 961 875 videtur,
981 833 1168 867 officiales.
1194 834 1238 867 cf.
1258 833 1336 866 Ind.
1355 833 1471 878 biogr.
1491 846 1525 877 p.
1540 838 1616 868 314.
1631 835 1697 869 art.
1713 835 1824 869 Bock.

152 887 193 921 in
217 887 280 921 illo
304 897 406 922 sacro
429 888 526 932 actu]
559 887 863 931 praedicatoribus
896 888 1261 933 ignominiosissimo,
1286 888 1320 922 d.
1341 893 1391 923 13.
1411 888 1490 923 Oct.
1509 900 1539 923 a.
1557 894 1651 924 1513.
1670 890 1824 935 Mogun-

196 942 257 977 tiae
282 942 481 977 celebrato.
523 943 566 977 cf.
586 942 718 988 Consp.
736 944 898 979 chronol.
917 957 952 989 p.
973 948 1046 979 128.

106 1003 126 1033 8
151 999 315 1033 luserunt
340 1010 420 1033 cum
444 999 543 1044 talis]
570 999 614 1033 cf.
633 999 679 1034 ad
697 1001 786 1034 72²⁰.

105 1059 125 1090 9
149 1055 377 1100 Huttichius]
404 1056 467 1099 qui
494 1057 556 1089 ‘ex
573 1055 727 1100 antiquo
749 1056 832 1090 odio
850 1057 1062 1100 percussit‘,
1082 1056 1221 1090 bonum
1240 1055 1508 1090 Schlauraffum
1536 1059 1636 1092 ‘cum
1655 1059 1822 1092 scamno'

194 1122 229 1155 p.
248 1114 322 1145 203.
343 1124 371 1144 v.
393 1120 448 1145 164.
474 1111 518 1145 cf.
536 1111 614 1145 Ind.
633 1111 749 1157 biogr.
767 1123 802 1156 p.
821 1115 896 1147 398.
914 1113 981 1146 art.
999 1112 1222 1146 Huttichius.

107 1171 147 1201 10
176 1166 392 1212 chdmcm]
418 1167 631 1202 Basiliensis
647 1167 851 1212 Moguntiae
869 1167 1022 1210 docens,
1049 1167 1112 1211 qui
1131 1166 1358 1202 Schlauraffo
1376 1181 1543 1213 pugnum
1562 1169 1676 1204 dedit.
1694 1182 1728 1213 p.
1747 1174 1822 1204 203.

195 1236 225 1256 v.
244 1232 302 1257 165.
343 1223 387 1257 cf.
407 1223 485 1257 Ind.
502 1223 620 1268 biogr.
637 1235 672 1267 p.
691 1227 765 1258 502.
784 1224 851 1257 art.
869 1223 1116 1267 chdmann.

106 1282 146 1313 12
170 1278 393 1324 Eucharius]
421 1278 645 1314 Gallinarius
663 1279 739 1314 sive
758 1278 977 1314 Germanice
996 1279 1147 1314 Henneo·
1164 1280 1240 1314 sive
1255 1280 1414 1316 Hancr?
1439 1282 1482 1315 cf.
1501 1281 1589 1315 ibid.
1608 1293 1643 1325 p.
1661 1284 1736 1315 366.
1755 1282 1824 1315 art.

193 1334 405 1368 Eucharius.

105 1395 144 1425 13
172 1390 407 1435 Garbaehius]
433 1390 635 1436 Moguntiae
661 1390 796 1425 docens
822 1392 859 1425 et
883 1391 920 1424 in
946 1391 1094 1425 officina
1109 1391 1369 1426 Schaefferiana
1387 1393 1583 1435 corrector,
1609 1393 1699 1427 item
1718 1392 1821 1427 Anti-

192 1446 510 1481 schlauraffianus:
536 1459 571 1491 p.
590 1451 665 1481 203.
684 1459 712 1480 v.
732 1456 790 1480 1132.
816 1446 860 1480 cf.
879 1446 957 1480 Ind.
975 1446 1092 1491 biogr.
1111 1459 1145 1491 p.
1165 1452 1239 1482 338.
1261 1449 1328 1485 art.
1347 1448 1524 1483 Carbach.

103 1507 143 1537 19
168 1502 379 1537 Adularius
402 1501 568 1548 Schwan]
596 1502 769 1537 Ceterum
794 1513 867 1537 non
892 1503 1000 1537 notus
1041 1502 1084 1536 cf.
1103 1502 1192 1537 ibid.
1210 1515 1244 1547 p.
1263 1507 1338 1537 466.
1358 1505 1424 1538 art.
1444 1503 1611 1538 Schwan.

101 1563 143 1593 22
168 1559 390 1603 concludere]
417 1558 461 1592 cf.
480 1558 526 1592 ad
546 1559 643 1592 242⁴.

101 1620 143 1650 23
168 1615 283 1649 Henr.
301 1614 404 1659 Han]
431 1614 537 1648 Hunc
563 1615 653 1648 alibi
678 1615 873 1649 canentem
899 1625 972 1649 non
998 1615 1134 1649 audivi.
1172 1615 1215 1649 cf.
1234 1615 1312 1650 Ind.
1330 1615 1449 1660 biogr.
1465 1628 1499 1660 p.
1519 1619 1594 1651 388.
1618 1617 1685 1650 art.
1704 1616 1797 1654 Han,

101 1676 143 1706 30
169 1671 429 1715 Falckenbeiy]
459 1671 503 1704 cf.
520 1670 608 1704 ibid.
627 1682 661 1714 p.
681 1674 756 1705 369.
776 1670 872 1705 1111110
890 1672 957 1705 art.
977 1672 1015 1705 et
1031 1682 1142 1715 supra
1159 1671 1186 1705 1.
1205 1683 1261 1716 ep.
1280 1675 1333 1706 44.

100 1732 142 1763 37
173 1727 381 1772 lViqcmdus
405 1727 449 1761 (lc
473 1726 610 1771 Sozmss]
638 1727 681 1761 cf.
700 1727 787 1761 ibid.
806 1739 840 1771 p.
859 1731 934 1762 473.
954 1728 1020 1762 art.
1040 1727 1169 1762 Solius.

102 1787 186 1827 Pag.
204 1784 296 1821 274.
762 1804 1162 1808 —-—————

103 1845 117 1874 1
145 1839 391 1883 Huttz'chium]
418 1839 462 1873 cf.
480 1840 647 1883 proxime
674 1851 751 1883 sup.
770 1850 863 1873 vers.
882 1843 914 1875 9.

100 1903 119 1931 3
150 1895 382 1940 Wernherus]
413 1895 456 1929 cf.
474 1895 552 1933 Ind,
571 1895 687 1939 biogr.
706 1907 741 1939 p.
760 1899 834 1930 499.
854 1906 905 1939 sq.
924 1895 958 1929 11.
977 1896 1043 1929 art.

145 1952 294 1987 Swnma
320 1951 473 1996 Thomce]
500 1951 543 1986 cf.
562 1952 650 1986 ibid.
668 1964 702 1996 p.
720 1954 796 1986 483.
815 1963 867 1995 sq.
886 1952 953 1985 art.
972 1951 1131 1985 Thomas
1156 1951 1224 1994 Aq.

99 2014 118 2043 4
143 2009 384 2051 formalitatcs
409 2007 519 2051 Scotzss]
546 2008 590 2041 cf.
608 2008 696 2042 ibid.
715 2020 750 2052 p.
768 2012 843 2042 466.
863 2008 929 2041 art.
951 2006 1095 2048 Scotus,
1122 2006 1234 2041 Duns.

98 2068 118 2099 6
142 2064 301 2109 siozgyulis
323 2064 555 2108 septimanis]
588 2063 680 2098 Stilo
707 2063 955 2098 Obscurorum
987 2063 1104 2107 magis
1134 2062 1351 2097 conveniret
1384 2062 1572 2096 ‘omnibus
1601 2062 1818 2107 septimanis

189 2120 334 2162 semel’,
361 2120 432 2154 alle
461 2120 590 2155 lVochc
616 2120 759 2154 cinmal.

98 2181 118 2212 8
143 2176 414 2220 Βαννΐῖιοῖοφηωί]
440 2176 641 2210 Zehender.
682 2176 726 2210 cf.
745 2176 822 2209 Ind.
841 2176 957 2220 biogr.
976 2187 1010 2220 p.
1029 2179 1103 2209 512.
1122 2186 1173 2218 sq.
1192 2175 1225 2208 h.
1245 2176 1312 2209 art.

98 2238 118 2268 9
141 2236 331 2277 opponunt
356 2244 382 2266 s.
402 2233 475 2276 etc]
501 2231 673 2266 Formam
698 2232 881 2266 iudiciarii
905 2242 1096 2276 processus
1121 2231 1335 2273 observant,
1363 2231 1405 2264 ut
1428 2230 1539 2264 moris
1564 2232 1620 2265 est
1643 2231 1680 2264 in
1705 2242 1816 2276 nego-

188 2289 249 2323 tiis
274 2288 383 2323 curiae
409 2288 594 2322 Romanae.
622 2299 745 2330 „unus
771 2288 834 2331 qui
858 2288 963 2321 tenet
987 2287 1179 2331 opiniones
1204 2286 1416 2320 110110111111ιι
1449 2288 1505 2320 est
1531 2287 1635 2330 quasi
1661 2286 1816 2321 advoca-

187 2346 247 2379 tus
277 2344 433 2386 diaboli,
466 2345 594 2378 contra
626 2354 737 2388 quem
769 2344 848 2385 alii,
880 2343 902 2377 i.
922 2354 951 2377 e.
970 2342 1102 2386 reliqui
1133 2342 1222 2376 socii
1253 2341 1370 2376 sancti
1399 2341 1648 2386 praedicatorii
1679 2342 1816 2376 ordinis

187 2401 313 2446 partes
337 2401 469 2435 tenent
493 2400 797 2443 zelosissimisque
824 2400 897 2433 suis
922 2398 1097 2433 fratribus
1122 2398 1353 2442 triumphum
1378 2398 1593 2432 decernunt.

327 2489 562 2525 EPISTOLA
586 2491 650 2528 56.
693 2488 962 2524 GILBERTVS
986 2487 1329 2523 PORRETONIVS
1355 2486 1584 2522 ORTVINO.

101 2573 141 2604 15
166 2569 420 2614 Poro-emmas]
446 2569 592 2603 Nomen
618 2568 773 2603 celebris
792 2567 955 2611 episcopi
972 2566 1215 2600 Pictaviensis
1241 2567 1287 2609 (a.
1307 2566 1552 2608 1141...1145.)
1578 2565 1637 2599 hic
1655 2566 1819 2600 adsumit

187 2625 385 2659 Huttenus.
417 2625 460 2659 cf.
480 2626 546 2659 art.
565 2623 812 2658 Porretonius.
861 2622 948 2656 Haec
974 2622 1132 2666 epistola
1162 2621 1266 2665 quasi
1298 2633 1381 2655 cum
1414 2620 1682 2665 Dollenkopffii
1711 2621 1739 2656 Ι.
1763 2626 1816 2656 28.

188 2682 330 2716 certare
356 2681 531 2716 videtur:
550 2681 592 2714 ut
615 2680 693 2714 haec
720 2679 773 2712 ‘in
798 2678 974 2722 poetria'‚
1001 2679 1055 2712 ita
1075 2677 1344 2712 Porretoniana
1369 2677 1424 2710 ‘in
1449 2676 1628 2711 iuristria’
1655 2677 1815 2712 excellit.

101 2742 139 2772 19
164 2738 408 2781 oppiniouem]
436 2736 600 2780 Opinari‚
627 2734 752 2779 opinio
779 2735 846 2768 etc.
873 2744 969 2777 saepe
998 2733 1141 2767 duabus
1166 2745 1189 2776 p
1216 2732 1428 2766 scribebant
1452 2731 1574 2766 medio
1601 2744 1689 2767 aevo.

96 2798 139 2828 23
164 2793 332 2836 termini]
361 2793 382 2826 i.
404 2803 433 2826 e.
453 2792 541 2825 artis
566 2790 765 2831 vocabula,
792 2789 1131 2824 Kunstausdracke.
1180 2787 1405 2830 „Terminus
1431 2788 1487 2822 est
1509 2799 1580 2822 vox
1605 2788 1815 2833 significans

186 2848 395 2882 universale
422 2847 481 2881 vel
505 2846 730 2891 particulare
757 2872 764 2880 .
784 2848 821 2879 .“
846 2845 944 2879 Petr.
963 2845 1065 2889 Hisp.
1086 2855 1144 2889 ap.
1161 2844 1308 2878 Prantl.
1330 2844 1452 2879 Gesch.
1471 2844 1504 2878 d.
1524 2844 1612 2889 Loy.
1630 2845 1693 2881 III.
1711 2857 1746 2890 p.
1761 2849 1813 2880 51.

187 2905 263 2938 not.
284 2907 358 2938 199.
384 2903 427 2937 cf.
445 2903 534 2937 ibid.
553 2902 700 2947 passim.

141 2960 365 3004 sigynificant]
392 2959 414 2993 i.
434 2970 463 2993 e.
481 2958 700 3003 significent.

97 3019 140 3050 24
163 3015 337 3060 iuristici]
364 3015 415 3050 Ut
438 3025 503 3049 nos
528 3013 683 3049 dicimus
697 3014 928 3058 juristischc,
953 3013 1219 3048 kanonistisehe
1244 3013 1282 3047 et
1306 3012 1449 3047 similia.
1497 3012 1570 3046 Vix
1594 3012 1714 3046 minus
1732 3012 1812 3047 bar-
