2119 3522
262 215 357 260 506
758 227 863 250 mons
889 224 1141 248 BioGRArfflcvs
1165 223 1207 245 Er
1231 222 1473 246 ouonAsvas.

261 343 537 384 christophorus
567 340 733 383 promissi
765 350 818 370 me
851 337 1145 377 commonefacit,
1183 336 1316 368 litteris
1346 338 1471 376 vocat,
1513 337 1633 368 omnia
1664 336 1709 368 ad
1740 337 1970 369 solitudinem

261 410 340 431 esse
364 402 494 440 parata
519 396 659 428 scribit.
715 394 956 434 Argentinam
981 393 1074 424 vado
1098 416 1105 423 .
1121 416 1128 424 .
1144 417 1151 424 .
1179 401 1330 432 cumque
1356 390 1452 433 apud
1476 391 1527 425 10.
1545 392 1860 435 Keiserspergium
1885 403 1971 435 pau-

261 454 312 485 cis
343 453 469 485 diebus
500 451 769 489 delitescerem,
803 449 930 481 scribit
960 449 1101 490 utrique
1132 450 1295 480 nostrum
1327 447 1624 489 Christophorus,
1660 458 1698 479 se
1729 448 1973 481 Basiliensem

259 510 469 551 episcopum
507 517 586 540 esse
623 506 869 547 designatum,
907 515 981 544 me,
1020 507 1059 534 ut
1096 503 1141 535 ad
1172 513 1211 535 se
1243 504 1455 544 ascendam,
1493 503 1727 535 vehementer
1763 504 1970 539 exhortans,

258 564 552 604 Keiserspergius
646 572 701 593 me
727 561 910 601 obsecrat,
936 564 976 591 ut
992 560 1202 602 Argentinae
1228 568 1390 590 maneam
1411 583 1418 590 .
1434 584 1440 590 .
1456 584 1464 591 .
1484 559 1595 591 facile
1620 560 1722 600 potui
1747 570 1873 601 gerere
1899 571 1971 591 mo-

259 631 332 651 rem
360 619 550 651 carissimo
582 617 870 659 praeceptori
900 616 1026 648 Multis
1051 619 1178 657 postea
1203 614 1456 655 Christophori
1488 615 1654 656 praesulis
1685 615 1818 646 litteris
1850 625 1971 647 accer-

257 676 348 706 situs
379 674 561 706 Basileam
595 672 751 704 ascendo
786 671 908 713 [circa
932 672 1023 705 med.
1044 682 1076 703 a.
1096 669 1215 712 1503.]
1249 673 1459 712 statutaque
1499 670 1713 711 synodalia⁹
1749 695 1756 702 .
1783 695 1791 703 .
1826 671 1969 713 colligo.

260 731 397 770 Quibus
428 730 489 761 vix
519 728 631 760 finitis
663 731 915 770 procuratores
941 728 1012 759 mei
1039 738 1082 759 ex
1106 727 1349 768 Argentorato
1374 726 1554 766 scribunt,
1587 736 1643 757 me
1668 737 1712 758 ex
1738 727 1858 768 gratia
1885 737 1970 768 apo-

258 786 386 818 stolica
405 784 463 826 (de
491 785 593 817 cuius
619 784 788 816 efficacia
813 785 884 815 iam
912 783 1043 814 dudum
1069 781 1364 824 desperaveram)
1383 782 1666 814 summissariam
1689 783 1869 823 quandam
1887 782 1972 815 ade-

258 844 357 883 ptum
384 851 474 874 esse.
523 840 731 879 Descendo,
765 840 910 871 chorum
935 839 1063 877 visito,
1096 839 1222 880 paucis
1247 840 1366 869 tamen
1392 838 1530 870 diebus.
1556 838 1752 870 communis
1778 839 1872 870 enim
1898 848 1969 870 om-

258 899 355 929 nium
393 897 491 928 fama
526 896 677 928 volabat
713 896 886 927 Ioannem
918 893 1202 926 Burchardum¹⁰
1233 894 1391 925 eiusdem
1426 893 1590 926 ecclesiae
1626 894 1820 932 decanum,
1857 894 1895 925 in
1927 904 1970 926 ea

258 952 452 995 praebenda
483 952 640 993 quietem
671 954 707 982 et
741 961 866 992 pacem
900 950 987 981 mihi
1019 960 1249 991 nequaquam
1280 959 1545 982 concessurum.
1579 959 1711 980 memor
1743 950 1859 981 adhuc
1891 961 1969 991 ego,

258 1008 345 1050 quid
369 1007 682 1050 praestantissimis
708 1007 804 1038 ICtis
829 1006 958 1038 Ioanni
983 1005 1114 1037 Simler
1145 1016 1188 1036 ac
1214 1005 1432 1046 Hieronymo
1458 1004 1687 1046 lVeiblinger
1717 1005 1762 1036 ab
1794 1006 1865 1037 isto
1896 1006 1971 1037 viro

260 1064 491 1106 contigisset,
517 1062 623 1094 simul
649 1063 742 1094 enim
770 1061 806 1103 [‘?
822 1060 953 1102 etiam]
975 1072 996 1092 a
1014 1061 1148 1092 Ioanne
1168 1060 1341 1092 Schutzio
1366 1060 1576 1092 fidelissimo
1601 1070 1680 1091 meo
1707 1063 1834 1093 contra
1859 1061 1971 1092 bonos

258 1120 542 1161 Augustinianos
569 1118 760 1149 defensore
786 1117 1037 1159 praemonitus,
1065 1119 1193 1157 sponte
1221 1116 1390 1158 templum
1418 1126 1526 1156 exeo,
1551 1116 1736 1157 patienter
1763 1116 1851 1148 cedo
1876 1117 1970 1148 iniu-

258 1177 338 1214 riae,
370 1174 565 1206 vindictam
598 1174 730 1205 divinae
764 1183 925 1205 censurae
957 1170 1171 1212 relinquo¹¹.
1228 1171 1353 1202 Ortum
1385 1172 1456 1203 fuit
1489 1182 1530 1203 eo
1562 1176 1724 1213 tempore
1755 1171 1971 1204 Bavaricum

257 1230 393 1262 bellum
418 1229 684 1270 timebaturque
701 1228 1027 1270 Heidelbergensis
1052 1227 1191 1259 obsidio
1212 1226 1347 1269 [medio
1373 1227 1447 1259 fere
1466 1238 1497 1259 a.
1519 1225 1632 1268 1504]
1655 1251 1662 1259 .
1678 1252 1707 1260 ..
1739 1228 1971 1260 Revocantur

259 1285 390 1327 ephebi
418 1284 569 1327 [Sturmi
594 1285 773 1327 Paulique
798 1283 899 1326 filii],
929 1285 990 1325 qui
1016 1295 1059 1316 ne
1086 1284 1159 1315 otio
1186 1287 1249 1314 aut
1274 1283 1429 1314 lascivia
1455 1283 1632 1325 perirent,
1664 1293 1730 1325 ego
1755 1283 1834 1325 ipse
1858 1293 1918 1316 eos
1936 1309 1943 1316 .
1960 1309 1968 1316 .

258 1342 477 1383 Friburgum
510 1340 679 1372 adduco“
710 1339 880 1382 [ineunte
905 1351 1000 1371 anno
1027 1341 1125 1372 1508.
1175 1339 1230 1370 Ibi
1263 1338 1350 1371 duos
1383 1339 1459 1371 fere
1493 1349 1605 1371 annos
1631 1339 1764 1371 mansit
1788 1339 1970 1381 Wimphe-

258 1397 408 1438 lingius,
442 1400 516 1428 tum
542 1396 775 1438 Argentorati
806 1397 953 1428 ineunte
981 1407 1012 1427 a.
1033 1397 1129 1427 1510.
1150 1398 1317 1436 rogatus,
1350 1398 1389 1426 ut
1420 1395 1595 1427 nobilium
1629 1395 1849 1437 quorundam
1876 1395 1970 1427 filios

257 1452 459 1485 adduceret
484 1452 782 1493 Heidelbergam,
813 1452 924 1492 unde,
951 1452 1047 1482 ‘cum
1073 1451 1117 1482 ad
1142 1451 1378 1491 hyemandum
1403 1451 1455 1482 ibi
1481 1461 1518 1482 se
1547 1449 1741 1492 aptasset',
1776 1462 1797 1482 a
1822 1450 1969 1483 Caesare

257 1519 320 1550 per
344 1509 488 1541 litteras
504 1508 739 1550 Ueberlingae
764 1508 797 1541 d.
817 1510 869 1540 18.
889 1508 986 1549 Sept.
1005 1518 1037 1539 a.
1059 1508 1155 1539 1510.
1174 1506 1279 1538 datas
1298 1507 1577 1548 Argentoratum
1604 1510 1778 1539 evocatus
1806 1509 1878 1546 est,
1908 1507 1969 1538 ubi

258 1564 302 1596 de
327 1565 514 1596 sanctione
540 1565 769 1606 pragmatica
795 1563 1134 1606 gravaminibusque
1152 1561 1379 1594 Germanicae
1404 1563 1564 1594 nationis
1590 1561 1764 1604 scripsit.]
1815 1562 1944 1602 Quo..
1960 1589 1967 1595 .

256 1620 432 1662 completo
458 1620 671 1652 Basiliensis
698 1621 851 1652 antistes
871 1645 877 1651 .
894 1644 900 1651 .
919 1620 1048 1650 literas
1074 1618 1201 1659 mittit,
1223 1642 1230 1649 .
1246 1642 1253 1649 .
1272 1620 1312 1649 ut
1336 1618 1374 1649 in
1400 1618 1563 1649 coenobio
1584 1643 1613 1649 ..
1634 1617 1970 1650 sanctimonialibus

257 1676 410 1718 praesim.
458 1676 659 1718 Argentina
683 1677 807 1717 itaque
835 1675 979 1706 deserta
1000 1699 1029 1707 ..
1049 1674 1142 1706 hunc
1166 1674 1280 1706 locum
1302 1698 1331 1706 ..
1352 1674 1490 1705 accessi
1509 1698 1517 1706 .
1533 1672 1594 1706 ..“
1648 1674 1756 1705 Hanc
1780 1683 1883 1705 suam
1909 1684 1970 1705 ex—

256 1732 511 1774 purgationem
534 1731 838 1774 lVimphelingius
863 1741 904 1762 ex
930 1741 1049 1763 sorore
1075 1730 1200 1772 nepoti
1223 1729 1410 1772 Spiegelio
1435 1729 1742 1761 disseminandam
1768 1730 1866 1761 misit
1890 1740 1969 1761 cum

258 1787 432 1829 epistula,
459 1787 546 1819 data
576 1796 651 1828 „ex
675 1788 820 1819 heremo
846 1786 920 1820 kal.
938 1788 1029 1820 Nov.
1048 1785 1171 1818 151-2.“

257 1856 500 1894 Societatem
529 1856 766 1894 litterariam
780 1855 1127 1906 Argentiucnsem
1158 1855 1341 1893 condidit
1357 1853 1748 1906 Wimphelingiusffl,
1780 1855 1968 1906 idemque

256 1912 437 1950 sodalitii
468 1912 791 1959 Sletstadiensis,
825 1912 938 1950 cuius
969 1912 1098 1949 socios
1129 1909 1287 1961 supra¹3
1317 1912 1623 1958 nominavimus,
1660 1912 1799 1962 ‘caput
1830 1924 1876 1948 ac
1906 1925 1965 1949 or-

256 1971 507 2006 namentum’
541 1969 687 2006 dicitur
717 1982 739 2006 a
761 1968 966 2019 Spiegelio
998 1968 1040 2005 in
1073 1981 1135 2018 ep.
1160 1967 1379 2006 Selestadii
1409 1967 1503 2006 data
1525 1968 1599 2005 cal.
1621 1967 1717 2005 Mai.
1741 1982 1777 2005 a.
1802 1965 1965 2007 152024.

255 2025 335 2062 Per
364 2025 547 2063 ultimum
577 2026 669 2062 vitae
702 2024 944 2062 decennium
974 2024 1141 2061 multum
1173 2024 1266 2061 olim
1296 2025 1467 2061 iactatus
1488 2025 1551 2061 vir
1580 2024 1622 2061 in
1653 2024 1782 2074 patrio
1815 2023 1966 2074 oppido

253 2081 422 2128 resedit,
463 2081 531 2119 ubi
563 2082 647 2119 fere
685 2081 967 2131 octogenarius
1001 2080 1189 2126 decessit,
1232 2086 1276 2117 ut
1306 2086 1451 2131 praeter
1481 2080 1561 2118 alia
1592 2080 1644 2117 ad
1675 2093 1757 2117 rem
1789 2085 1967 2118 nostram

256 2138 417 2187 egregie
457 2137 650 2175 facientia
679 2137 870 2175 Erasmus
910 2137 953 2174 in
985 2137 1101 2188 epist.
1125 2136 1177 2174 ad
1207 2136 1293 2174 Ioa.
1316 2136 1554 2175 Vlattcnum
1586 2136 1680 2174 data
1709 2136 1834 2174 Basil.
1857 2149 1965 2174 nono

346 2308 380 2349 9)
401 2309 497 2340 edita
514 2308 628 2343 Basil.
645 2319 673 2342 s.
693 2319 724 2342 a.
742 2309 820 2344 f010.
868 2308 1042 2350 Riegger,
1060 2307 1243 2340 Amoenitt.
1269 2308 1435 2350 Friburg.
1453 2319 1485 2350 p.
1504 2309 1579 2341 230.
1597 2318 1673 2350 sqq.
1769 2307 1822 2348 10)
1843 2308 1889 2343 cf.
1909 2318 1965 2340 su—

346 2374 410 2405 pra
426 2374 461 2405 p.
478 2365 553 2396 401.
571 2367 639 2395 art.
656 2364 778 2405 Iesus,
797 2364 932 2396 doctor.
1025 2361 1080 2406 11)
1105 2364 1158 2395 De
1187 2364 1311 2396 eadem
1339 2374 1376 2396 re
1395 2364 1701 2406 Wimphelingius
1725 2364 1761 2394 in
1787 2374 1963 2407 expurga—

344 2419 442 2451 tione
468 2422 594 2452 contra
611 2420 738 2452 Franc.
757 2420 945 2452 Schatzer.
965 2430 996 2452 a.
1017 2421 1113 2453 1506.
1132 2418 1178 2454 4⁰,
1197 2419 1294 2451 edita
1313 2417 1386 2461 (ap.
1404 2420 1574 2462 Riegger.
1592 2420 1772 2452 Amoenitt.
1797 2420 1965 2462 Friburg.

343 2486 376 2516 p.
394 2473 485 2516 282.)
511 2499 549 2515 „.
565 2499 573 2509 .
598 2475 792 2507 curialibus
818 2476 959 2507 interea
984 2474 1218 2507 familiariter
1243 2475 1379 2507 adhaesi
1405 2478 1441 2507 et
1466 2475 1559 2508 bene
1584 2475 1698 2508 volui:
1725 2476 1810 2518 quin
1837 2479 1872 2508 et
1898 2486 1964 2518 ego

343 2531 422 2572 ipse
448 2531 538 2563 duas
558 2532 697 2573 gratias
717 2532 968 2573 expectativas
987 2530 1052 2562 sub
1071 2530 1209 2563 duobus
1228 2532 1374 2564 summis
1391 2531 1625 2573 pontificibus
1643 2532 1856 2575 impetravi,
1880 2532 1964 2565 licet

344 2587 488 2619 steriles
514 2591 549 2620 et
573 2588 714 2628 inanes,
744 2591 891 2630 propter
915 2591 1170 2629 praesumptum
1197 2587 1381 2619 cuiusdam
1407 2588 1449 2621 N.
1469 2587 1514 2619 ad
1540 2588 1821 2620 summissariam
1848 2587 1963 2629 (cuius

344 2643 612 2684 possessionem
644 2643 804 2686 obtinui)
837 2654 1057 2685 regressum,
1095 2646 1158 2674 aut
1190 2647 1338 2685 propter
1372 2644 1613 2685 subtilitates,
1652 2644 1821 2685 qualibus
1853 2645 1962 2677 etiam

345 2703 431 2731 ante
462 2710 516 2731 me
542 2700 593 2731 Io.
613 2699 752 2741 Symler
782 2700 901 2731 victus
936 2704 1006 2739 est,
1038 2698 1122 2731 tulit
1153 2699 1213 2731 ille
1239 2699 1417 2740 modeste,
1452 2703 1487 2731 et
1520 2711 1586 2742 ego
1619 2700 1745 2734 feram.
1796 2700 1866 2732 Sed
1894 2700 1961 2732 hoc

343 2754 402 2785 vix
436 2755 622 2786 ferendum
655 2766 734 2787 esse
766 2755 925 2796 videtur,
959 2756 1051 2796 quod
1081 2766 1197 2797 neque
1229 2756 1424 2797 praebenda
1455 2757 1491 2787 111
1523 2756 1681 2788 ecclesia
1707 2756 1963 2798 Argentinensi

343 2809 578 2843 saluberrimo
609 2812 881 2852 praedicationis
912 2811 1033 2843 officio
1067 2810 1233 2852 annexa,
1266 2815 1344 2843 tuta
1377 2822 1455 2844 esse
1486 2815 1623 2854 potest,
1663 2813 1749 2853 quin
1781 2822 1861 2844 eam
1890 2822 1961 2844 non

343 2864 433 2895 nulli
458 2870 539 2906 post
565 2867 723 2898 moderni
755 2869 831 2899 eius
858 2868 1077 2909 possessoris
1106 2868 1258 2908 obitum,
1292 2869 1415 2909 vigore
1447 2868 1651 2899 litterarum
1681 2868 1959 2909 apostolicarum

344 2930 381 2951 se
408 2921 548 2952 iactent
574 2926 827 2964 acceptaturos
847 2949 853 2955 .
870 2948 876 2955 .
892 2923 931 2956 .“
1042 2922 1097 2966 12)
1125 2924 1170 2955 cf.
1192 2934 1301 2965 supra
1326 2935 1357 2965 p.
1378 2926 1454 2959 403,
1474 2928 1538 2957 art,
1559 2923 1743 2955 Kirherus.
1790 2923 1959 2965 Riegger.

343 2975 526 3008 Amoenitt.
543 2977 707 3020 Friburg.
726 2989 760 3020 p.
774 2980 850 3013 427.
945 2977 1000 3022 13)
1019 2989 1052 3021 p.
1067 2980 1143 3011 464.
1163 2983 1228 3014 art.
1248 2980 1414 3021 Sapidus.
1507 2978 1562 3022 14)
1582 2990 1638 3021 ap.
1658 2979 1825 3020 Riegger.
1845 2978 1960 3010 Amoe-

342 3031 423 3063 nitt.
446 3031 613 3074 Friburg.
631 3044 663 3074 p.
682 3035 873 3067 534...538.
