2119 3522
732 182 931 206 WEYDMANN
956 198 963 206 .
979 198 987 207 .
1001 197 1008 206 .
1035 182 1272 207 WIMPHELING.
1764 165 1860 212 503

142 299 380 337 Monastcrii
418 298 708 336 Westfalorum
747 311 796 336 ex
833 298 1004 348 patricia
1041 299 1196 337 familia
1237 298 1305 336 ‘de
1344 298 1502 345 Wich’,
1545 299 1742 336 nescimus
1782 312 1860 349 quo

143 369 264 402 anno,
300 360 419 392 natus
451 359 523 392 est.
582 353 712 391 Dum²
742 353 977 391 Hochstrati
1009 368 1054 392 ac
1075 355 1294 393 Reuchlini
1326 368 1446 393 causa
1476 355 1612 392 Romae
1642 355 1860 393 ventilare-

142 417 224 458 tur,
270 411 340 448 ubi
379 410 648 461 patrocinium
686 409 904 447 Reuchlini
943 412 1138 461 suscepit,
1187 417 1225 448 et
1264 411 1388 461 ipsius
1434 412 1634 448 actionem
1674 411 1860 449 defendit

141 467 307 504 Buschii
337 468 508 512 amicus,
542 466 696 502 Doctor
724 465 758 503 I.
779 465 828 503 V.
851 465 1027 503 Ioannes
1059 479 1082 503 a
1103 466 1223 504 Wiek
1258 466 1343 517 (qui
1374 474 1515 517 postea
1546 480 1580 504 a.
1607 467 1711 504 dom.
1737 468 1858 505 1533.

141 523 184 560 in
201 523 462 569 Vastennow,
496 528 540 559 ut
570 526 730 558 sanctus
762 527 924 572 martyr,
958 523 1174 572 tyrannice
1206 529 1265 560 est
1297 523 1447 560 occisus
1479 537 1502 560 a
1534 522 1752 560 Canonicis
1772 523 1858 561 Mo-

142 579 477 624 nasteriensibus,
511 583 728 628 propterea
750 577 859 627 quod
881 577 938 614 ibi
959 579 1223 627 promovisset
1247 579 1452 628 evangelii
1476 578 1715 628 doctrinam)
1750 579 1859 617 cadit

141 648 261 672 causa
291 634 600 672 Hochstratus“.
643 632 808 683 Quanta
828 633 1008 671 sollertia
1038 634 1198 684 fideque
1221 634 1438 672 Reuchlini
1468 641 1704 685 procurator
1725 636 1857 673 officio

139 704 210 728 suo
249 691 411 728 functus
449 691 500 727 sit
540 696 579 727 et
616 689 781 727 aliunde
821 695 980 727 constat
1017 695 1056 727 et
1096 691 1296 740 praecipue
1327 688 1483 736 112632ι
1517 697 1556 728 et
1588 690 1858 741 Schluntzigii

142 747 312 797 epistola
344 744 416 795 (II.
441 743 525 793 53.)
552 745 681 782 docet.
703 745 791 782 Iam
811 759 846 782 a.
873 746 992 784 1528.
1015 746 1058 782 in
1089 745 1300 783 Bremensi
1331 747 1547 797 syndicatu
1569 747 1754 784 Wiekius
1785 761 1856 798 pu-

139 802 243 840 blice
274 802 551 840 reformationi
583 801 760 838 ccclesiae
790 801 901 847 favit,
935 814 1055 851 quam
1084 802 1126 839 in
1157 802 1289 852 patria
1318 815 1478 852 quoque
1511 803 1685 849 civitate,
1718 804 1858 853 paucis

140 858 258 896 annis
289 864 382 909 post
408 857 601 909 syndicus
633 857 777 903 factus,
810 862 974 895 strenue
995 858 1100 895 tueri
1131 863 1309 904 conatus,
1344 858 1392 895 ab
1417 859 1604 909 episcopo
1638 859 1689 896 ad
1722 859 1858 909 ignem

140 915 371 961 damnatus,
413 913 485 951 sed
524 914 809 951 canonicorum
852 913 943 950 dolo
982 914 1024 950 in
1063 927 1222 951 carcere
1263 914 1485 951 decollatus
1525 912 1617 951 ost-³.
1681 914 1856 952 Secken-

140 967 310 1008 dorfius4
340 975 535 1009 memorat
566 969 906 1007 consultationem
927 969 1029 1017 Vici,
1066 970 1127 1007 ‘in
1159 983 1239 1020 qua
1270 970 1404 1007 multis
1436 970 1661 1008 rationibus·
1694 970 1856 1008 demon-

137 1032 248 1073 strat,
281 1026 469 1064 Pontifici
500 1032 539 1064 et
570 1026 675 1064 clero
706 1026 890 1063 Romano
922 1025 1119 1064 iudicium
1150 1032 1189 1064 et
1221 1026 1467 1064 decisionem
1498 1027 1538 1063 in
1573 1025 1755 1073 Con-cilio
1790 1027 1856 1065 de-

138 1083 235 1121 ferri
265 1096 349 1121 non
382 1082 550 1128 debere,
591 1082 662 1119 sed
695 1081 855 1119 arbitris
895 1082 1223 1120 committendum
1264 1084 1390 1131 essc'3
1438 1088 1477 1120 ct
1517 1083 1699 1120 eiusdem
1732 1081 1855 1120 ‘Con-

138 1140 272 1177 silium
302 1152 381 1190 quo
415 1138 565 1177 Caesari
596 1139 782 1176 resistere
812 1138 934 1176 licere
965 1138 1200 1189 probatur',
1245 1139 1355 1189 quod
1387 1138 1587 1189 Georgius
1619 1138 1855 1189 Spalatinus

139 1194 381 1234 Germanice
418 1195 557 1241 vertit,
599 1194 709 1245 apud
740 1194 1030 1232 Hortlederum
1058 1195 1359 1245 Liinigiumque
1399 1195 1617 1245 repetitum
1659 1200 1730 1234 est.
1790 1195 1855 1233 De

138 1252 451 1289 Monasteriensi
488 1250 624 1288 Wicki
668 1250 885 1302 syndicatu
923 1265 960 1289 a.
985 1252 1105 1289 1533.
1128 1257 1315 1301 suscepto
1356 1252 1517 1302 egregie
1563 1251 1718 1289 rettulit
1759 1250 1854 1289 Cor-

138 1306 309 1354 nelius5,
357 1307 566 1357 ediditque
602 1320 685 1344 non
723 1307 854 1345 nullas
887 1307 1125 1345 YVickianas
1165 1307 1357 1358 epistolas
1390 1307 1631 1345 Germanice
1671 1307 1852 1358 scriptas,

136 1363 282 1415 quibus
313 1363 582 1414 subscriptum
613 1369 673 1400 est
706 1364 779 1402 ‘Io.
803 1376 871 1401 von
903 1366 973 1400 der
1013 1365 1139 1409 Wielc,
1180 1366 1249 1400 der
1280 1366 1435 1401 rechten
1466 1366 1639 1410 flectet-⁷,
1682 1363 1759 1401 ζΙο.
1785 1377 1854 1401 von

135 1423 205 1458 der
244 1422 372 1468 Wz’ylc,
411 1422 480 1457 cler
517 1421 648 1456 reclzte
678 1422 828 1465 doctor,
870 1422 1038 1456 sindicus
1077 1422 1147 1456 der
1183 1425 1293 1456 stelle
1325 1421 1490 1457 Bremen
1531 1422 1609 1457 und
1644 1421 1853 1465 Munster',

137 1478 215 1514 ‘Io.
242 1489 311 1514 von
349 1479 418 1513 cler
465 1477 594 1523 Wz'clc,
633 1478 702 1512 der
740 1477 871 1512 reclcte
909 1478 1059 1522 doctor,
1100 1478 1271 1513 sindicus
1307 1478 1375 1512 der
1413 1481 1522 1513 slette
1558 1477 1737 1513 Mmzster
1778 1479 1856 1513 und

136 1534 332 1579 Bremen',
367 1532 442 1569 ⁴10.
468 1545 538 1569 von
569 1534 637 1569 der
677 1533 805 1579 Wiylc,
839 1533 908 1568 der
938 1534 1097 1569 rechten
1130 1534 1282 1580 doctor,
1315 1534 1483 1569 sindicus
1513 1534 1583 1569 der
1613 1536 1722 1569 stelle
1753 1533 1850 1569 Bre-

135 1601 218 1626 men
249 1591 328 1626 und
356 1590 569 1626 Munster'.

178 1664 258 1706 5222)
278 1666 408 1698 Verbis
432 1668 513 1696 utor
537 1663 794 1696 Hamclmanni
818 1664 965 1696 Narrat.
991 1664 1033 1696 de
1060 1664 1183 1696 Herm.
1204 1664 1361 1696 Buschio
1383 1675 1466 1706 pag.
1485 1665 1561 1699 297.
1581 1674 1634 1705 sq.
1751 1664 1784 1705 3)
1806 1665 1852 1696 cf.

224 1721 405 1753 Hamelm.
424 1720 447 1752 1.
468 1731 497 1752 0.
514 1731 547 1762 p.
567 1722 663 1753 1189.
681 1731 758 1762 sqq.
779 1724 831 1760 et,
859 1721 962 1753 cuius
988 1720 1084 1762 apud
1110 1731 1166 1752 me
1192 1720 1280 1752 fides
1306 1731 1486 1762 perparva
1513 1724 1584 1760 est,
1616 1721 1854 1752 Rotermundi

224 1778 326 1819 praef.
345 1788 425 1819 epp.
445 1777 487 1809 Ο.
501 1778 542 1811 V.
564 1777 661 1809 1830.
681 1788 713 1818 p.
731 1787 830 1808 xcw.
850 1787 927 1818 sqq.
1048 1776 1082 1816 4)
1101 1777 1239 1809 Histor.
1258 1776 1456 1808 Lutheran.
1475 1776 1562 1808 edit.
1582 1778 1678 1809 1692.
1705 1776 1766 1808 fol.
1784 1777 1851 1808 III.

222 1844 256 1875 p.
271 1835 325 1865 44.
419 1833 452 1874 5)
475 1833 591 1867 Geseh.
609 1834 668 1864 des
686 1833 943 1865 Miznsterselzen
957 1833 1141 1873 Aufrnlzrs.
1161 1836 1244 1865 tom.
1258 1834 1304 1865 II.
1330 1834 1448 1874 Leipz.
1466 1834 1563 1866 1860.
1583 1832 1629 1865 8⁰.
1647 1844 1680 1874 p.
1693 1834 1764 1866 170.
1776 1843 1852 1873 sqq.

135 1920 457 1961 WIMPHELING,
490 1914 588 1960 sive,
621 1919 665 1951 ut
697 1913 783 1964 ipse
814 1912 989 1950 scribere
1021 1912 1188 1959 solebat,
1223 1912 1508 1965 W'ympfeling
1538 1913 1623 1950 sive
1655 1912 1851 1963 Wimpfe-

130 1970 230 2021 ling,
262 1970 446 2017 Iacobus,
481 1970 799 2016 Sletstadiensis,
832 1969 993 2007 Nicolai
1013 1969 1129 2016 filius,
1163 1975 1283 2006 natus
1307 1975 1366 2007 est
1387 1969 1451 2006 die
1475 1970 1540 2006 27.
1558 1969 1637 2006 Ι111.
1656 1983 1691 2006 a..
1714 1969 1847 2015 1450„

131 2032 309 2064 mortuus
352 2032 412 2064 est
444 2027 481 2064 d.
507 2028 570 2065 17.
593 2026 699 2063 Nov.
722 2039 756 2064 a.
783 2026 902 2063 1528.
927 2026 969 2062 in
1009 2025 1151 2064 eodem
1189 2026 1360 2076 oppido,
1399 2025 1469 2062 ubi
1507 2025 1637 2062 lucem
1678 2025 1850 2075 primum

132 2083 333 2133 adspexit.
379 2083 516 2121 Vitam
536 2083 612 2120 viri
642 2083 749 2120 inter
779 2095 870 2119 51105
892 2082 1067 2133 aequales
1100 2088 1138 2119 et
1162 2082 1271 2132 apud
1301 2087 1484 2132 posteros
1506 2082 1649 2118 merito
1681 2081 1851 2119 celebris

131 2139 246 2176 multi
289 2136 622 2190 descripserunt¹.
673 2138 967 2176 Rcuchlinistis
1006 2138 1369 2189 Wimphelingius,
1411 2138 1593 2188 quamvis
1631 2137 1851 2175 Reuchlini

223 2283 253 2323 1)
279 2283 360 2315 Prae
384 2284 549 2316 omnibus
573 2282 814 2315 nominandus
840 2285 895 2314 est
918 2283 989 2314 Ios,
1008 2282 1089 2317 Ant.
1106 2282 1329 2324 Rieggerus,
1363 2293 1417 2324 eq.
1435 2282 1545 2314 ICtus
1569 2282 1758 2323 Friburg.,
1791 2282 1852 2323 qui

218 2343 411 2382 postquam
443 2339 486 2371 de
511 2339 619 2370 Zasio
651 2339 785 2380 optime
817 2342 999 2370 meruerat
1031 2338 1176 2379 (Udalr.
1194 2339 1295 2370 Zasii
1317 2340 1408 2380 Epp.
1434 2338 1551 2370 Ulmae
1571 2339 1668 2371 1774.
1693 2338 1739 2369 II.
1766 2337 1848 2378 8⁰.),

220 2396 278 2427 ‘de
295 2396 369 2429 Iac.
391 2395 667 2437 Wimphelingii
691 2395 854 2436 theologi
871 2395 949 2426 vita
977 2398 1012 2426 et
1029 2393 1194 2436 scriptis'
1222 2394 1505 2436 diligentissime
1532 2394 1696 2435 quamvis
1722 2404 1849 2435 parum

220 2452 418 2493 composite
449 2451 487 2482 in
518 2451 610 2482 libro
637 2461 733 2482 nunc
759 2451 896 2482 rariore
924 2451 982 2481 cni
1007 2450 1192 2492 inscripsit
1217 2449 1474 2482 ‘Amoenitates
1498 2450 1673 2482 literariae
1700 2449 1849 2481 Fribur-

219 2505 370 2548 genses’
393 2507 578 2549 (Friburgi
595 2507 713 2548 Brisg.
732 2508 827 2542 1779,
845 2506 891 2538 80.
911 2517 944 2548 p.
965 2506 1161 2547 161...58·2)
1180 2506 1234 2538 ita
1260 2506 1354 2548 egit,
1381 2511 1419 2537 ut
1444 2505 1588 2547 singula
1612 2506 1683 2536 viri
1709 2505 1849 2547 scripta

217 2567 426 2595 recenseret
456 2566 683 2605 excerperet,
717 2562 868 2595 aliorum
898 2562 1079 2605 epistolis,
1115 2562 1407 2602 carminibusque
1440 2571 1576 2602 suaque
1610 2561 1847 2593 adnotatione

219 2618 432 2651 illustraret.
478 2620 563 2660 Ipse
581 2619 785 2660 Rieggerus
804 2629 837 2660 p.
853 2620 945 2650 173.:
973 2618 1110 2659 „Varia
1135 2617 1178 2649 de
1198 2618 1288 2648 W·ii
1314 2619 1391 2649 vita
1417 2620 1452 2649 et
1477 2617 1621 2658 scriptis
1646 2616 1800 2648 habent:
1835 2628 1839 2629 ⁷

262 2675 314 2706 10.
332 2675 554 2707 Trithemius
571 2674 614 2706 de
633 2675 839 2716 scriptorib.
860 2674 949 2706 eccl.
969 2678 1003 2706 et
1023 2673 1133 2705 catal.
1153 2674 1195 2705 de
1217 2673 1346 2705 illustr.
1368 2674 1486 2707 Germ,
1503 2672 1570 2707 vir.

263 2730 368 2762 Conr.
391 2730 572 2762 Gesnerus
590 2730 626 2761 in
646 2729 736 2763 Bibl.
755 2731 855 2764 univ.
874 2741 906 2771 p.
922 2731 997 2762 366.
1015 2740 1044 2762 0.
1062 2730 1132 2763 Ios.
1151 2729 1321 2769 Simlem,
1346 2734 1381 2760 et
1393 2729 1444 2761 Io.
1462 2728 1592 2760 Frisio.

262 2787 374 2819 Henr.
391 2785 593 2818 Pantaleon
611 2787 894 2827 prosopograph.
913 2786 989 2819 her.
1009 2789 1046 2817 et
1062 2786 1128 2819 vir.
1147 2785 1276 2817 illustr.
1294 2785 1362 2817 ΙΙΙ.
1381 2796 1414 2826 p.
1433 2786 1486 2817 20.

262 2842 394 2874 Melch.
412 2842 535 2874 Adam.
558 2841 600 2873 de
621 2842 683 2873 vit.
702 2841 810 2875 theol.
832 2842 948 2875 Germ.
968 2852 1002 2883 p.
1023 2843 1074 2874 10.
1102 2838 1175 2884 [ed.
1194 2841 1311 2874 Ffurt.
1331 2842 1427 2873 1653.
1447 2839 1492 2875 8⁰.
1510 2852 1545 2882 p.
1561 2836 1730 2881 21...25.]

260 2897 364 2929 Paul.
383 2897 531 2932 Freher.
551 2898 588 2928 in
605 2897 737 2929 theatr.
757 2898 822 2932 vir,
843 2897 944 2929 erud.
962 2897 1048 2929 clar.
1066 2908 1101 2939 p.
1120 2898 1192 2930 103.

260 2955 373 2985 Henr.
390 2954 568 2987 VVharton
593 2953 707 2986 addit.
728 2954 772 2985 ad
791 2952 886 2987 Guil.
907 2953 1020 2985 Cavei
1037 2953 1164 2985 histor.
1183 2953 1305 2995 script.
1325 2952 1454 2988 eccles,
1472 2951 1608 2986 literar.
1627 2951 1672 2984 ad
1695 2962 1725 2983 a.
1748 2952 1843 2983 1494.

304 3019 387 3051 pag.
406 3011 483 3042 220.
