<?xml version="1.0" encoding="UTF-8"?>
<!DOCTYPE html PUBLIC "-//W3C//DTD XHTML 1.0 Transitional//EN"
    "http://www.w3.org/TR/xhtml1/DTD/xhtml1-transitional.dtd">
<html xmlns="http://www.w3.org/1999/xhtml" xml:lang="en" lang="en">
 <head>
  <title>
</title>
<meta http-equiv="Content-Type" content="text/html;charset=utf-8" />
  <meta name='ocr-system' content='tesseract 3.04.00' />
  <meta name='ocr-capabilities' content='ocr_page ocr_carea ocr_par ocr_line ocrx_word'/>
</head>
<body>
  <div class='ocr_page' id='page_1' title='image "./operaquaereperir02huttuoft/operaquaereperir02huttuoft_0433.png"; bbox 0 0 2119 3522; ppageno 0'>
   <div class='ocr_carea' id='block_1_1' title="bbox 795 238 1810 282">
    <p class='ocr_par' dir='ltr' id='par_1_1' title="bbox 795 238 1810 282">
     <span class='ocr_line' id='line_1_1' title="bbox 795 238 1810 282; baseline 0.004 -7"><span class='ocrx_word' id='word_1_1' title='bbox 795 252 909 276; x_wconf 76' lang='lat' dir='ltr'>Monvs</span> <span class='ocrx_word' id='word_1_2' title='bbox 934 254 1109 277; x_wconf 65' lang='lat' dir='ltr'>DIC&#39;rANm.</span> <span class='ocrx_word' id='word_1_3' title='bbox 1714 238 1745 282; x_wconf 77' lang='grc'><strong>4</strong></span> <span class='ocrx_word' id='word_1_4' title='bbox 1752 238 1775 281; x_wconf 80' lang='lat'>1</span> <span class='ocrx_word' id='word_1_5' title='bbox 1785 240 1810 281; x_wconf 65' lang='grc' dir='ltr'><strong>Η</strong></span> 
     </span>
    </p>
   </div>
   <div class='ocr_carea' id='block_1_2' title="bbox 92 365 1813 912">
    <p class='ocr_par' dir='ltr' id='par_1_2' title="bbox 92 365 1813 912">
     <span class='ocr_line' id='line_1_2' title="bbox 96 365 1813 411; baseline 0.002 -13"><span class='ocrx_word' id='word_1_6' title='bbox 96 365 277 407; x_wconf 82' lang='lat' dir='ltr'>omnibus,</span> <span class='ocrx_word' id='word_1_7' title='bbox 311 371 384 398; x_wconf 85' lang='lat' dir='ltr'>tam</span> <span class='ocrx_word' id='word_1_8' title='bbox 411 378 432 398; x_wconf 91' lang='lat' dir='ltr'>a</span> <span class='ocrx_word' id='word_1_9' title='bbox 458 367 555 399; x_wconf 82' lang='lat' dir='ltr'>clero</span> <span class='ocrx_word' id='word_1_10' title='bbox 587 377 693 408; x_wconf 89' lang='lat' dir='ltr'>quam</span> <span class='ocrx_word' id='word_1_11' title='bbox 718 378 739 399; x_wconf 88' lang='lat' dir='ltr'>a</span> <span class='ocrx_word' id='word_1_12' title='bbox 764 368 990 400; x_wconf 84' lang='lat' dir='ltr'>secularibus</span> <span class='ocrx_word' id='word_1_13' title='bbox 1010 394 1137 401; x_wconf 91' lang='grc'><em>......</em></span> <span class='ocrx_word' id='word_1_14' title='bbox 1171 369 1297 401; x_wconf 84' lang='lat' dir='ltr'>Tertia</span> <span class='ocrx_word' id='word_1_15' title='bbox 1326 369 1453 401; x_wconf 83' lang='lat' dir='ltr'>tabula</span> <span class='ocrx_word' id='word_1_16' title='bbox 1476 394 1506 401; x_wconf 92' lang='lat'>..</span> <span class='ocrx_word' id='word_1_17' title='bbox 1532 369 1569 400; x_wconf 90' lang='lat' dir='ltr'>in</span> <span class='ocrx_word' id='word_1_18' title='bbox 1597 380 1668 411; x_wconf 91' lang='lat' dir='ltr'>qua</span> <span class='ocrx_word' id='word_1_19' title='bbox 1693 373 1813 402; x_wconf 87' lang='lat' dir='ltr'>osten-</span> 
     </span>
     <span class='ocr_line' id='line_1_3' title="bbox 94 423 1811 467; baseline 0.003 -14"><span class='ocrx_word' id='word_1_20' title='bbox 94 423 189 455; x_wconf 80' lang='lat' dir='ltr'><strong>ditur</strong></span> <span class='ocrx_word' id='word_1_21' title='bbox 218 425 252 454; x_wconf 87' lang='lat'>10</span> <span class='ocrx_word' id='word_1_22' title='bbox 277 423 357 457; x_wconf 87' lang='lat' dir='ltr'>scil.</span> <span class='ocrx_word' id='word_1_23' title='bbox 376 423 550 464; x_wconf 86' lang='lat' dir='ltr'>quomodo</span> <span class='ocrx_word' id='word_1_24' title='bbox 577 424 734 455; x_wconf 86' lang='lat' dir='ltr'>maiores</span> <span class='ocrx_word' id='word_1_25' title='bbox 760 424 796 455; x_wconf 92' lang='lat' dir='ltr'>in</span> <span class='ocrx_word' id='word_1_26' title='bbox 823 424 919 456; x_wconf 89' lang='lat' dir='ltr'>clero</span> <span class='ocrx_word' id='word_1_27' title='bbox 946 428 1050 457; x_wconf 83' lang='lat' dir='ltr'>extra</span> <span class='ocrx_word' id='word_1_28' title='bbox 1076 436 1207 467; x_wconf 88' lang='lat' dir='ltr'>papam</span> <span class='ocrx_word' id='word_1_29' title='bbox 1233 435 1270 457; x_wconf 90' lang='lat' dir='ltr'>se</span> <span class='ocrx_word' id='word_1_30' title='bbox 1299 428 1422 457; x_wconf 88' lang='lat' dir='ltr'>mutuo</span> <span class='ocrx_word' id='word_1_31' title='bbox 1454 425 1613 457; x_wconf 86' lang='lat' dir='ltr'>debeant</span> <span class='ocrx_word' id='word_1_32' title='bbox 1638 426 1811 467; x_wconf 86' lang='lat' dir='ltr'>salutare,</span> 
     </span>
     <span class='ocr_line' id='line_1_4' title="bbox 94 479 1809 524; baseline 0.003 -15"><span class='ocrx_word' id='word_1_33' title='bbox 94 480 130 510; x_wconf 73' lang='lat'>20</span> <span class='ocrx_word' id='word_1_34' title='bbox 155 479 328 519; x_wconf 87' lang='lat' dir='ltr'>quomodo</span> <span class='ocrx_word' id='word_1_35' title='bbox 353 479 464 511; x_wconf 90' lang='lat' dir='ltr'>iidem</span> <span class='ocrx_word' id='word_1_36' title='bbox 488 479 643 511; x_wconf 71' lang='lat' dir='ltr'>maiores</span> <span class='ocrx_word' id='word_1_37' title='bbox 670 479 760 510; x_wconf 87' lang='lat' dir='ltr'>cleri</span> <span class='ocrx_word' id='word_1_38' title='bbox 785 480 940 512; x_wconf 86' lang='lat' dir='ltr'>maiores</span> <span class='ocrx_word' id='word_1_39' title='bbox 965 481 1002 512; x_wconf 90' lang='lat' dir='ltr'>in</span> <span class='ocrx_word' id='word_1_40' title='bbox 1027 481 1144 522; x_wconf 79' lang='lat' dir='ltr'>laycis</span> <span class='ocrx_word' id='word_1_41' title='bbox 1171 481 1333 513; x_wconf 86' lang='lat' dir='ltr'>salutent</span> <span class='ocrx_word' id='word_1_42' title='bbox 1358 484 1462 513; x_wconf 87' lang='lat' dir='ltr'>extra</span> <span class='ocrx_word' id='word_1_43' title='bbox 1486 483 1758 524; x_wconf 78' lang='lat' dir='ltr'><strong>imperatorem,</strong></span> <span class='ocrx_word' id='word_1_44' title='bbox 1780 508 1809 514; x_wconf 87' lang='lat'>..</span> 
     </span>
     <span class='ocr_line' id='line_1_5' title="bbox 94 535 1811 579; baseline 0.001 -12"><span class='ocrx_word' id='word_1_45' title='bbox 94 538 130 567; x_wconf 81' lang='grc' dir='ltr'>3υ</span> <span class='ocrx_word' id='word_1_46' title='bbox 155 535 333 576; x_wconf 85' lang='lat' dir='ltr'>quomodo</span> <span class='ocrx_word' id='word_1_47' title='bbox 358 535 468 566; x_wconf 89' lang='lat' dir='ltr'>iidem</span> <span class='ocrx_word' id='word_1_48' title='bbox 494 536 649 567; x_wconf 86' lang='lat' dir='ltr'>maiores</span> <span class='ocrx_word' id='word_1_49' title='bbox 675 535 763 567; x_wconf 86' lang='lat' dir='ltr'>cleri</span> <span class='ocrx_word' id='word_1_50' title='bbox 788 537 979 568; x_wconf 89' lang='lat' dir='ltr'>inferiores</span> <span class='ocrx_word' id='word_1_51' title='bbox 1006 540 1079 568; x_wconf 88' lang='lat' dir='ltr'>tam</span> <span class='ocrx_word' id='word_1_52' title='bbox 1096 537 1221 579; x_wconf 87' lang='lat' dir='ltr'><strong>laycos</strong></span> <span class='ocrx_word' id='word_1_53' title='bbox 1241 547 1346 579; x_wconf 88' lang='lat' dir='ltr'>quam</span> <span class='ocrx_word' id='word_1_54' title='bbox 1364 538 1517 569; x_wconf 88' lang='lat' dir='ltr'>clericos</span> <span class='ocrx_word' id='word_1_55' title='bbox 1535 538 1698 569; x_wconf 83' lang='lat' dir='ltr'>habeant</span> <span class='ocrx_word' id='word_1_56' title='bbox 1715 538 1811 570; x_wconf 87' lang='lat' dir='ltr'>salu-</span> 
     </span>
     <span class='ocr_line' id='line_1_6' title="bbox 94 590 1812 635; baseline 0.002 -13"><span class='ocrx_word' id='word_1_57' title='bbox 94 595 192 630; x_wconf 85' lang='lat' dir='ltr'>tare,</span> <span class='ocrx_word' id='word_1_58' title='bbox 227 592 264 622; x_wconf 80' lang='lat'>40</span> <span class='ocrx_word' id='word_1_59' title='bbox 296 590 452 633; x_wconf 82' lang='lat' dir='ltr'><strong>qualiter</strong></span> <span class='ocrx_word' id='word_1_60' title='bbox 482 591 639 633; x_wconf 82' lang='lat' dir='ltr'>predicti</span> <span class='ocrx_word' id='word_1_61' title='bbox 671 592 829 623; x_wconf 88' lang='lat' dir='ltr'>maiores</span> <span class='ocrx_word' id='word_1_62' title='bbox 862 593 897 623; x_wconf 89' lang='lat' dir='ltr'>in</span> <span class='ocrx_word' id='word_1_63' title='bbox 930 592 1025 624; x_wconf 90' lang='lat' dir='ltr'>clero</span> <span class='ocrx_word' id='word_1_64' title='bbox 1052 603 1072 624; x_wconf 88' lang='lat' dir='ltr'>a</span> <span class='ocrx_word' id='word_1_65' title='bbox 1098 593 1173 624; x_wconf 89' lang='lat' dir='ltr'>suis</span> <span class='ocrx_word' id='word_1_66' title='bbox 1199 593 1436 625; x_wconf 88' lang='lat' dir='ltr'>inferioribus</span> <span class='ocrx_word' id='word_1_67' title='bbox 1461 597 1534 626; x_wconf 90' lang='lat' dir='ltr'>tam</span> <span class='ocrx_word' id='word_1_68' title='bbox 1561 594 1679 635; x_wconf 83' lang='lat' dir='ltr'>laycis</span> <span class='ocrx_word' id='word_1_69' title='bbox 1705 604 1812 635; x_wconf 88' lang='lat' dir='ltr'>quam</span> 
     </span>
     <span class='ocr_line' id='line_1_7' title="bbox 95 647 1811 691; baseline 0.002 -13"><span class='ocrx_word' id='word_1_70' title='bbox 95 647 240 679; x_wconf 81' lang='lat' dir='ltr'><strong>clericis</strong></span> <span class='ocrx_word' id='word_1_71' title='bbox 270 647 434 679; x_wconf 81' lang='lat' dir='ltr'>habeant</span> <span class='ocrx_word' id='word_1_72' title='bbox 465 647 638 687; x_wconf 90' lang='lat' dir='ltr'>salutari,</span> <span class='ocrx_word' id='word_1_73' title='bbox 677 648 712 678; x_wconf 83' lang='lat'>50</span> <span class='ocrx_word' id='word_1_74' title='bbox 738 651 774 678; x_wconf 90' lang='lat' dir='ltr'>et</span> <span class='ocrx_word' id='word_1_75' title='bbox 799 647 878 682; x_wconf 82' lang='lat' dir='ltr'>ult0.</span> <span class='ocrx_word' id='word_1_76' title='bbox 899 648 1058 689; x_wconf 77' lang='lat' dir='ltr'>qualiter</span> <span class='ocrx_word' id='word_1_77' title='bbox 1088 647 1254 690; x_wconf 84' lang='lat' dir='ltr'>religiosi</span> <span class='ocrx_word' id='word_1_78' title='bbox 1283 650 1474 691; x_wconf 88' lang='lat' dir='ltr'>utriusque</span> <span class='ocrx_word' id='word_1_79' title='bbox 1505 660 1612 681; x_wconf 81' lang='lat' dir='ltr'>sexus</span> <span class='ocrx_word' id='word_1_80' title='bbox 1646 650 1691 681; x_wconf 91' lang='lat' dir='ltr'>ad</span> <span class='ocrx_word' id='word_1_81' title='bbox 1720 651 1811 682; x_wconf 89' lang='lat' dir='ltr'>invi-</span> 
     </span>
     <span class='ocr_line' id='line_1_8' title="bbox 94 702 1809 746; baseline 0.003 -13"><span class='ocrx_word' id='word_1_82' title='bbox 94 713 170 734; x_wconf 85' lang='lat' dir='ltr'>cem</span> <span class='ocrx_word' id='word_1_83' title='bbox 197 713 234 734; x_wconf 89' lang='lat' dir='ltr'>se</span> <span class='ocrx_word' id='word_1_84' title='bbox 262 703 421 734; x_wconf 85' lang='lat' dir='ltr'>debeant</span> <span class='ocrx_word' id='word_1_85' title='bbox 447 702 607 734; x_wconf 81' lang='lat' dir='ltr'>salutare</span> <span class='ocrx_word' id='word_1_86' title='bbox 613 729 766 735; x_wconf 91' lang='grc'>.......</span> <span class='ocrx_word' id='word_1_87' title='bbox 802 704 939 743; x_wconf 75' lang='lat' dir='ltr'>Quarta</span> <span class='ocrx_word' id='word_1_88' title='bbox 965 704 1094 735; x_wconf 87' lang='lat' dir='ltr'>tabula</span> <span class='ocrx_word' id='word_1_89' title='bbox 1119 730 1125 735; x_wconf 95' lang='lat'>.</span> <span class='ocrx_word' id='word_1_90' title='bbox 1148 730 1154 735; x_wconf 92' lang='lat'>.</span> <span class='ocrx_word' id='word_1_91' title='bbox 1182 705 1354 745; x_wconf 88' lang='lat' dir='ltr'>quomodo</span> <span class='ocrx_word' id='word_1_92' title='bbox 1387 716 1510 737; x_wconf 91' lang='lat' dir='ltr'>omnes</span> <span class='ocrx_word' id='word_1_93' title='bbox 1544 706 1747 746; x_wconf 88' lang='lat' dir='ltr'>seculares,</span> <span class='ocrx_word' id='word_1_94' title='bbox 1776 732 1781 738; x_wconf 93' lang='lat'><strong>.</strong></span> <span class='ocrx_word' id='word_1_95' title='bbox 1803 732 1809 739; x_wconf 92' lang='lat'>.</span> 
     </span>
     <span class='ocr_line' id='line_1_9' title="bbox 94 758 1809 802; baseline 0.003 -13"><span class='ocrx_word' id='word_1_96' title='bbox 94 769 217 790; x_wconf 88' lang='lat' dir='ltr'>omnes</span> <span class='ocrx_word' id='word_1_97' title='bbox 242 758 384 791; x_wconf 89' lang='lat' dir='ltr'>nobiles</span> <span class='ocrx_word' id='word_1_98' title='bbox 412 759 546 790; x_wconf 87' lang='lat' dir='ltr'>eisdem</span> <span class='ocrx_word' id='word_1_99' title='bbox 572 759 816 801; x_wconf 83' lang='lat' dir='ltr'>principibus,</span> <span class='ocrx_word' id='word_1_100' title='bbox 847 760 1041 791; x_wconf 89' lang='lat' dir='ltr'>inferiores</span> <span class='ocrx_word' id='word_1_101' title='bbox 1066 769 1180 800; x_wconf 86' lang='lat' dir='ltr'>usque</span> <span class='ocrx_word' id='word_1_102' title='bbox 1208 760 1252 791; x_wconf 88' lang='lat' dir='ltr'>ad</span> <span class='ocrx_word' id='word_1_103' title='bbox 1279 760 1474 802; x_wconf 84' lang='lat' dir='ltr'>populares</span> <span class='ocrx_word' id='word_1_104' title='bbox 1500 766 1622 793; x_wconf 85' lang='lat' dir='ltr'>mutuo</span> <span class='ocrx_word' id='word_1_105' title='bbox 1649 772 1687 794; x_wconf 90' lang='lat' dir='ltr'>se</span> <span class='ocrx_word' id='word_1_106' title='bbox 1714 763 1809 794; x_wconf 85' lang='lat' dir='ltr'>salu-</span> 
     </span>
     <span class='ocr_line' id='line_1_10' title="bbox 93 814 1810 859; baseline 0.003 -14"><span class='ocrx_word' id='word_1_107' title='bbox 93 818 188 855; x_wconf 84' lang='lat' dir='ltr'>tent,</span> <span class='ocrx_word' id='word_1_108' title='bbox 222 817 258 846; x_wconf 75' lang='lat'>20</span> <span class='ocrx_word' id='word_1_109' title='bbox 277 840 306 846; x_wconf 94' lang='lat'>..</span> <span class='ocrx_word' id='word_1_110' title='bbox 328 825 361 855; x_wconf 91' lang='lat' dir='ltr'>q.</span> <span class='ocrx_word' id='word_1_111' title='bbox 380 815 487 846; x_wconf 88' lang='lat' dir='ltr'>iidem</span> <span class='ocrx_word' id='word_1_112' title='bbox 513 815 697 857; x_wconf 84' lang='lat' dir='ltr'>principes</span> <span class='ocrx_word' id='word_1_113' title='bbox 723 819 759 846; x_wconf 87' lang='lat' dir='ltr'>et</span> <span class='ocrx_word' id='word_1_114' title='bbox 783 814 924 846; x_wconf 88' lang='lat' dir='ltr'>nobiles</span> <span class='ocrx_word' id='word_1_115' title='bbox 956 815 1112 846; x_wconf 87' lang='lat' dir='ltr'>maiores</span> <span class='ocrx_word' id='word_1_116' title='bbox 1143 816 1180 846; x_wconf 91' lang='lat' dir='ltr'>in</span> <span class='ocrx_word' id='word_1_117' title='bbox 1211 817 1307 848; x_wconf 86' lang='lat' dir='ltr'>clero</span> <span class='ocrx_word' id='word_1_118' title='bbox 1341 820 1445 849; x_wconf 82' lang='lat' dir='ltr'>extra</span> <span class='ocrx_word' id='word_1_119' title='bbox 1475 828 1607 859; x_wconf 89' lang='lat' dir='ltr'>papam</span> <span class='ocrx_word' id='word_1_120' title='bbox 1639 818 1810 850; x_wconf 85' lang='lat' dir='ltr'>salutent.</span> 
     </span>
     <span class='ocr_line' id='line_1_11' title="bbox 92 870 1813 912; baseline 0.003 -12"><span class='ocrx_word' id='word_1_121' title='bbox 92 873 139 902; x_wconf 75' lang='lat'>3¹¹.</span> <span class='ocrx_word' id='word_1_122' title='bbox 165 880 197 911; x_wconf 89' lang='lat' dir='ltr'>q.</span> <span class='ocrx_word' id='word_1_123' title='bbox 224 870 419 902; x_wconf 87' lang='lat' dir='ltr'>inferiores</span> <span class='ocrx_word' id='word_1_124' title='bbox 452 870 577 911; x_wconf 77' lang='lat' dir='ltr'>laycos</span> <span class='ocrx_word' id='word_1_125' title='bbox 608 870 778 903; x_wconf 88' lang='lat' dir='ltr'>salutent.</span> <span class='ocrx_word' id='word_1_126' title='bbox 841 872 877 902; x_wconf 82' lang='grc' dir='ltr'>4Ο</span> <span class='ocrx_word' id='word_1_127' title='bbox 910 871 1068 911; x_wconf 79' lang='lat' dir='ltr'>qualiter</span> <span class='ocrx_word' id='word_1_128' title='bbox 1099 871 1144 902; x_wconf 83' lang='lat' dir='ltr'>ab</span> <span class='ocrx_word' id='word_1_129' title='bbox 1177 872 1411 903; x_wconf 87' lang='lat' dir='ltr'>inferioribus</span> <span class='ocrx_word' id='word_1_130' title='bbox 1445 873 1562 912; x_wconf 84' lang='lat' dir='ltr'>laycis</span> <span class='ocrx_word' id='word_1_131' title='bbox 1595 874 1813 909; x_wconf 83' lang='lat' dir='ltr'>salutentur.</span> 
     </span>
    </p>
   </div>
   <div class='ocr_carea' id='block_1_3' title="bbox 92 926 1813 1084">
    <p class='ocr_par' dir='ltr' id='par_1_3' title="bbox 92 926 1813 1084">
     <span class='ocr_line' id='line_1_12' title="bbox 92 926 1813 972; baseline 0.003 -15"><span class='ocrx_word' id='word_1_132' title='bbox 92 928 127 957; x_wconf 66' lang='lat'>5¹·</span> <span class='ocrx_word' id='word_1_133' title='bbox 147 952 152 957; x_wconf 94' lang='lat'>.</span> <span class='ocrx_word' id='word_1_134' title='bbox 171 952 176 957; x_wconf 95' lang='lat'>.</span> <span class='ocrx_word' id='word_1_135' title='bbox 197 926 349 967; x_wconf 80' lang='lat' dir='ltr'>quedam</span> <span class='ocrx_word' id='word_1_136' title='bbox 375 930 555 968; x_wconf 88' lang='lat' dir='ltr'>ponuntur</span> <span class='ocrx_word' id='word_1_137' title='bbox 579 927 761 958; x_wconf 83' lang='lat' dir='ltr'>notabilia</span> <span class='ocrx_word' id='word_1_138' title='bbox 785 926 892 959; x_wconf 84' lang='lat' dir='ltr'>valde</span> <span class='ocrx_word' id='word_1_139' title='bbox 918 927 1014 959; x_wconf 91' lang='lat' dir='ltr'>bona</span> <span class='ocrx_word' id='word_1_140' title='bbox 1018 952 1144 959; x_wconf 91' lang='grc'><strong>......</strong></span> <span class='ocrx_word' id='word_1_141' title='bbox 1172 928 1213 959; x_wconf 91' lang='lat' dir='ltr'>In</span> <span class='ocrx_word' id='word_1_142' title='bbox 1240 929 1366 969; x_wconf 86' lang='lat' dir='ltr'>quinta</span> <span class='ocrx_word' id='word_1_143' title='bbox 1385 928 1512 960; x_wconf 84' lang='lat' dir='ltr'>tabula</span> <span class='ocrx_word' id='word_1_144' title='bbox 1533 929 1699 969; x_wconf 86' lang='lat' dir='ltr'>docetur,</span> <span class='ocrx_word' id='word_1_145' title='bbox 1727 941 1813 972; x_wconf 88' lang='lat' dir='ltr'>quo-</span> 
     </span>
     <span class='ocr_line' id='line_1_13' title="bbox 92 982 1300 1025; baseline 0.002 -13"><span class='ocrx_word' id='word_1_146' title='bbox 92 982 196 1013; x_wconf 89' lang='lat' dir='ltr'>modo</span> <span class='ocrx_word' id='word_1_147' title='bbox 222 982 415 1024; x_wconf 83' lang='lat' dir='ltr'>populares</span> <span class='ocrx_word' id='word_1_148' title='bbox 441 993 479 1014; x_wconf 86' lang='lat' dir='ltr'>se</span> <span class='ocrx_word' id='word_1_149' title='bbox 505 982 666 1014; x_wconf 85' lang='lat' dir='ltr'>salutent</span> <span class='ocrx_word' id='word_1_150' title='bbox 692 993 807 1024; x_wconf 89' lang='lat' dir='ltr'>usque</span> <span class='ocrx_word' id='word_1_151' title='bbox 834 983 880 1014; x_wconf 87' lang='lat' dir='ltr'>ad</span> <span class='ocrx_word' id='word_1_152' title='bbox 907 993 1030 1015; x_wconf 86' lang='lat' dir='ltr'>servos</span> <span class='ocrx_word' id='word_1_153' title='bbox 1059 983 1166 1025; x_wconf 84' lang='lat' dir='ltr'>glebe</span> <span class='ocrx_word' id='word_1_154' title='bbox 1172 1009 1300 1015; x_wconf 80' lang='lat'>......</span> 
     </span>
     <span class='ocr_line' id='line_1_14' title="bbox 95 1035 1812 1084; baseline 0.003 -15"><span class='ocrx_word' id='word_1_155' title='bbox 95 1035 162 1081; x_wconf 72' lang='grc'>[2.]</span> <span class='ocrx_word' id='word_1_156' title='bbox 190 1049 235 1069; x_wconf 81' lang='lat' dir='ltr'>DE</span> <span class='ocrx_word' id='word_1_157' title='bbox 261 1048 426 1070; x_wconf 68' lang='lat' dir='ltr'>exonmo</span> <span class='ocrx_word' id='word_1_158' title='bbox 447 1065 453 1070; x_wconf 95' lang='lat'>.</span> <span class='ocrx_word' id='word_1_159' title='bbox 472 1064 477 1069; x_wconf 95' lang='lat'>.</span> <span class='ocrx_word' id='word_1_160' title='bbox 495 1065 500 1070; x_wconf 97' lang='lat'>.</span> <span class='ocrx_word' id='word_1_161' title='bbox 521 1049 616 1070; x_wconf 89' lang='lat' dir='ltr'>nune</span> <span class='ocrx_word' id='word_1_162' title='bbox 642 1039 834 1071; x_wconf 87' lang='lat' dir='ltr'>videndum</span> <span class='ocrx_word' id='word_1_163' title='bbox 861 1042 916 1070; x_wconf 89' lang='lat' dir='ltr'>est</span> <span class='ocrx_word' id='word_1_164' title='bbox 941 1040 983 1072; x_wconf 89' lang='lat' dir='ltr'>de</span> <span class='ocrx_word' id='word_1_165' title='bbox 1011 1040 1165 1082; x_wconf 86' lang='lat' dir='ltr'>epistole</span> <span class='ocrx_word' id='word_1_166' title='bbox 1192 1045 1295 1082; x_wconf 81' lang='lat' dir='ltr'>parte</span> <span class='ocrx_word' id='word_1_167' title='bbox 1323 1040 1518 1082; x_wconf 83' lang='lat' dir='ltr'>principali</span> <span class='ocrx_word' id='word_1_168' title='bbox 1545 1043 1718 1083; x_wconf 82' lang='lat' dir='ltr'>secunda,</span> <span class='ocrx_word' id='word_1_169' title='bbox 1746 1054 1812 1084; x_wconf 86' lang='lat' dir='ltr'>que</span> 
     </span>
    </p>
   </div>
   <div class='ocr_carea' id='block_1_4' title="bbox 90 1095 1817 3111">
    <p class='ocr_par' dir='ltr' id='par_1_4' title="bbox 90 1095 1816 2659">
     <span class='ocr_line' id='line_1_15' title="bbox 93 1095 1813 1138; baseline 0.003 -13"><span class='ocrx_word' id='word_1_170' title='bbox 93 1098 150 1126; x_wconf 89' lang='lat' dir='ltr'>est</span> <span class='ocrx_word' id='word_1_171' title='bbox 181 1096 349 1137; x_wconf 86' lang='lat' dir='ltr'>captacio</span> <span class='ocrx_word' id='word_1_172' title='bbox 374 1095 644 1136; x_wconf 86' lang='lat' dir='ltr'>benivolencie,</span> <span class='ocrx_word' id='word_1_173' title='bbox 678 1106 746 1137; x_wconf 90' lang='lat' dir='ltr'>que</span> <span class='ocrx_word' id='word_1_174' title='bbox 778 1095 943 1137; x_wconf 89' lang='lat' dir='ltr'>pluribus</span> <span class='ocrx_word' id='word_1_175' title='bbox 974 1096 1179 1128; x_wconf 88' lang='lat' dir='ltr'>nominibus</span> <span class='ocrx_word' id='word_1_176' title='bbox 1205 1096 1430 1138; x_wconf 84' lang='lat' dir='ltr'>appellatur,</span> <span class='ocrx_word' id='word_1_177' title='bbox 1465 1097 1598 1129; x_wconf 85' lang='lat' dir='ltr'>dicitur</span> <span class='ocrx_word' id='word_1_178' title='bbox 1627 1099 1721 1130; x_wconf 87' lang='lat' dir='ltr'>enim</span> <span class='ocrx_word' id='word_1_179' title='bbox 1748 1100 1813 1130; x_wconf 85' lang='lat' dir='ltr'>ali-</span> 
     </span>
     <span class='ocr_line' id='line_1_16' title="bbox 93 1151 1813 1193; baseline 0.003 -12"><span class='ocrx_word' id='word_1_180' title='bbox 93 1151 233 1192; x_wconf 87' lang='lat' dir='ltr'>quando</span> <span class='ocrx_word' id='word_1_181' title='bbox 259 1152 507 1193; x_wconf 85' lang='lat' dir='ltr'>proverbium,</span> <span class='ocrx_word' id='word_1_182' title='bbox 535 1152 733 1193; x_wconf 83' lang='lat' dir='ltr'>aliquando</span> <span class='ocrx_word' id='word_1_183' title='bbox 761 1162 914 1193; x_wconf 87' lang='lat' dir='ltr'>arenga,</span> <span class='ocrx_word' id='word_1_184' title='bbox 943 1152 1140 1192; x_wconf 88' lang='lat' dir='ltr'>aliquando</span> <span class='ocrx_word' id='word_1_185' title='bbox 1159 1153 1397 1193; x_wconf 81' lang='lat' dir='ltr'>prohemium3</span> <span class='ocrx_word' id='word_1_186' title='bbox 1426 1153 1489 1184; x_wconf 87' lang='lat' dir='ltr'>sed</span> <span class='ocrx_word' id='word_1_187' title='bbox 1513 1156 1711 1187; x_wconf 88' lang='lat' dir='ltr'>communis</span> <span class='ocrx_word' id='word_1_188' title='bbox 1730 1166 1813 1187; x_wconf 82' lang='lat' dir='ltr'>usus</span> 
     </span>
     <span class='ocr_line' id='line_1_17' title="bbox 92 1207 1811 1253; baseline 0.003 -15"><span class='ocrx_word' id='word_1_189' title='bbox 92 1209 198 1239; x_wconf 87' lang='lat' dir='ltr'>istam</span> <span class='ocrx_word' id='word_1_190' title='bbox 230 1209 323 1240; x_wconf 88' lang='lat' dir='ltr'>solet</span> <span class='ocrx_word' id='word_1_191' title='bbox 354 1208 570 1250; x_wconf 78' lang='lat' dir='ltr'>particulam</span> <span class='ocrx_word' id='word_1_192' title='bbox 604 1208 725 1240; x_wconf 84' lang='lat' dir='ltr'>dicere</span> <span class='ocrx_word' id='word_1_193' title='bbox 759 1208 948 1250; x_wconf 82' lang='lat' dir='ltr'>‘captacio</span> <span class='ocrx_word' id='word_1_194' title='bbox 978 1207 1272 1249; x_wconf 86' lang='lat' dir='ltr'>benivolencie&#39;‚</span> <span class='ocrx_word' id='word_1_195' title='bbox 1307 1220 1347 1241; x_wconf 84' lang='lat' dir='ltr'>eo</span> <span class='ocrx_word' id='word_1_196' title='bbox 1381 1210 1476 1250; x_wconf 83' lang='lat' dir='ltr'>quod</span> <span class='ocrx_word' id='word_1_197' title='bbox 1507 1210 1589 1252; x_wconf 86' lang='lat' dir='ltr'>ipsa</span> <span class='ocrx_word' id='word_1_198' title='bbox 1622 1212 1811 1253; x_wconf 83' lang='lat' dir='ltr'>negocium</span> 
     </span>
     <span class='ocr_line' id='line_1_18' title="bbox 93 1264 1813 1306; baseline 0.002 -11"><span class='ocrx_word' id='word_1_199' title='bbox 93 1275 288 1306; x_wconf 86' lang='lat' dir='ltr'>congruum</span> <span class='ocrx_word' id='word_1_200' title='bbox 319 1264 395 1296; x_wconf 88' lang='lat' dir='ltr'>sive</span> <span class='ocrx_word' id='word_1_201' title='bbox 429 1265 653 1296; x_wconf 85' lang='lat' dir='ltr'>commodum</span> <span class='ocrx_word' id='word_1_202' title='bbox 686 1265 803 1295; x_wconf 78' lang='lat' dir='ltr'>faciat</span> <span class='ocrx_word' id='word_1_203' title='bbox 837 1269 872 1296; x_wconf 91' lang='lat' dir='ltr'>et</span> <span class='ocrx_word' id='word_1_204' title='bbox 904 1265 1060 1296; x_wconf 86' lang='lat' dir='ltr'>animum</span> <span class='ocrx_word' id='word_1_205' title='bbox 1094 1265 1269 1303; x_wconf 86' lang='lat' dir='ltr'>auditoris</span> <span class='ocrx_word' id='word_1_206' title='bbox 1300 1266 1510 1297; x_wconf 88' lang='lat' dir='ltr'>benivolum</span> <span class='ocrx_word' id='word_1_207' title='bbox 1540 1267 1678 1302; x_wconf 83' lang='lat' dir='ltr'>reddat,</span> <span class='ocrx_word' id='word_1_208' title='bbox 1728 1269 1813 1300; x_wconf 92' lang='lat' dir='ltr'>Pro—</span> 
     </span>
     <span class='ocr_line' id='line_1_19' title="bbox 91 1321 1812 1365; baseline 0.003 -14"><span class='ocrx_word' id='word_1_209' title='bbox 91 1321 253 1352; x_wconf 89' lang='lat' dir='ltr'>verbium</span> <span class='ocrx_word' id='word_1_210' title='bbox 286 1324 342 1351; x_wconf 88' lang='lat' dir='ltr'>est</span> <span class='ocrx_word' id='word_1_211' title='bbox 374 1321 522 1362; x_wconf 85' lang='lat' dir='ltr'>quedam</span> <span class='ocrx_word' id='word_1_212' title='bbox 555 1321 753 1353; x_wconf 84' lang='lat' dir='ltr'>similitudo</span> <span class='ocrx_word' id='word_1_213' title='bbox 785 1321 1057 1362; x_wconf 81' lang='lat' dir='ltr'>methaphorice</span> <span class='ocrx_word' id='word_1_214' title='bbox 1092 1323 1280 1353; x_wconf 82' lang='lat' dir='ltr'>continens</span> <span class='ocrx_word' id='word_1_215' title='bbox 1311 1323 1609 1354; x_wconf 83' lang='lat' dir='ltr'>consuetudinem</span> <span class='ocrx_word' id='word_1_216' title='bbox 1635 1325 1812 1365; x_wconf 84' lang='lat' dir='ltr'>approba—</span> 
     </span>
     <span class='ocr_line' id='line_1_20' title="bbox 92 1377 1815 1419; baseline 0.002 -12"><span class='ocrx_word' id='word_1_217' title='bbox 92 1381 184 1418; x_wconf 84' lang='lat' dir='ltr'>tam,</span> <span class='ocrx_word' id='word_1_218' title='bbox 210 1377 308 1408; x_wconf 87' lang='lat' dir='ltr'>sicut</span> <span class='ocrx_word' id='word_1_219' title='bbox 333 1377 429 1408; x_wconf 80' lang='lat' dir='ltr'>‘Mus</span> <span class='ocrx_word' id='word_1_220' title='bbox 456 1377 492 1408; x_wconf 92' lang='lat' dir='ltr'>in</span> <span class='ocrx_word' id='word_1_221' title='bbox 518 1380 658 1418; x_wconf 87' lang='lat' dir='ltr'>sporta,</span> <span class='ocrx_word' id='word_1_222' title='bbox 686 1378 780 1418; x_wconf 81' lang='lat' dir='ltr'>ignis</span> <span class='ocrx_word' id='word_1_223' title='bbox 806 1377 842 1408; x_wconf 91' lang='lat' dir='ltr'>in</span> <span class='ocrx_word' id='word_1_224' title='bbox 869 1377 964 1416; x_wconf 89' lang='lat' dir='ltr'>sinu,</span> <span class='ocrx_word' id='word_1_225' title='bbox 993 1388 1143 1418; x_wconf 86' lang='lat' dir='ltr'>serpens</span> <span class='ocrx_word' id='word_1_226' title='bbox 1168 1379 1204 1408; x_wconf 94' lang='lat' dir='ltr'>in</span> <span class='ocrx_word' id='word_1_227' title='bbox 1231 1379 1386 1419; x_wconf 80' lang='lat' dir='ltr'>gremio:</span> <span class='ocrx_word' id='word_1_228' title='bbox 1412 1378 1479 1410; x_wconf 88' lang='lat' dir='ltr'>hec</span> <span class='ocrx_word' id='word_1_229' title='bbox 1507 1379 1576 1410; x_wconf 84' lang='lat' dir='ltr'>tria</span> <span class='ocrx_word' id='word_1_230' title='bbox 1600 1390 1671 1411; x_wconf 90' lang='lat' dir='ltr'>non</span> <span class='ocrx_word' id='word_1_231' title='bbox 1696 1381 1815 1412; x_wconf 83' lang='lat' dir='ltr'>solent</span> 
     </span>
     <span class='ocr_line' id='line_1_21' title="bbox 92 1431 1812 1476; baseline 0.002 -12"><span class='ocrx_word' id='word_1_232' title='bbox 92 1434 168 1464; x_wconf 84' lang='lat' dir='ltr'>suis</span> <span class='ocrx_word' id='word_1_233' title='bbox 200 1434 352 1474; x_wconf 87' lang='lat' dir='ltr'>prebere</span> <span class='ocrx_word' id='word_1_234' title='bbox 383 1433 589 1475; x_wconf 85' lang='lat' dir='ltr'>hospitibus</span> <span class='ocrx_word' id='word_1_235' title='bbox 620 1443 767 1464; x_wconf 85' lang='lat' dir='ltr'>munera</span> <span class='ocrx_word' id='word_1_236' title='bbox 799 1431 995 1474; x_wconf 79' lang='lat' dir='ltr'>graciosa⁷.</span> <span class='ocrx_word' id='word_1_237' title='bbox 1044 1433 1240 1465; x_wconf 72' lang='lat' dir='ltr'>Exordium</span> <span class='ocrx_word' id='word_1_238' title='bbox 1276 1437 1331 1465; x_wconf 92' lang='lat' dir='ltr'>est</span> <span class='ocrx_word' id='word_1_239' title='bbox 1366 1435 1583 1476; x_wconf 88' lang='lat' dir='ltr'>principium</span> <span class='ocrx_word' id='word_1_240' title='bbox 1616 1437 1812 1476; x_wconf 82' lang='lat' dir='ltr'>oracionis,</span> 
     </span>
     <span class='ocr_line' id='line_1_22' title="bbox 91 1489 1814 1534; baseline 0.002 -14"><span class='ocrx_word' id='word_1_241' title='bbox 91 1500 154 1531; x_wconf 92' lang='lat' dir='ltr'>per</span> <span class='ocrx_word' id='word_1_242' title='bbox 180 1489 274 1531; x_wconf 88' lang='lat' dir='ltr'>quod</span> <span class='ocrx_word' id='word_1_243' title='bbox 300 1489 344 1520; x_wconf 87' lang='lat' dir='ltr'>ad</span> <span class='ocrx_word' id='word_1_244' title='bbox 371 1489 587 1521; x_wconf 85' lang='lat' dir='ltr'>audiendum</span> <span class='ocrx_word' id='word_1_245' title='bbox 613 1489 820 1521; x_wconf 82' lang='lat' dir='ltr'>instituitur</span> <span class='ocrx_word' id='word_1_246' title='bbox 849 1489 992 1520; x_wconf 85' lang='lat' dir='ltr'>animus</span> <span class='ocrx_word' id='word_1_247' title='bbox 1024 1490 1215 1529; x_wconf 86' lang='lat' dir='ltr'>auditoris,</span> <span class='ocrx_word' id='word_1_248' title='bbox 1249 1502 1282 1524; x_wconf 79' lang='lat' dir='ltr'>v.</span> <span class='ocrx_word' id='word_1_249' title='bbox 1302 1500 1352 1531; x_wconf 80' lang='lat' dir='ltr'>gr,</span> <span class='ocrx_word' id='word_1_250' title='bbox 1373 1490 1480 1522; x_wconf 84' lang='lat' dir='ltr'>‘Eius</span> <span class='ocrx_word' id='word_1_251' title='bbox 1510 1492 1627 1533; x_wconf 87' lang='lat' dir='ltr'>pietas</span> <span class='ocrx_word' id='word_1_252' title='bbox 1656 1497 1710 1524; x_wconf 88' lang='lat' dir='ltr'>est</span> <span class='ocrx_word' id='word_1_253' title='bbox 1735 1503 1814 1534; x_wconf 88' lang='lat' dir='ltr'>pre-</span> 
     </span>
     <span class='ocr_line' id='line_1_23' title="bbox 92 1546 1814 1589; baseline 0.002 -12"><span class='ocrx_word' id='word_1_254' title='bbox 92 1548 195 1588; x_wconf 84' lang='lat' dir='ltr'>cipue</span> <span class='ocrx_word' id='word_1_255' title='bbox 231 1546 533 1587; x_wconf 83' lang='lat' dir='ltr'>commendanda,</span> <span class='ocrx_word' id='word_1_256' title='bbox 572 1547 632 1588; x_wconf 85' lang='lat' dir='ltr'>qui</span> <span class='ocrx_word' id='word_1_257' title='bbox 663 1547 763 1588; x_wconf 79' lang='lat' dir='ltr'>prius</span> <span class='ocrx_word' id='word_1_258' title='bbox 796 1556 902 1587; x_wconf 89' lang='lat' dir='ltr'>quam</span> <span class='ocrx_word' id='word_1_259' title='bbox 939 1546 1009 1578; x_wconf 82' lang='lat' dir='ltr'>sibi</span> <span class='ocrx_word' id='word_1_260' title='bbox 1042 1557 1187 1587; x_wconf 86' lang='lat' dir='ltr'>precum</span> <span class='ocrx_word' id='word_1_261' title='bbox 1226 1547 1410 1578; x_wconf 79' lang='lat' dir='ltr'>instancia</span> <span class='ocrx_word' id='word_1_262' title='bbox 1444 1548 1666 1589; x_wconf 81' lang='lat' dir='ltr'>porrigatur,</span> <span class='ocrx_word' id='word_1_263' title='bbox 1706 1549 1814 1589; x_wconf 83' lang='lat' dir='ltr'>digno</span> 
     </span>
     <span class='ocr_line' id='line_1_24' title="bbox 91 1601 1814 1646; baseline 0.002 -13"><span class='ocrx_word' id='word_1_264' title='bbox 91 1602 269 1634; x_wconf 77' lang='lat' dir='ltr'>beneficio</span> <span class='ocrx_word' id='word_1_265' title='bbox 301 1604 469 1644; x_wconf 78' lang='lat' dir='ltr'>prevenit</span> <span class='ocrx_word' id='word_1_266' title='bbox 502 1601 759 1644; x_wconf 82' lang='lat' dir='ltr'>indigentem&#39;.</span> <span class='ocrx_word' id='word_1_267' title='bbox 818 1604 968 1644; x_wconf 65' lang='lat' dir='ltr'>,Arenga</span> <span class='ocrx_word' id='word_1_268' title='bbox 1001 1606 1056 1634; x_wconf 87' lang='lat' dir='ltr'>est</span> <span class='ocrx_word' id='word_1_269' title='bbox 1088 1602 1240 1643; x_wconf 82' lang='lat' dir='ltr'>quedam</span> <span class='ocrx_word' id='word_1_270' title='bbox 1274 1603 1413 1644; x_wconf 80' lang='lat' dir='ltr'>prolixa</span> <span class='ocrx_word' id='word_1_271' title='bbox 1445 1604 1627 1645; x_wconf 86' lang='lat' dir='ltr'>prefacio,</span> <span class='ocrx_word' id='word_1_272' title='bbox 1668 1615 1736 1646; x_wconf 92' lang='lat' dir='ltr'>que</span> <span class='ocrx_word' id='word_1_273' title='bbox 1770 1605 1814 1636; x_wconf 88' lang='lat' dir='ltr'>ad</span> 
     </span>
     <span class='ocr_line' id='line_1_25' title="bbox 92 1658 1814 1702; baseline 0.002 -13"><span class='ocrx_word' id='word_1_274' title='bbox 92 1658 381 1690; x_wconf 83' lang='lat' dir='ltr'>benivolenciam</span> <span class='ocrx_word' id='word_1_275' title='bbox 416 1659 632 1701; x_wconf 83' lang='lat' dir='ltr'>captandam</span> <span class='ocrx_word' id='word_1_276' title='bbox 659 1659 897 1700; x_wconf 82' lang='lat' dir='ltr'>premittitur,</span> <span class='ocrx_word' id='word_1_277' title='bbox 932 1663 968 1691; x_wconf 90' lang='lat' dir='ltr'>et</span> <span class='ocrx_word' id='word_1_278' title='bbox 993 1659 1061 1690; x_wconf 90' lang='lat' dir='ltr'>hac</span> <span class='ocrx_word' id='word_1_279' title='bbox 1083 1669 1163 1690; x_wconf 86' lang='lat' dir='ltr'>raro</span> <span class='ocrx_word' id='word_1_280' title='bbox 1191 1658 1322 1700; x_wconf 90' lang='lat' dir='ltr'>aliquis</span> <span class='ocrx_word' id='word_1_281' title='bbox 1347 1660 1462 1691; x_wconf 89' lang='lat' dir='ltr'>utitur</span> <span class='ocrx_word' id='word_1_282' title='bbox 1492 1660 1586 1702; x_wconf 82' lang='lat' dir='ltr'>apud</span> <span class='ocrx_word' id='word_1_283' title='bbox 1612 1660 1814 1700; x_wconf 84' lang='lat' dir='ltr'>modernos,</span> 
     </span>
     <span class='ocr_line' id='line_1_26' title="bbox 91 1715 1814 1757; baseline 0.002 -12"><span class='ocrx_word' id='word_1_284' title='bbox 91 1715 161 1746; x_wconf 88' lang='lat' dir='ltr'>nisi</span> <span class='ocrx_word' id='word_1_285' title='bbox 188 1715 223 1745; x_wconf 90' lang='lat' dir='ltr'>in</span> <span class='ocrx_word' id='word_1_286' title='bbox 251 1715 351 1746; x_wconf 81' lang='lat' dir='ltr'>curia</span> <span class='ocrx_word' id='word_1_287' title='bbox 370 1715 550 1755; x_wconf 83' lang='lat' dir='ltr'>Romana,</span> <span class='ocrx_word' id='word_1_288' title='bbox 577 1727 609 1747; x_wconf 90' lang='lat' dir='ltr'>v.</span> <span class='ocrx_word' id='word_1_289' title='bbox 631 1726 682 1757; x_wconf 79' lang='lat' dir='ltr'>gr.</span> <span class='ocrx_word' id='word_1_290' title='bbox 704 1715 794 1754; x_wconf 80' lang='lat' dir='ltr'>‘Qui</span> <span class='ocrx_word' id='word_1_291' title='bbox 819 1716 889 1747; x_wconf 83' lang='lat' dir='ltr'>scit</span> <span class='ocrx_word' id='word_1_292' title='bbox 913 1725 951 1746; x_wconf 88' lang='lat' dir='ltr'>se</span> <span class='ocrx_word' id='word_1_293' title='bbox 979 1716 1064 1747; x_wconf 82' lang='lat' dir='ltr'>aliis</span> <span class='ocrx_word' id='word_1_294' title='bbox 1090 1717 1331 1757; x_wconf 87' lang='lat' dir='ltr'>prepositum,</span> <span class='ocrx_word' id='word_1_295' title='bbox 1360 1727 1429 1748; x_wconf 87' lang='lat' dir='ltr'>non</span> <span class='ocrx_word' id='word_1_296' title='bbox 1455 1716 1608 1748; x_wconf 86' lang='lat' dir='ltr'>moleste</span> <span class='ocrx_word' id='word_1_297' title='bbox 1636 1718 1730 1749; x_wconf 85' lang='lat' dir='ltr'>ferat</span> <span class='ocrx_word' id='word_1_298' title='bbox 1749 1717 1814 1749; x_wconf 85' lang='lat' dir='ltr'>ali-</span> 
     </span>
     <span class='ocr_line' id='line_1_27' title="bbox 92 1771 1813 1815; baseline 0.001 -13"><span class='ocrx_word' id='word_1_299' title='bbox 92 1781 197 1811; x_wconf 85' lang='lat' dir='ltr'>quem</span> <span class='ocrx_word' id='word_1_300' title='bbox 224 1771 294 1802; x_wconf 84' lang='lat' dir='ltr'>sibi</span> <span class='ocrx_word' id='word_1_301' title='bbox 321 1782 400 1802; x_wconf 87' lang='lat' dir='ltr'>esse</span> <span class='ocrx_word' id='word_1_302' title='bbox 427 1772 630 1813; x_wconf 87' lang='lat' dir='ltr'>prelatum:</span> <span class='ocrx_word' id='word_1_303' title='bbox 657 1773 738 1814; x_wconf 89' lang='lat' dir='ltr'>ipsa</span> <span class='ocrx_word' id='word_1_304' title='bbox 763 1782 918 1813; x_wconf 81' lang='lat' dir='ltr'>namque</span> <span class='ocrx_word' id='word_1_305' title='bbox 938 1773 1098 1803; x_wconf 80' lang='lat' dir='ltr'>Romana</span> <span class='ocrx_word' id='word_1_306' title='bbox 1126 1772 1304 1812; x_wconf 87' lang='lat' dir='ltr'>ecclesia,</span> <span class='ocrx_word' id='word_1_307' title='bbox 1333 1783 1400 1814; x_wconf 82' lang='lat' dir='ltr'>que</span> <span class='ocrx_word' id='word_1_308' title='bbox 1427 1773 1639 1815; x_wconf 78' lang='lat' dir='ltr'>disponente</span> <span class='ocrx_word' id='word_1_309' title='bbox 1658 1774 1813 1806; x_wconf 86' lang='lat' dir='ltr'>Domino</span> 
     </span>
     <span class='ocr_line' id='line_1_28' title="bbox 93 1827 1813 1872; baseline 0.002 -14"><span class='ocrx_word' id='word_1_310' title='bbox 93 1832 208 1859; x_wconf 86' lang='lat' dir='ltr'>mater</span> <span class='ocrx_word' id='word_1_311' title='bbox 233 1831 289 1859; x_wconf 90' lang='lat' dir='ltr'>est</span> <span class='ocrx_word' id='word_1_312' title='bbox 315 1832 525 1859; x_wconf 87' lang='lat' dir='ltr'>cunctorum</span> <span class='ocrx_word' id='word_1_313' title='bbox 550 1827 725 1869; x_wconf 84' lang='lat' dir='ltr'>fidelium,</span> <span class='ocrx_word' id='word_1_314' title='bbox 759 1829 812 1859; x_wconf 85' lang='lat' dir='ltr'>ita</span> <span class='ocrx_word' id='word_1_315' title='bbox 844 1829 940 1860; x_wconf 83' lang='lat' dir='ltr'>vires</span> <span class='ocrx_word' id='word_1_316' title='bbox 966 1839 1052 1860; x_wconf 83' lang='lat' dir='ltr'>suas</span> <span class='ocrx_word' id='word_1_317' title='bbox 1080 1828 1163 1860; x_wconf 82' lang='lat' dir='ltr'>aliis</span> <span class='ocrx_word' id='word_1_318' title='bbox 1190 1828 1359 1861; x_wconf 87' lang='lat' dir='ltr'>ecclesiis</span> <span class='ocrx_word' id='word_1_319' title='bbox 1385 1829 1564 1871; x_wconf 86' lang='lat' dir='ltr'>disposuit</span> <span class='ocrx_word' id='word_1_320' title='bbox 1588 1830 1813 1872; x_wconf 84' lang='lat' dir='ltr'>largiendas,</span> 
     </span>
     <span class='ocr_line' id='line_1_29' title="bbox 92 1885 1815 1927; baseline 0.002 -13"><span class='ocrx_word' id='word_1_321' title='bbox 92 1888 131 1915; x_wconf 84' lang='lat' dir='ltr'>ut</span> <span class='ocrx_word' id='word_1_322' title='bbox 161 1885 197 1914; x_wconf 87' lang='lat' dir='ltr'>in</span> <span class='ocrx_word' id='word_1_323' title='bbox 229 1888 369 1926; x_wconf 88' lang='lat' dir='ltr'>partem</span> <span class='ocrx_word' id='word_1_324' title='bbox 400 1888 530 1916; x_wconf 82' lang='lat' dir='ltr'>vocate</span> <span class='ocrx_word' id='word_1_325' title='bbox 564 1885 637 1916; x_wconf 88' lang='lat' dir='ltr'>sint</span> <span class='ocrx_word' id='word_1_326' title='bbox 669 1885 944 1924; x_wconf 88' lang='lat' dir='ltr'>sollicitudinis,</span> <span class='ocrx_word' id='word_1_327' title='bbox 982 1895 1053 1916; x_wconf 88' lang='lat' dir='ltr'>non</span> <span class='ocrx_word' id='word_1_328' title='bbox 1086 1885 1123 1915; x_wconf 87' lang='lat' dir='ltr'>in</span> <span class='ocrx_word' id='word_1_329' title='bbox 1154 1885 1423 1926; x_wconf 87' lang='lat' dir='ltr'>plenitudinem</span> <span class='ocrx_word' id='word_1_330' title='bbox 1454 1887 1664 1927; x_wconf 86' lang='lat' dir='ltr'>potestatis.</span> <span class='ocrx_word' id='word_1_331' title='bbox 1720 1887 1815 1917; x_wconf 86' lang='lat' dir='ltr'>Hinc</span> 
     </span>
     <span class='ocr_line' id='line_1_30' title="bbox 92 1938 1814 1984; baseline 0.001 -13"><span class='ocrx_word' id='word_1_332' title='bbox 92 1943 148 1971; x_wconf 86' lang='lat' dir='ltr'>est</span> <span class='ocrx_word' id='word_1_333' title='bbox 172 1938 253 1972; x_wconf 82' lang='lat' dir='ltr'>&amp;c.&#39;</span> <span class='ocrx_word' id='word_1_334' title='bbox 308 1941 537 1973; x_wconf 88' lang='lat' dir='ltr'>Prohemium</span> <span class='ocrx_word' id='word_1_335' title='bbox 570 1945 625 1972; x_wconf 87' lang='lat' dir='ltr'>est</span> <span class='ocrx_word' id='word_1_336' title='bbox 661 1952 777 1973; x_wconf 88' lang='lat' dir='ltr'>sermo</span> <span class='ocrx_word' id='word_1_337' title='bbox 809 1941 1041 1983; x_wconf 83' lang='lat' dir='ltr'>preambulus</span> <span class='ocrx_word' id='word_1_338' title='bbox 1074 1941 1121 1972; x_wconf 85' lang='lat' dir='ltr'>ad</span> <span class='ocrx_word' id='word_1_339' title='bbox 1153 1941 1326 1982; x_wconf 86' lang='lat' dir='ltr'>dicenda,</span> <span class='ocrx_word' id='word_1_340' title='bbox 1359 1943 1410 1974; x_wconf 85' lang='lat' dir='ltr'>sic</span> <span class='ocrx_word' id='word_1_341' title='bbox 1441 1953 1473 1974; x_wconf 93' lang='lat' dir='ltr'>v.</span> <span class='ocrx_word' id='word_1_342' title='bbox 1500 1953 1552 1984; x_wconf 85' lang='lat' dir='ltr'>gr.</span> <span class='ocrx_word' id='word_1_343' title='bbox 1579 1942 1686 1974; x_wconf 79' lang='lat' dir='ltr'>‘Cum</span> <span class='ocrx_word' id='word_1_344' title='bbox 1719 1942 1814 1974; x_wconf 83' lang='lat' dir='ltr'>tales</span> 
     </span>
     <span class='ocr_line' id='line_1_31' title="bbox 91 1997 1815 2039; baseline 0.002 -11"><span class='ocrx_word' id='word_1_345' title='bbox 91 2007 170 2028; x_wconf 90' lang='lat' dir='ltr'>esse</span> <span class='ocrx_word' id='word_1_346' title='bbox 198 1997 392 2029; x_wconf 80' lang='lat' dir='ltr'>debeamus</span> <span class='ocrx_word' id='word_1_347' title='bbox 418 1997 512 2039; x_wconf 85' lang='lat' dir='ltr'>apud</span> <span class='ocrx_word' id='word_1_348' title='bbox 539 1997 701 2029; x_wconf 86' lang='lat' dir='ltr'>subditos</span> <span class='ocrx_word' id='word_1_349' title='bbox 728 1997 854 2038; x_wconf 87' lang='lat' dir='ltr'>quales</span> <span class='ocrx_word' id='word_1_350' title='bbox 879 2008 959 2038; x_wconf 84' lang='lat' dir='ltr'>nos,</span> <span class='ocrx_word' id='word_1_351' title='bbox 988 2008 1067 2028; x_wconf 89' lang='lat' dir='ltr'>cum</span> <span class='ocrx_word' id='word_1_352' title='bbox 1086 1997 1223 2029; x_wconf 87' lang='lat' dir='ltr'>subditi</span> <span class='ocrx_word' id='word_1_353' title='bbox 1242 2008 1420 2039; x_wconf 84' lang='lat' dir='ltr'>essemus,</span> <span class='ocrx_word' id='word_1_354' title='bbox 1440 2002 1584 2030; x_wconf 91' lang='lat' dir='ltr'>nostros</span> <span class='ocrx_word' id='word_1_355' title='bbox 1609 2009 1688 2030; x_wconf 89' lang='lat' dir='ltr'>esse</span> <span class='ocrx_word' id='word_1_356' title='bbox 1716 1999 1815 2031; x_wconf 90' lang='lat' dir='ltr'>volu-</span> 
     </span>
     <span class='ocr_line' id='line_1_32' title="bbox 92 2053 1813 2096; baseline 0.002 -12"><span class='ocrx_word' id='word_1_357' title='bbox 92 2064 168 2084; x_wconf 88' lang='lat' dir='ltr'>mus</span> <span class='ocrx_word' id='word_1_358' title='bbox 192 2053 373 2095; x_wconf 85' lang='lat' dir='ltr'>prelatos,</span> <span class='ocrx_word' id='word_1_359' title='bbox 400 2054 569 2085; x_wconf 82' lang='lat' dir='ltr'>miramur</span> <span class='ocrx_word' id='word_1_360' title='bbox 592 2054 845 2095; x_wconf 86' lang='lat' dir='ltr'>vehementer,</span> <span class='ocrx_word' id='word_1_361' title='bbox 881 2054 973 2096; x_wconf 84' lang='lat' dir='ltr'>quod</span> <span class='ocrx_word' id='word_1_362' title='bbox 1005 2057 1130 2085; x_wconf 83' lang='lat' dir='ltr'>contra</span> <span class='ocrx_word' id='word_1_363' title='bbox 1156 2054 1267 2085; x_wconf 81' lang='lat' dir='ltr'>talem</span> <span class='ocrx_word' id='word_1_364' title='bbox 1295 2054 1467 2086; x_wconf 87' lang='lat' dir='ltr'>clericum</span> <span class='ocrx_word' id='word_1_365' title='bbox 1493 2055 1662 2096; x_wconf 82' lang='lat' dir='ltr'>rigiditas</span> <span class='ocrx_word' id='word_1_366' title='bbox 1688 2058 1813 2087; x_wconf 84' lang='lat' dir='ltr'>vestra</span> 
     </span>
     <span class='ocr_line' id='line_1_33' title="bbox 94 2108 1812 2152; baseline 0.001 -11"><span class='ocrx_word' id='word_1_367' title='bbox 94 2110 183 2141; x_wconf 88' lang='lat' dir='ltr'>adeo</span> <span class='ocrx_word' id='word_1_368' title='bbox 211 2114 264 2142; x_wconf 87' lang='lat' dir='ltr'>est</span> <span class='ocrx_word' id='word_1_369' title='bbox 291 2110 473 2141; x_wconf 86' lang='lat' dir='ltr'>effrenata</span> <span class='ocrx_word' id='word_1_370' title='bbox 499 2108 594 2145; x_wconf 81' lang='lat' dir='ltr'>&amp;c.&#39;&#39;</span> <span class='ocrx_word' id='word_1_371' title='bbox 624 2109 801 2152; x_wconf 88' lang='lat' dir='ltr'>Captacio</span> <span class='ocrx_word' id='word_1_372' title='bbox 833 2110 1088 2142; x_wconf 85' lang='lat' dir='ltr'>benivolencie</span> <span class='ocrx_word' id='word_1_373' title='bbox 1122 2114 1178 2142; x_wconf 90' lang='lat' dir='ltr'>est</span> <span class='ocrx_word' id='word_1_374' title='bbox 1204 2110 1383 2152; x_wconf 87' lang='lat' dir='ltr'>quoddam</span> <span class='ocrx_word' id='word_1_375' title='bbox 1410 2111 1714 2152; x_wconf 83' lang='lat' dir='ltr'>blandimentum,</span> <span class='ocrx_word' id='word_1_376' title='bbox 1743 2122 1812 2152; x_wconf 90' lang='lat' dir='ltr'>quo</span> 
     </span>
     <span class='ocr_line' id='line_1_34' title="bbox 92 2166 1815 2209; baseline 0.001 -12"><span class='ocrx_word' id='word_1_377' title='bbox 92 2166 306 2207; x_wconf 84' lang='lat' dir='ltr'>recipientis</span> <span class='ocrx_word' id='word_1_378' title='bbox 338 2167 478 2198; x_wconf 87' lang='lat' dir='ltr'>animus</span> <span class='ocrx_word' id='word_1_379' title='bbox 510 2166 702 2198; x_wconf 87' lang='lat' dir='ltr'>benivolus</span> <span class='ocrx_word' id='word_1_380' title='bbox 732 2167 896 2198; x_wconf 88' lang='lat' dir='ltr'>redditur</span> <span class='ocrx_word' id='word_1_381' title='bbox 927 2167 1027 2198; x_wconf 86' lang='lat' dir='ltr'>circa</span> <span class='ocrx_word' id='word_1_382' title='bbox 1059 2177 1250 2208; x_wconf 85' lang='lat' dir='ltr'>personam</span> <span class='ocrx_word' id='word_1_383' title='bbox 1283 2167 1502 2206; x_wconf 80' lang='lat' dir='ltr'>mittentem,</span> <span class='ocrx_word' id='word_1_384' title='bbox 1541 2179 1575 2200; x_wconf 87' lang='lat' dir='ltr'>v.</span> <span class='ocrx_word' id='word_1_385' title='bbox 1603 2179 1654 2209; x_wconf 81' lang='lat' dir='ltr'>gr.</span> <span class='ocrx_word' id='word_1_386' title='bbox 1684 2168 1815 2200; x_wconf 75' lang='lat' dir='ltr'>‘Vobis</span> 
     </span>
     <span class='ocr_line' id='line_1_35' title="bbox 92 2222 1814 2264; baseline 0.002 -12"><span class='ocrx_word' id='word_1_387' title='bbox 92 2223 292 2263; x_wconf 74' lang='lat' dir='ltr'>regi-aciari</span> <span class='ocrx_word' id='word_1_388' title='bbox 317 2233 388 2254; x_wconf 89' lang='lat' dir='ltr'>non</span> <span class='ocrx_word' id='word_1_389' title='bbox 413 2223 629 2264; x_wconf 88' lang='lat' dir='ltr'>sufficimus,</span> <span class='ocrx_word' id='word_1_390' title='bbox 661 2223 754 2264; x_wconf 88' lang='lat' dir='ltr'>quod</span> <span class='ocrx_word' id='word_1_391' title='bbox 779 2223 903 2255; x_wconf 85' lang='lat' dir='ltr'>multis</span> <span class='ocrx_word' id='word_1_392' title='bbox 928 2222 1186 2255; x_wconf 83' lang='lat' dir='ltr'>beneficiorum</span> <span class='ocrx_word' id='word_1_393' title='bbox 1212 2223 1388 2264; x_wconf 86' lang='lat' dir='ltr'>impensis</span> <span class='ocrx_word' id='word_1_394' title='bbox 1414 2223 1608 2255; x_wconf 86' lang='lat' dir='ltr'>effectibus</span> <span class='ocrx_word' id='word_1_395' title='bbox 1633 2224 1814 2256; x_wconf 87' lang='lat' dir='ltr'>hactenus</span> 
     </span>
     <span class='ocr_line' id='line_1_36' title="bbox 91 2279 1816 2322; baseline 0.001 -12"><span class='ocrx_word' id='word_1_396' title='bbox 91 2289 146 2310; x_wconf 87' lang='lat' dir='ltr'>me</span> <span class='ocrx_word' id='word_1_397' title='bbox 181 2280 364 2321; x_wconf 86' lang='lat' dir='ltr'>respicere</span> <span class='ocrx_word' id='word_1_398' title='bbox 397 2279 581 2319; x_wconf 87' lang='lat' dir='ltr'>voluistis,</span> <span class='ocrx_word' id='word_1_399' title='bbox 614 2279 707 2311; x_wconf 77' lang='lat' dir='ltr'>unde</span> <span class='ocrx_word' id='word_1_400' title='bbox 740 2279 835 2320; x_wconf 88' lang='lat' dir='ltr'>quod</span> <span class='ocrx_word' id='word_1_401' title='bbox 866 2290 930 2321; x_wconf 89' lang='lat' dir='ltr'>per</span> <span class='ocrx_word' id='word_1_402' title='bbox 961 2280 1057 2311; x_wconf 88' lang='lat' dir='ltr'>vires</span> <span class='ocrx_word' id='word_1_403' title='bbox 1089 2290 1189 2311; x_wconf 86' lang='lat' dir='ltr'>meas</span> <span class='ocrx_word' id='word_1_404' title='bbox 1220 2290 1289 2311; x_wconf 91' lang='lat' dir='ltr'>non</span> <span class='ocrx_word' id='word_1_405' title='bbox 1315 2280 1441 2319; x_wconf 86' lang='lat' dir='ltr'>valeo,</span> <span class='ocrx_word' id='word_1_406' title='bbox 1475 2280 1646 2322; x_wconf 84' lang='lat' dir='ltr'>suppleat</span> <span class='ocrx_word' id='word_1_407' title='bbox 1671 2282 1732 2322; x_wconf 86' lang='lat' dir='ltr'>qui</span> <span class='ocrx_word' id='word_1_408' title='bbox 1760 2284 1816 2312; x_wconf 90' lang='lat' dir='ltr'>est</span> 
     </span>
     <span class='ocr_line' id='line_1_37' title="bbox 91 2335 1815 2378; baseline 0.002 -12"><span class='ocrx_word' id='word_1_409' title='bbox 91 2335 264 2367; x_wconf 86' lang='lat' dir='ltr'>bonorum</span> <span class='ocrx_word' id='word_1_410' title='bbox 301 2336 457 2367; x_wconf 88' lang='lat' dir='ltr'>omnium</span> <span class='ocrx_word' id='word_1_411' title='bbox 495 2335 721 2370; x_wconf 82' lang='lat' dir='ltr'>retributor&#39;.</span> <span class='ocrx_word' id='word_1_412' title='bbox 781 2335 988 2367; x_wconf 83' lang='lat' dir='ltr'>Notandum</span> <span class='ocrx_word' id='word_1_413' title='bbox 1026 2346 1110 2368; x_wconf 86' lang='lat' dir='ltr'>vero</span> <span class='ocrx_word' id='word_1_414' title='bbox 1149 2336 1239 2378; x_wconf 82' lang='lat' dir='ltr'>quod</span> <span class='ocrx_word' id='word_1_415' title='bbox 1275 2337 1344 2367; x_wconf 88' lang='lat' dir='ltr'>hcc</span> <span class='ocrx_word' id='word_1_416' title='bbox 1373 2337 1556 2378; x_wconf 86' lang='lat' dir='ltr'>particula</span> <span class='ocrx_word' id='word_1_417' title='bbox 1590 2337 1699 2368; x_wconf 84' lang='lat' dir='ltr'>debet</span> <span class='ocrx_word' id='word_1_418' title='bbox 1732 2347 1815 2370; x_wconf 86' lang='lat' dir='ltr'>esse</span> 
     </span>
     <span class='ocr_line' id='line_1_38' title="bbox 92 2392 1813 2434; baseline 0.001 -11"><span class='ocrx_word' id='word_1_419' title='bbox 92 2402 239 2423; x_wconf 88' lang='lat' dir='ltr'>consors</span> <span class='ocrx_word' id='word_1_420' title='bbox 274 2402 353 2423; x_wconf 90' lang='lat' dir='ltr'>cum</span> <span class='ocrx_word' id='word_1_421' title='bbox 385 2393 624 2433; x_wconf 85' lang='lat' dir='ltr'>sequentibus</span> <span class='ocrx_word' id='word_1_422' title='bbox 656 2393 693 2424; x_wconf 90' lang='lat' dir='ltr'>in</span> <span class='ocrx_word' id='word_1_423' title='bbox 724 2393 896 2433; x_wconf 83' lang='lat' dir='ltr'>materia,</span> <span class='ocrx_word' id='word_1_424' title='bbox 930 2393 982 2423; x_wconf 86' lang='lat' dir='ltr'>ita</span> <span class='ocrx_word' id='word_1_425' title='bbox 1015 2392 1107 2434; x_wconf 90' lang='lat' dir='ltr'>quod</span> <span class='ocrx_word' id='word_1_426' title='bbox 1140 2392 1232 2424; x_wconf 87' lang='lat' dir='ltr'>bene</span> <span class='ocrx_word' id='word_1_427' title='bbox 1265 2393 1460 2425; x_wconf 85' lang='lat' dir='ltr'>conveniat</span> <span class='ocrx_word' id='word_1_428' title='bbox 1491 2394 1643 2425; x_wconf 81' lang='lat' dir='ltr'>materie</span> <span class='ocrx_word' id='word_1_429' title='bbox 1671 2398 1707 2425; x_wconf 89' lang='lat' dir='ltr'>et</span> <span class='ocrx_word' id='word_1_430' title='bbox 1732 2395 1813 2425; x_wconf 89' lang='lat' dir='ltr'>mit-</span> 
     </span>
     <span class='ocr_line' id='line_1_39' title="bbox 91 2448 1815 2491; baseline 0.001 -12"><span class='ocrx_word' id='word_1_431' title='bbox 91 2449 203 2480; x_wconf 90' lang='lat' dir='ltr'>tentis</span> <span class='ocrx_word' id='word_1_432' title='bbox 233 2448 403 2480; x_wconf 87' lang='lat' dir='ltr'>affectum</span> <span class='ocrx_word' id='word_1_433' title='bbox 437 2450 637 2491; x_wconf 86' lang='lat' dir='ltr'>exprimere</span> <span class='ocrx_word' id='word_1_434' title='bbox 669 2448 853 2489; x_wconf 87' lang='lat' dir='ltr'>videatur,</span> <span class='ocrx_word' id='word_1_435' title='bbox 890 2448 1054 2490; x_wconf 87' lang='lat' dir='ltr'>alioquin</span> <span class='ocrx_word' id='word_1_436' title='bbox 1087 2449 1202 2490; x_wconf 80' lang='lat' dir='ltr'>magis</span> <span class='ocrx_word' id='word_1_437' title='bbox 1235 2450 1303 2480; x_wconf 90' lang='lat' dir='ltr'>erit</span> <span class='ocrx_word' id='word_1_438' title='bbox 1333 2449 1504 2481; x_wconf 89' lang='lat' dir='ltr'>dedecori</span> <span class='ocrx_word' id='word_1_439' title='bbox 1536 2459 1643 2490; x_wconf 85' lang='lat' dir='ltr'>quam</span> <span class='ocrx_word' id='word_1_440' title='bbox 1676 2450 1815 2481; x_wconf 85' lang='lat' dir='ltr'>honori.</span> 
     </span>
     <span class='ocr_line' id='line_1_40' title="bbox 90 2505 1814 2547; baseline 0.002 -12"><span class='ocrx_word' id='word_1_441' title='bbox 90 2505 181 2536; x_wconf 85' lang='lat' dir='ltr'>Item</span> <span class='ocrx_word' id='word_1_442' title='bbox 206 2505 403 2536; x_wconf 85' lang='lat' dir='ltr'>notandum</span> <span class='ocrx_word' id='word_1_443' title='bbox 435 2505 528 2546; x_wconf 88' lang='lat' dir='ltr'>quod</span> <span class='ocrx_word' id='word_1_444' title='bbox 561 2506 812 2547; x_wconf 83' lang='lat' dir='ltr'>captacionem</span> <span class='ocrx_word' id='word_1_445' title='bbox 844 2505 1096 2538; x_wconf 86' lang='lat' dir='ltr'>benivolencie</span> <span class='ocrx_word' id='word_1_446' title='bbox 1129 2516 1200 2537; x_wconf 88' lang='lat' dir='ltr'>nou</span> <span class='ocrx_word' id='word_1_447' title='bbox 1230 2508 1285 2537; x_wconf 87' lang='lat' dir='ltr'>cst</span> <span class='ocrx_word' id='word_1_448' title='bbox 1316 2515 1466 2537; x_wconf 89' lang='lat' dir='ltr'>necesse</span> <span class='ocrx_word' id='word_1_449' title='bbox 1497 2516 1639 2547; x_wconf 89' lang='lat' dir='ltr'>semper</span> <span class='ocrx_word' id='word_1_450' title='bbox 1670 2517 1814 2547; x_wconf 88' lang='lat' dir='ltr'>ponere,</span> 
     </span>
     <span class='ocr_line' id='line_1_41' title="bbox 93 2561 1815 2603; baseline 0 -11"><span class='ocrx_word' id='word_1_451' title='bbox 93 2562 177 2602; x_wconf 87' lang='lat' dir='ltr'>quia</span> <span class='ocrx_word' id='word_1_452' title='bbox 210 2561 426 2602; x_wconf 85' lang='lat' dir='ltr'>quandoque</span> <span class='ocrx_word' id='word_1_453' title='bbox 457 2565 603 2594; x_wconf 87' lang='lat' dir='ltr'>tacetur</span> <span class='ocrx_word' id='word_1_454' title='bbox 632 2562 795 2602; x_wconf 90' lang='lat' dir='ltr'>omnino,</span> <span class='ocrx_word' id='word_1_455' title='bbox 835 2562 1053 2603; x_wconf 87' lang='lat' dir='ltr'>quandoque</span> <span class='ocrx_word' id='word_1_456' title='bbox 1085 2561 1281 2594; x_wconf 89' lang='lat' dir='ltr'>artificiose</span> <span class='ocrx_word' id='word_1_457' title='bbox 1313 2562 1487 2594; x_wconf 84' lang='lat' dir='ltr'>inseritur</span> <span class='ocrx_word' id='word_1_458' title='bbox 1516 2562 1726 2594; x_wconf 84' lang='lat' dir='ltr'>narracioni</span> <span class='ocrx_word' id='word_1_459' title='bbox 1757 2561 1815 2594; x_wconf 90' lang='lat' dir='ltr'>vel</span> 
     </span>
     <span class='ocr_line' id='line_1_42' title="bbox 93 2618 282 2659; baseline -0.005 -10"><span class='ocrx_word' id='word_1_460' title='bbox 93 2618 282 2659; x_wconf 84' lang='lat' dir='ltr'>peticioni.</span> 
     </span>
    </p>

    <p class='ocr_par' dir='ltr' id='par_1_5' title="bbox 92 2671 1817 3111">
     <span class='ocr_line' id='line_1_43' title="bbox 95 2671 1815 2716; baseline 0 -12"><span class='ocrx_word' id='word_1_461' title='bbox 95 2671 159 2716; x_wconf 68' lang='grc'>[3.]</span> <span class='ocrx_word' id='word_1_462' title='bbox 188 2684 233 2705; x_wconf 73' lang='lat' dir='ltr'>ne</span> <span class='ocrx_word' id='word_1_463' title='bbox 261 2683 496 2706; x_wconf 77' lang='lat' dir='ltr'>NARRACIONE</span> <span class='ocrx_word' id='word_1_464' title='bbox 515 2700 521 2706; x_wconf 92' lang='lat'><strong>.</strong></span> <span class='ocrx_word' id='word_1_465' title='bbox 539 2700 568 2706; x_wconf 95' lang='lat'>..</span> <span class='ocrx_word' id='word_1_466' title='bbox 600 2676 667 2706; x_wconf 89' lang='lat' dir='ltr'>Est</span> <span class='ocrx_word' id='word_1_467' title='bbox 692 2678 811 2707; x_wconf 88' lang='lat' dir='ltr'>autem</span> <span class='ocrx_word' id='word_1_468' title='bbox 838 2675 1007 2707; x_wconf 87' lang='lat' dir='ltr'>narracio</span> <span class='ocrx_word' id='word_1_469' title='bbox 1034 2685 1151 2706; x_wconf 87' lang='lat' dir='ltr'>rerum</span> <span class='ocrx_word' id='word_1_470' title='bbox 1178 2678 1432 2716; x_wconf 86' lang='lat' dir='ltr'>congestarum</span> <span class='ocrx_word' id='word_1_471' title='bbox 1458 2674 1619 2715; x_wconf 82' lang='lat' dir='ltr'>posici03</span> <span class='ocrx_word' id='word_1_472' title='bbox 1646 2674 1815 2705; x_wconf 75' lang='lat' dir='ltr'>nari-acio</span> 
     </span>
     <span class='ocr_line' id='line_1_44' title="bbox 94 2731 1816 2772; baseline 0.001 -12"><span class='ocrx_word' id='word_1_473' title='bbox 94 2733 150 2761; x_wconf 79' lang='lat' dir='ltr'>est</span> <span class='ocrx_word' id='word_1_474' title='bbox 180 2731 399 2762; x_wconf 88' lang='lat' dir='ltr'>intencionis</span> <span class='ocrx_word' id='word_1_475' title='bbox 435 2731 510 2761; x_wconf 91' lang='lat' dir='ltr'>eius</span> <span class='ocrx_word' id='word_1_476' title='bbox 544 2731 604 2772; x_wconf 89' lang='lat' dir='ltr'>qui</span> <span class='ocrx_word' id='word_1_477' title='bbox 636 2732 765 2762; x_wconf 87' lang='lat' dir='ltr'>scribit</span> <span class='ocrx_word' id='word_1_478' title='bbox 797 2731 1010 2772; x_wconf 79' lang='lat' dir='ltr'>explicaeio.</span> <span class='ocrx_word' id='word_1_479' title='bbox 1072 2731 1273 2762; x_wconf 87' lang='lat' dir='ltr'>Notandum</span> <span class='ocrx_word' id='word_1_480' title='bbox 1306 2731 1420 2762; x_wconf 90' lang='lat' dir='ltr'>eciam</span> <span class='ocrx_word' id='word_1_481' title='bbox 1453 2731 1482 2761; x_wconf 91' lang='lat' dir='ltr'>si</span> <span class='ocrx_word' id='word_1_482' title='bbox 1514 2731 1655 2762; x_wconf 89' lang='lat' dir='ltr'>scribas</span> <span class='ocrx_word' id='word_1_483' title='bbox 1687 2731 1816 2762; x_wconf 80' lang='lat' dir='ltr'>maiori</span> 
     </span>
     <span class='ocr_line' id='line_1_45' title="bbox 93 2785 1816 2829; baseline -0.001 -10"><span class='ocrx_word' id='word_1_484' title='bbox 93 2797 245 2828; x_wconf 81' lang='lat' dir='ltr'>persone</span> <span class='ocrx_word' id='word_1_485' title='bbox 278 2787 373 2818; x_wconf 91' lang='lat' dir='ltr'>inter</span> <span class='ocrx_word' id='word_1_486' title='bbox 398 2786 513 2819; x_wconf 87' lang='lat' dir='ltr'>laicos</span> <span class='ocrx_word' id='word_1_487' title='bbox 539 2787 591 2818; x_wconf 90' lang='lat' dir='ltr'>sic</span> <span class='ocrx_word' id='word_1_488' title='bbox 617 2787 721 2819; x_wconf 87' lang='lat' dir='ltr'>dicas</span> <span class='ocrx_word' id='word_1_489' title='bbox 745 2788 781 2818; x_wconf 89' lang='lat' dir='ltr'>in</span> <span class='ocrx_word' id='word_1_490' title='bbox 808 2787 983 2829; x_wconf 86' lang='lat' dir='ltr'>principio</span> <span class='ocrx_word' id='word_1_491' title='bbox 1009 2786 1236 2818; x_wconf 85' lang='lat' dir='ltr'>narracionis</span> <span class='ocrx_word' id='word_1_492' title='bbox 1270 2785 1519 2818; x_wconf 82' lang='lat' dir='ltr'>‘Excellencic</span> <span class='ocrx_word' id='word_1_493' title='bbox 1545 2786 1603 2819; x_wconf 91' lang='lat' dir='ltr'>vel</span> <span class='ocrx_word' id='word_1_494' title='bbox 1629 2787 1816 2818; x_wconf 87' lang='lat' dir='ltr'>nobilitati</span> 
     </span>
     <span class='ocr_line' id='line_1_46' title="bbox 92 2841 1815 2885; baseline 0 -11"><span class='ocrx_word' id='word_1_495' title='bbox 92 2847 213 2875; x_wconf 87' lang='lat' dir='ltr'>vestre</span> <span class='ocrx_word' id='word_1_496' title='bbox 239 2841 436 2885; x_wconf 87' lang='lat' dir='ltr'>significo’.</span> <span class='ocrx_word' id='word_1_497' title='bbox 487 2843 579 2875; x_wconf 87' lang='lat' dir='ltr'>Item</span> <span class='ocrx_word' id='word_1_498' title='bbox 604 2843 818 2882; x_wconf 88' lang='lat' dir='ltr'>notandum,</span> <span class='ocrx_word' id='word_1_499' title='bbox 853 2844 884 2874; x_wconf 89' lang='lat' dir='ltr'>si</span> <span class='ocrx_word' id='word_1_500' title='bbox 909 2844 1038 2874; x_wconf 89' lang='lat' dir='ltr'>maiori</span> <span class='ocrx_word' id='word_1_501' title='bbox 1064 2843 1100 2874; x_wconf 87' lang='lat' dir='ltr'>in</span> <span class='ocrx_word' id='word_1_502' title='bbox 1127 2842 1224 2874; x_wconf 88' lang='lat' dir='ltr'>clero</span> <span class='ocrx_word' id='word_1_503' title='bbox 1250 2843 1459 2884; x_wconf 86' lang='lat' dir='ltr'>scripseris,</span> <span class='ocrx_word' id='word_1_504' title='bbox 1487 2843 1589 2875; x_wconf 88' lang='lat' dir='ltr'>dicas</span> <span class='ocrx_word' id='word_1_505' title='bbox 1615 2843 1815 2875; x_wconf 85' lang='lat' dir='ltr'>‘Reveren-</span> 
     </span>
     <span class='ocr_line' id='line_1_47' title="bbox 93 2897 1817 2941; baseline 0 -10"><span class='ocrx_word' id='word_1_506' title='bbox 93 2901 148 2931; x_wconf 86' lang='lat' dir='ltr'>cie</span> <span class='ocrx_word' id='word_1_507' title='bbox 166 2900 224 2932; x_wconf 89' lang='lat' dir='ltr'>vel</span> <span class='ocrx_word' id='word_1_508' title='bbox 246 2900 457 2941; x_wconf 64' lang='lat' dir='ltr'>sanctitati,</span> <span class='ocrx_word' id='word_1_509' title='bbox 477 2899 690 2941; x_wconf 88' lang='lat' dir='ltr'>prudencie,</span> <span class='ocrx_word' id='word_1_510' title='bbox 714 2900 934 2931; x_wconf 87' lang='lat' dir='ltr'>discrecioni</span> <span class='ocrx_word' id='word_1_511' title='bbox 952 2903 1073 2931; x_wconf 88' lang='lat' dir='ltr'>vestre</span> <span class='ocrx_word' id='word_1_512' title='bbox 1093 2897 1288 2940; x_wconf 81' lang='lat' dir='ltr'>siguifico&#39;.</span> <span class='ocrx_word' id='word_1_513' title='bbox 1337 2899 1540 2931; x_wconf 85' lang='lat' dir='ltr'>Notandum</span> <span class='ocrx_word' id='word_1_514' title='bbox 1560 2900 1696 2941; x_wconf 84' lang='lat' dir='ltr'>eciam,</span> <span class='ocrx_word' id='word_1_515' title='bbox 1723 2900 1817 2941; x_wconf 87' lang='lat' dir='ltr'>quod</span> 
     </span>
     <span class='ocr_line' id='line_1_48' title="bbox 92 2955 1815 2998; baseline -0.001 -10"><span class='ocrx_word' id='word_1_516' title='bbox 92 2957 260 2989; x_wconf 85' lang='lat' dir='ltr'>narracio</span> <span class='ocrx_word' id='word_1_517' title='bbox 292 2956 365 2988; x_wconf 85' lang='lat' dir='ltr'>alia</span> <span class='ocrx_word' id='word_1_518' title='bbox 399 2960 454 2988; x_wconf 89' lang='lat' dir='ltr'>cst</span> <span class='ocrx_word' id='word_1_519' title='bbox 482 2955 650 2997; x_wconf 83' lang='lat' dir='ltr'>simplex,</span> <span class='ocrx_word' id='word_1_520' title='bbox 684 2956 760 2987; x_wconf 83' lang='lat' dir='ltr'>alia</span> <span class='ocrx_word' id='word_1_521' title='bbox 786 2955 934 2997; x_wconf 84' lang='lat' dir='ltr'>duplex,</span> <span class='ocrx_word' id='word_1_522' title='bbox 969 2955 1044 2986; x_wconf 88' lang='lat' dir='ltr'>alia</span> <span class='ocrx_word' id='word_1_523' title='bbox 1070 2955 1270 2996; x_wconf 84' lang='lat' dir='ltr'>multiplex.</span> <span class='ocrx_word' id='word_1_524' title='bbox 1309 2955 1461 2998; x_wconf 85' lang='lat' dir='ltr'>simplex</span> <span class='ocrx_word' id='word_1_525' title='bbox 1487 2959 1543 2988; x_wconf 86' lang='lat' dir='ltr'>est</span> <span class='ocrx_word' id='word_1_526' title='bbox 1568 2957 1711 2998; x_wconf 86' lang='lat' dir='ltr'>quando</span> <span class='ocrx_word' id='word_1_527' title='bbox 1739 2960 1815 2987; x_wconf 89' lang='lat' dir='ltr'>tan-</span> 
     </span>
     <span class='ocr_line' id='line_1_49' title="bbox 92 3011 1817 3054; baseline 0 -10"><span class='ocrx_word' id='word_1_528' title='bbox 92 3016 166 3044; x_wconf 89' lang='lat' dir='ltr'>tum</span> <span class='ocrx_word' id='word_1_529' title='bbox 190 3023 298 3044; x_wconf 90' lang='lat' dir='ltr'>unum</span> <span class='ocrx_word' id='word_1_530' title='bbox 324 3017 494 3045; x_wconf 85' lang='lat' dir='ltr'>narratur</span> <span class='ocrx_word' id='word_1_531' title='bbox 518 3013 725 3054; x_wconf 84' lang='lat' dir='ltr'>negocium,</span> <span class='ocrx_word' id='word_1_532' title='bbox 759 3012 891 3053; x_wconf 87' lang='lat' dir='ltr'>duplex</span> <span class='ocrx_word' id='word_1_533' title='bbox 918 3016 974 3043; x_wconf 88' lang='lat' dir='ltr'>est</span> <span class='ocrx_word' id='word_1_534' title='bbox 999 3011 1142 3052; x_wconf 87' lang='lat' dir='ltr'>quando</span> <span class='ocrx_word' id='word_1_535' title='bbox 1170 3011 1239 3042; x_wconf 86' lang='lat' dir='ltr'>duo</span> <span class='ocrx_word' id='word_1_536' title='bbox 1266 3016 1464 3044; x_wconf 80' lang='lat' dir='ltr'>narrantur</span> <span class='ocrx_word' id='word_1_537' title='bbox 1489 3013 1662 3054; x_wconf 84' lang='lat' dir='ltr'>negocia,</span> <span class='ocrx_word' id='word_1_538' title='bbox 1695 3013 1817 3044; x_wconf 87' lang='lat' dir='ltr'>multi-</span> 
     </span>
     <span class='ocr_line' id='line_1_50' title="bbox 93 3068 1815 3111; baseline -0.001 -11"><span class='ocrx_word' id='word_1_539' title='bbox 93 3069 175 3111; x_wconf 86' lang='lat' dir='ltr'>plex</span> <span class='ocrx_word' id='word_1_540' title='bbox 213 3070 356 3110; x_wconf 80' lang='lat' dir='ltr'>quando</span> <span class='ocrx_word' id='word_1_541' title='bbox 393 3069 496 3111; x_wconf 84' lang='lat' dir='ltr'>plura</span> <span class='ocrx_word' id='word_1_542' title='bbox 534 3073 729 3100; x_wconf 84' lang='lat' dir='ltr'>narrantur</span> <span class='ocrx_word' id='word_1_543' title='bbox 765 3069 934 3110; x_wconf 82' lang='lat' dir='ltr'>negocia.</span> <span class='ocrx_word' id='word_1_544' title='bbox 989 3068 1058 3100; x_wconf 84' lang='lat' dir='ltr'>Sed</span> <span class='ocrx_word' id='word_1_545' title='bbox 1096 3069 1254 3100; x_wconf 79' lang='lat' dir='ltr'>maxima</span> <span class='ocrx_word' id='word_1_546' title='bbox 1287 3070 1413 3101; x_wconf 79' lang='lat' dir='ltr'>caucin</span> <span class='ocrx_word' id='word_1_547' title='bbox 1448 3074 1504 3102; x_wconf 84' lang='lat' dir='ltr'>est</span> <span class='ocrx_word' id='word_1_548' title='bbox 1538 3069 1748 3101; x_wconf 84' lang='lat' dir='ltr'>adhibenda</span> <span class='ocrx_word' id='word_1_549' title='bbox 1780 3069 1815 3099; x_wconf 85' lang='lat' dir='ltr'>in</span> 
     </span>
    </p>
   </div>
   <div class='ocr_carea' id='block_1_5' title="bbox 831 3128 1547 3158">
    <p class='ocr_par' dir='ltr' id='par_1_6' title="bbox 831 3128 1547 3158">
     <span class='ocr_line' id='line_1_51' title="bbox 831 3128 1547 3158; baseline 0.003 -2"><span class='ocrx_word' id='word_1_550' title='bbox 831 3142 844 3156; x_wconf 89' lang='lat'>.</span> <span class='ocrx_word' id='word_1_551' title='bbox 1479 3128 1547 3158; x_wconf 47' lang='lat'>272:</span> 
     </span>
    </p>
   </div>
  </div>
 </body>
</html>
