2119 3522
280 203 377 246 474
773 218 879 239 INDEX
903 216 1155 238 BIOGBAPHICVS
1178 216 1221 237 ET
1245 215 1486 238 OXOMASTICVS.

277 332 358 363 Alia
384 341 521 372 quoque
546 329 719 361 nonnulla
744 339 813 370 que
839 329 890 360 ad·
907 328 1081 360 noticiam
1108 338 1223 359 meam
1247 338 1318 359 non
1342 332 1527 361 venerunt.
1584 328 1725 360 Claruit
1750 330 1814 361 sub
1838 333 1983 371 ruperto

278 388 428 418 bauario
453 386 672 427 imperatore
699 395 793 416 anno
819 384 964 415 domini.
991 384 1048 416 Βῖ-
1056 383 1156 417 CCC.

279 445 345 481 Ad
384 449 565 480 nostrum
600 443 733 479 refero
767 455 816 479 ex
846 442 903 478 eis
940 454 1027 491 quae
1058 441 1342 478 Hartzliemius
1375 441 1557 490 protulit,
1590 441 1692 479 haec:
1725 412 1985 488 „libelalium

279 500 421 537 artium
459 505 498 535 et
539 511 590 535 ss.
620 498 741 535 theol.
772 498 875 547 profi
905 497 946 533 in
992 497 1211 534 universali
1257 497 1388 534 studio
1429 496 1661 534 Coloniensi
1699 512 1735 535 a.
1770 499 1982 535 1497.17.

279 556 414 593 Martii
453 555 614 604 eligitur
652 555 842 591 Decanus
882 553 1084 590 facultatis
1123 553 1267 589 artium
1303 553 1430 602 primo
1461 554 1656 590 semestri.
1717 553 1916 604 Scripsit.
1942 584 1949 590 .
1975 583 1982 591 .

280 612 317 647 4.
340 611 554 648 Tractatus
585 610 634 647 de
667 608 931 647 cadaveribus
962 608 1228 646 maleficorum
1260 614 1384 645 morte
1414 609 1645 658 punitorum
1673 609 1725 646 ad
1756 609 1983 647 considera—

279 667 428 703 tionem
450 666 703 703 Alemanniae
723 665 955 715 Principum
987 670 1025 701 et
1056 664 1223 701 aliorum
1253 663 1436 701 Indicum
1467 678 1539 714 per
1561 664 1784 702 Gerardum
1817 665 1866 703 de
1893 665 1983 702 Zut-

278 723 430 772 phania
467 722 692 759 liberalium
730 722 874 758 artium
913 727 951 758 et
990 734 1110 757 sacrae
1141 720 1376 769 Theologiae
1407 720 1683 757 Professorem
1721 734 1791 771 pro
1830 721 1984 758 honore

278 779 417 828 patriae
449 778 490 814 in
521 778 740 815 clarissimo
762 777 984 814 universali
1014 776 1147 813 studio
1171 775 1406 813 Coloniensi
1437 776 1684 826 compilatus,
1719 777 1760 813 in
1781 777 1838 815 4⁰.
1865 778 1982 814 1508.

279 834 460 884 Scriptus
492 840 552 871 est
582 839 721 871 contra
750 833 914 870 Petrum
936 833 1217 870 Ravennatem
1240 833 1271 869 I.
1294 832 1344 869 V.
1366 832 1583 870 Doctorem
1615 838 1652 869 et
1684 833 1883 882 Equitem,
1917 833 1985 882 qui

278 890 510 939 Principum
548 890 695 927 iudicia
727 890 875 939 carpsit
910 889 1223 938 relinquentium
1263 901 1431 938 corpora
1465 888 1741 925 damnatorum
1777 895 1903 926 morte
1941 889 1983 925 in

278 946 399 983 furcis
423 952 461 983 et.
482 946 620 984 rotis“.
666 946 728 983 De
761 945 872 995 glosa
895 944 1063 981 notabili
1095 958 1217 993 super
1238 943 1514 981 Alexandrum
1525 943 1537 960 ‘³'
1567 944 1668 981 nihil
1696 944 1817 981 habet
1839 945 1983 982 Hartz—

276 1002 430 1039 hemius
462 1008 499 1039 et
537 1015 634 1051 quas
675 1006 882 1046 memorat,
924 1007 965 1037 ut
996 1014 1117 1050 supra
1147 1000 1324 1036 Ioannes
1354 1000 1662 1045 Piemontanus,
1707 1000 1983 1050 ‘Quaestiones

277 1058 571 1095 sententiarum
601 1057 800 1094 notabiles
830 1056 928 1093 libb.
952 1068 1028 1092 1111.
1053 1062 1091 1093 et
1120 1055 1373 1105 Quaestiones
1405 1055 1733 1105 quodlibetarias,
1766 1056 1809 1092 in
1839 1056 1983 1106 quibus

277 1114 402 1150 multa
433 1127 502 1163 pro
543 1113 770 1150 eruditione
811 1112 1095 1162 discipulorum
1128 1111 1406 1156 deterlninat',
1447 1112 1483 1148 ei
1515 1110 1718 1157 Gerardo,
1761 1112 1848 1162 ‘qui
1880 1112 1984 1149 circa

277 1183 312 1206 a.
339 1170 456 1206 1400.
480 1169 653 1213 claruit',
688 1174 825 1218 aperte
858 1167 1051 1205 adscribit
1072 1165 1350 1204 Trithemius'.
1397 1167 1651 1216 „Epiodium
1682 1167 1790 1217 quod
1821 1173 1984 1205 auctore

278 1224 447 1262 Ortvino
481 1224 621 1262 Gratio
656 1223 833 1261 Coloniae
865 1225 907 1260 in
939 1223 1107 1261 eeclesia
1146 1223 1452 1273 praedicatorum
1491 1222 1542 1260 ad
1575 1222 1777 1260 Gherardi
1808 1223 1983 1273 Zutpha-

276 1281 428 1318 niensis
462 1311 469 1317 .
494 1309 502 1316 .
528 1311 535 1318 .
565 1280 818 1330 sepulchrum
857 1279 1096 1329 dependens
1135 1280 1176 1316 in
1220 1279 1400 1329 epistolis
1439 1278 1706 1316 Obscurorum
1750 1279 1983 1317 Reuclilini-

276 1342 424 1374 starum
458 1333 495 1387 [a
528 1336 752 1374 Calvastrio
776 1336 807 1373 I.
834 1333 914 1385 19.]
948 1336 1133 1386 nequiter
1164 1341 1223 1372 est
1253 1336 1529 1372 immutatum“
1561 1335 1775 1385 repetitum
1806 1341 1864 1373 est
1894 1341 1985 1386 post

276 1393 608 1430 Lamentationes
627 1391 676 1429 O.
694 1390 773 1430 ΥΡ.
818 1393 1019 1429 Mortuum
1042 1405 1129 1429 esse
1152 1397 1331 1429 nostrum
1354 1390 1498 1441 Sotphi
1521 1396 1615 1429 ante
1638 1406 1673 1429 a.
1700 1393 1818 1431 1515.
1843 1392 1985 1429 eadem

275 1449 345 1486 illa
377 1448 591 1486 Calvastrii
624 1449 795 1498 epistola
826 1449 988 1485 evincit.

364 1514 399 1554 ὃ)
424 1513 479 1545 De
504 1514 574 1545 hac
594 1513 703 1544 Glosa
722 1515 761 1547 F.
782 1514 942 1544 Haasius
962 1513 1017 1552 (de
1044 1512 1134 1544 med.
1155 1512 1223 1543 {evi
1241 1512 1334 1543 stud.
1354 1512 1480 1553 philol.
1499 1524 1531 1554 p.
1551 1512 1619 1552 43.)
1638 1516 1830 1554 antequam
1847 1513 1985 1545 litteris

366 1570 453 1601 meis
485 1569 528 1600 ad
562 1580 639 1600 eum
667 1570 762 1600 datis
788 1570 867 1609 quis
900 1572 999 1600 esset
1023 1568 1085 1599 ille
1112 1568 1239 1609 Sotphi
1266 1573 1510 1610 compererat,
1543 1569 1620 1600 haec
1647 1569 1809 1611 scripsit:
1848 1569 1984 1609 „Glosa

365 1626 518 1657 notabilis
549 1624 615 1665 (ita
642 1625 733 1656 enim
761 1625 932 1656 scribitur
957 1625 992 1655 in
1019 1624 1177 1655 editione
1204 1634 1275 1664 qua
1301 1634 1367 1665 ego
1392 1627 1489 1662 utor,
1522 1624 1779 1666 Argentinensi
1803 1635 1864 1666 per
1888 1625 1984 1656 Mar-

366 1682 476 1712 tinum
502 1680 618 1712 Flach
643 1692 673 1711 a.
690 1682 784 1712 1490.
805 1679 867 1722 [4⁰.
889 1692 946 1722 ap.
967 1681 1108 1711 Panzer
1125 1680 1215 1712 Ann,
1235 1684 1308 1721 typ.
1326 1680 1388 1713 IX.
1406 1682 1529 1722 12:207.
1548 1679 1597 1714 11⁰.
1613 1680 1700 1711 2411>
1726 1684 1761 1712 et
1777 1682 1863 1712 241ο
1890 1691 1983 1713 anno

366 1739 461 1769 1493.
483 1737 735 1768 adscribuntur
759 1737 828 1768 duo
854 1736 970 1767 libelli
995 1736 1164 1777 impressi
1188 1736 1408 1776 ‘Argentine
1434 1746 1498 1777 per
1520 1736 1716 1767 Martinum
1736 1736 1868 1778 Flach,
1894 1747 1986 1768 unus

365 1793 420 1826 Gl.
438 1796 510 1826 not.
529 1793 640 1834 prime
667 1793 798 1833 partis,
831 1791 924 1823 alter
950 1791 1004 1824 Gl.
1030 1795 1103 1823 not.
1123 1791 1281 1823 secunde
1306 1792 1434 1833 partis.
1481 1792 1580 1824 Idem
1605 1793 1746 1824 Panzer
1767 1794 1809 1826 V.
1828 1803 1911 1834 pag.
1929 1794 1982 1825 23.

366 1848 528 1889 „Glossa
559 1848 732 1880 notabilis
765 1849 802 1879 in
832 1852 1021 1888 utramque
1052 1851 1190 1889 partem
1221 1847 1440 1879 Alexandri:
1477 1848 1699 1890 Reutlingae,
1731 1848 1839 1882 Mich.
1860 1848 1983 1880 Greiff.

366 1906 462 1937 1493.
480 1904 528 1936 4⁰.
546 1904 592 1936 II.
612 1915 644 1946 p.
661 1905 738 1938 402.
757 1915 787 1935 v.
806 1901 865 1946 38]
894 1903 1097 1935 clarissima
1123 1904 1198 1936 fere
1225 1907 1281 1935 est
1304 1904 1398 1935 inter
1422 1904 1593 1946 plurimos
1620 1905 1657 1935 in
1681 1904 1878 1936 Alexandri
1904 1904 1985 1936 doc-

364 1960 495 1992 trinale
516 1961 738 2001 conscriptos
757 1960 1052 1997 commentarios3
1074 1970 1179 2001 quem
1199 1963 1360 1991 autorem
1383 1959 1569 2000 habuerit,
1590 1960 1749 2001 reperire
1771 1970 1841 1991 non
1864 1960 1983 2001 potui;

365 2016 526 2048 Coloniae
552 2017 725 2058 scriptam
751 2026 831 2048 esse
857 2019 1013 2048 testatur
1036 2017 1157 2048 Herm.
1179 2016 1354 2047 Eusebius
1379 2017 1415 2047 in
1434 2016 1539 2048 Vallo
1564 2016 1801 2047 humanitatis
1904 2016 1984 2047 Non

365 2072 475 2104 multo
502 2072 717 2104 vetustiores
743 2075 827 2103 sunt
852 2073 1102 2104 commentarii
1127 2084 1148 2104 a
1174 2073 1356 2104 Ludovico
1389 2072 1432 2103 de
1459 2072 1639 2104 Guaschis
1667 2072 1816 2111 (Venet,
1834 2072 1930 2106 1483,
1950 2076 1985 2103 et

363 2128 477 2160 Basil.
499 2128 615 2169 1486.)
644 2132 680 2160 et
710 2128 754 2159 ab
780 2129 917 2160 Ioanne
944 2128 1145 2160 Sinthemio
1171 2128 1306 2169 (Paris.
1328 2130 1446 2169 1504.)
1474 2128 1563 2160 editi
1582 2127 1678 2160 ...“.
1731 2128 1826 2159 Ante
1852 2128 1985 2160 Gerar-

363 2184 444 2215 dum
470 2185 778 2226 Zutphaniensem
804 2184 952 2216 Glosam
983 2184 1183 2216 notabilem
1208 2184 1460 2217 Coloniensem
1492 2185 1528 2215 in
1553 2183 1795 2215 Alexandrum
1822 2184 1986 2215 extitisse

364 2240 470 2271 docet
500 2240 574 2271 Ioa.
595 2240 854 2272 Piemontanus
884 2242 921 2271 in
951 2240 1024 2272 Ms.
1044 2241 1217 2272 Auctario
1249 2251 1336 2272 serr.
1359 2240 1446 2271 eccl.
1467 2240 1529 2272 fol.
1551 2238 1655 2272 105b:
1696 2240 1910 2280 „Hem-icus
1942 2240 1985 2271 de

363 2295 504 2327 colonia
530 2296 697 2338 agripina
721 2292 879 2328 Naffione
911 2299 1081 2328 teutonus
1112 2296 1216 2328 homo
1246 2296 1284 2327 in
1315 2296 1523 2328 litteratura
1553 2281 1710 2327 seculari
1735 2298 1771 2326 et
1797 2295 1881 2326 aliis
1905 2294 1985 2336 phi-

363 2351 560 2393 losophicis
590 2351 789 2393 disciplinis
820 2362 889 2383 non
921 2351 1040 2383 infime
1066 2352 1225 2383 eruditus
1251 2356 1360 2393 atque
1385 2351 1506 2384 diuine
1531 2352 1710 2393 scripture
1734 2350 1831 2382 haud
1856 2360 1985 2392 expers

365 2408 499 2438 noticia
530 2408 677 2449 ingenio
710 2407 890 2440 excellens
919 2407 982 2440 sed
1007 2418 1105 2439 more
1132 2407 1369 2440 scholasticus
1417 2407 1614 2449 Scripsisse
1640 2406 1793 2448 quedam
1819 2405 1984 2448 perhibe-

364 2468 422 2494 tur
451 2474 522 2494 non
554 2464 697 2505 penitus
727 2464 930 2506 spernende
960 2463 1126 2496 lectionis
1162 2463 1334 2495 studiosis
1364 2463 1662 2505 grammaticistis
1692 2462 1919 2494 erudimenta
1948 2464 1985 2493 in

365 2519 492 2559 quibus
523 2523 643 2551 tamen
674 2521 774 2561 puris
805 2520 1055 2561 grammaticis
1084 2519 1297 2562 plerumque
1327 2519 1501 2561 reprobus
1531 2519 1675 2551 videtur
1729 2521 1866 2550 Extant.
1891 2518 1984 2550 enim

363 2574 462 2606 illius
487 2575 639 2616 quedam
665 2576 702 2606 in
728 2575 977 2608 allexandrum
1003 2575 1138 2617 gallum
1163 2575 1363 2618 glosemata
1390 2585 1458 2617 que
1484 2576 1694 2617 prenotauit

365 2631 513 2662 Glosam
538 2631 737 2663 notabilem
1142 2632 1167 2663 li
1190 2631 1244 2673 iiij

366 2687 537 2718 Carmina
563 2697 700 2730 quoque
725 2687 872 2719 diuersa
1140 2687 1167 2719 li
1229 2687 1242 2729 j

367 2742 413 2772 Et
436 2742 540 2783 plura
566 2743 640 2774 alia
664 2743 752 2774 mihi
776 2744 966 2786 incognita
1037 2743 1179 2775 Claruit
1204 2748 1364 2786 tempore
1387 2768 1595 2776 .......
1606 2744 1625 2758 “

365 2797 399 2837 6)
419 2797 473 2828 ed.
490 2808 533 2828 m.
552 2808 583 2839 p.
601 2800 676 2831 410.
696 2809 748 2840 sq.

280 2884 581 2923 SPALATINVS,
616 2877 826 2928 Georgius,
861 2879 951 2917 albo
984 2880 1198 2919 academiae
1228 2880 1597 2931 Wittenbergensis
1628 2879 1755 2930 primo
1786 2880 1983 2917 universi-

278 2935 370 2971 tatis
405 2934 585 2970 semestri
606 2947 753 2971 nomen
779 2948 893 2972 suum
922 2936 978 2973 sic
1008 2937 1211 2988 inscripsit
1242 2936 1445 2984 „Geor-ius
1466 2936 1719 2974 borkhardus
1743 2936 1793 2974 de
1814 2935 1945 2986 spalt“
1961 2934 1983 2973 ³,

367 3032 399 3073 1)
418 3031 655 3063 F'orstemann
678 3032 747 3064 alb.
770 3033 872 3068 acad.
889 3034 1011 3069 Viteb.
1029 3045 1062 3076 p.
1082 3036 1112 3067 5.
