2119 3522
283 214 377 258 800
679 228 843 250 ADDENDA
869 227 910 248 ET
935 226 1146 249 EMENDANDA
1171 226 1217 248 AD
1242 227 1339 250 HVTT.
1357 226 1427 248 OPP.
1453 227 1529 249 ΥΟΕ.
1548 227 1570 249 Ι.

279 346 356 382 huc
386 345 508 382 hodie
538 344 742 381 felicitatis
772 347 1012 393 perventum
1043 347 1121 389 est,
1154 354 1232 392 quo
1264 342 1374 380 nuda
1406 343 1583 380 veritatis
1605 343 1735 393 imago
1758 342 1807 380 de
1829 343 1988 393 optimis

280 400 504 451 quibusque
545 398 672 436 libere
713 399 970 449 praedicatur,
1012 410 1100 448 quae
1137 398 1272 435 multis
1309 404 1414 436 retro
1452 398 1607 436 saeculis
1646 412 1793 448 magno
1823 398 1989 436 humani

280 456 438 505 generis
475 455 578 492 malo
617 455 835 492 involucris
878 454 1036 491 obtecta
1074 453 1163 490 fuit.
1230 454 1448 491 Reducunt
1485 467 1573 492 eam
1617 454 1727 504 apud
1763 453 1987 492 Germanos

281 511 487 561 Capnism,
527 510 841 556 Boterodamus,
882 510 937 548 M.
962 508 1178 555 Catharus‚
1219 509 1534 556 Pimkaimems,
1577 508 1737 556 Capito,
1780 508 1986 547 oecolam-

281 567 441 616 padius,
474 566 673 617 Phrygio,
707 566 857 611 Ritius,
892 563 998 602 Otho
1020 565 1294 610 Brunfelsius,
1328 564 1551 611 Huttenus⁷
1585 567 1653 615 qui
1684 565 1824 603 sebae
1845 566 1988 604 comite

277 623 372 668 sibi,
405 623 438 659 si
465 635 652 672 usquam,
686 622 727 658 in
749 622 932 658 Romana
952 620 1082 657 triade
1114 621 1273 670 plaeere
1304 620 1414 657 haud
1445 620 1610 658 obscure
1642 621 1803 658 fatetur.
1862 621 1987 658 Nimi-

278 692 365 715 rum
400 677 504 715 liber
542 678 659 714 homo
689 677 816 714 libero
856 682 1092 726 argumento
1128 676 1299 726 patriam
1328 676 1555 714 libertatem
1585 677 1872 714 vindicandam
1902 677 1988 714 iure

279 733 518 783 expostulat.
579 733 703 783 Apud
726 732 865 770 Gallos
886 731 1057 769 Iacobus
1079 732 1214 770 Faber
1235 763 1242 771 .
1262 763 1270 771 .
1299 738 1337 769 et
1358 732 1531 769 Budaeus
1556 763 1563 769 .
1584 763 1592 769 .
1614 732 1815 782 improbos
1835 738 1987 782 tempo-

279 803 364 826 rum
384 802 544 826 suorum
566 801 695 826 mores
724 789 892 838 sparsim
921 794 1063 825 taxant
1228 788 1443 825 Selestadii
1474 788 1539 825 die
1567 789 1629 825 15.
1647 788 1757 825 Maii.
1775 787 1986 828 M.D.XX.

280 898 406 931 CLXV
416 897 468 930 *ἦ
518 900 569 929 Ex
602 898 863 940 &Vimphelingi
895 898 1017 937 „Divo
1047 897 1299 929 Maximiliano
1336 897 1481 929 iubente
1513 898 1748 940 pragmaticae
1785 898 1988 930 sanctionis

278 954 436 986 medulla
455 958 636 995 excerpta.
667 953 796 988 Selest,
814 954 850 984 in
869 953 974 984 aedib.
989 954 1122 984 Lazari
1141 952 1311 984 Schureri
1328 963 1372 986 m.
1387 954 1473 985 Mai.
1491 964 1522 987 a.
1539 952 1662 987 1520.“
1680 953 1726 985 4⁰.
1745 964 1802 995 ap.
1819 953 1986 995 Riegger.

280 1011 464 1045 Amoenitt.
506 1011 671 1051 Friburg.
715 1010 812 1044 1779.
855 1008 901 1042 8⁰.
942 1019 976 1050 p.
994 1010 1071 1042 479.
1092 1019 1168 1050 sqq.

279 1112 370 1152 Pag.
387 1113 462 1143 354.
483 1115 567 1142 ante
586 1121 619 1145 n,
635 1110 773 1142 CLXX.
795 1110 914 1141 insere
935 1120 988 1150 ep.
1008 1108 1199 1150 Stromeri‚
1219 1119 1296 1151 quae
1315 1120 1348 1151 p.
1369 1111 1444 1144 343.
1464 1119 1514 1151 sq.
1536 1119 1569 1143 n.
1589 1108 1752 1142 CLXIII.
1768 1120 1840 1142 non
1857 1110 1988 1142 iustum

366 1167 484 1198 locum
510 1167 637 1207 habet,
666 1170 702 1198 et
727 1166 772 1197 ad
797 1176 830 1199 n.
850 1165 991 1197 CLXX.
1012 1165 1161 1197 adnota:

278 1224 383 1254 Hanc
409 1222 601 1264 epistolam
628 1226 711 1253 ante
738 1232 792 1253 me
824 1221 988 1252 ediderat
1005 1221 1244 1253 Sotzmannus
1263 1221 1299 1252 in
1317 1221 1610 1262 ephemeridibus
1628 1233 1649 1253 a
1668 1221 1756 1255 Rob.
1775 1221 1989 1254 Naumanno

369 1279 494 1319 editis,
527 1278 657 1320 quibus
690 1276 924 1318 ‘Serapeum’
958 1277 1171 1319 inscriptum
1204 1280 1259 1308 est
1292 1276 1413 1317 (VIII.
1429 1278 1614 1319 Jalzrvyany.
1655 1279 1796 1320 Leipzig]
1821 1278 1917 1312 1847.
1941 1277 1989 1309 8⁰.

368 1345 452 1376 pag.
474 1336 629 1375 12.sq.);
663 1333 866 1375 exemplum
899 1343 966 1374 quo
999 1342 1083 1363 usus
1118 1336 1190 1374 est,
1223 1343 1293 1365 non
1322 1333 1492 1374 Hutteni,
1526 1333 1588 1366 sed
1620 1334 1851 1366 amanuensis
1881 1343 1989 1365 manu

368 1390 540 1432 scriptum
574 1400 653 1422 esse
684 1389 746 1420 ille
779 1388 923 1430 quidem
954 1389 1123 1430 opinatus
1156 1391 1229 1428 est,
1261 1389 1324 1420 sed
1356 1398 1475 1430 neque
1508 1390 1585 1430 ipse
1619 1390 1809 1431 quicquam
1835 1390 1989 1421 Hutteni

368 1456 475 1477 manu
506 1446 677 1486 scriptum
709 1444 869 1485 viderat,
907 1454 1015 1485 quam
1047 1443 1225 1475 Ghillanii
1261 1455 1379 1476 errore
1412 1444 1474 1485 (cf.
1494 1445 1562 1477 vol.
1580 1445 1627 1476 ΙΙ.
1646 1456 1680 1487 p.
1697 1447 1750 1477 65.
1771 1456 1802 1478 v.
1824 1445 1987 1485 16...21.)

367 1501 540 1543 deceptus
571 1500 817 1543 inelegantem
849 1500 1044 1541 rudemque
1078 1500 1191 1532 fuisse
1223 1501 1382 1542 putavit,
1415 1510 1532 1541 neque
1560 1501 1680 1532 omnia
1707 1500 1863 1542 exempli
1894 1501 1988 1533 bona

368 1561 404 1589 et
420 1559 509 1589 bene
529 1557 728 1589 exercitata
747 1566 855 1588 mauu
873 1556 1001 1596 (‘ez‘ner·
1016 1561 1115 1598 yulen
1134 1558 1389 1598 reyelmci'ssw‘yen
1403 1555 1712 1597 Sckrez'berlmnd’)
1731 1557 1858 1598 scripti
1875 1557 1988 1589 verba

367 1617 466 1645 recte
493 1614 627 1655 legisse
654 1613 811 1653 videtur,
836 1616 875 1643 ut
901 1622 944 1643 ex
969 1612 1025 1643 his
1050 1612 1235 1653 utriusque
1262 1611 1432 1644 editionis
1456 1612 1716 1654 discrepantiis
1733 1612 1942 1654 adparebit:

585 1669 668 1702 edit.
688 1671 798 1700 nostr.
1149 1666 1236 1699 edit.
1254 1666 1391 1700 Sotzm.

324 1737 356 1768 p.
377 1726 452 1759 354.
480 1735 512 1757 v.
533 1727 586 1760 15,
612 1723 997 1756 FVRSTENPERGK
1150 1723 1424 1765 Fiirstenpergh

487 1806 506 1820 ,,
536 1783 587 1814 17.
614 1790 796 1821 nunquam
1153 1788 1346 1820 numquam

487 1862 507 1877 ‚‚
537 1838 586 1869 18.
612 1840 648 1868 te
676 1846 769 1868 curae
795 1835 940 1868 involvo
1022 1842 1026 1846 ”
1153 1838 1188 1867 te
1215 1845 1324 1866 curae
1349 1835 1492 1867 innobis

342 1862 349 1877 7
405 1862 426 1877 Η

328 1918 348 1933 ,,
375 1894 450 1926 355.
488 1917 508 1933 ‚‚
552 1895 581 1925 1.
607 1892 780 1924 Iohannis
806 1891 847 1923 de
873 1892 1056 1931 Hatsteyn
1148 1890 1246 1923 Iohis
1272 1891 1315 1922 de
1341 1891 1525 1933 Harsteyn

486 1973 507 1988 „
554 1950 586 1980 4.
611 1947 903 1989 Fiirstenbergk,
941 1947 1103 1978 Patricio

678 2003 999 2036 Francofurdiensi
1151 2002 1425 2044 Fiirstenpergh
1445 2004 1602 2036 Patricio
1625 2004 1941 2037 Francofurdiano

342 2086 349 2100 ‚
404 2086 411 2100 ‚
485 2086 505 2100 ‚‚
555 2064 584 2095 5.
611 2061 687 2093 viro
713 2060 900 2093 innocenti
926 2058 992 2090 sal.
1153 2058 1238 2090 Viro
1263 2059 1467 2094 Innocenti.

370 2118 437 2148 Der
470 2118 576 2157 Brief'
608 2116 731 2157 (addit
771 2113 1030 2153 Sotzmannus)
1069 2115 1110 2145 ist
1148 2115 1180 2145 in
1211 2114 1340 2146 kleiner
1370 2116 1558 2156 Briefform
1590 2119 1882 2159 zusammenyeleyt
1919 2117 1988 2148 und

277 2175 331 2205 mle
356 2174 427 2205 (lenz
455 2174 683 2205 Hylaeus-chen
709 2172 900 2212 Pellsclzaft
924 2182 985 2203 von
1012 2170 1276 2201 naelzstekender
1302 2171 1430 2203 Gestall
1454 2174 1522 2204 und
1547 2173 1670 2204 Gro'sse
1695 2173 1872 2205 ver-seheri.-

1121 2249 1166 2275 V

1044 2273 1230 2423 V&

278 2533 363 2574 I'ag.
382 2534 457 2564 356.
477 2533 497 2563 i.
518 2533 541 2565 f.
561 2532 652 2564 adde
677 2532 831 2564 Hutteni
858 2533 903 2564 ad
927 2533 1074 2565 Petrum
1099 2532 1339 2565 Mosellanum
1367 2529 1557 2572 epistolam
1584 2530 1780 2571 Moguntiae
1806 2529 1838 2562 d.
1855 2530 1888 2563 4.
1907 2529 1983 2562 Iun.

368 2600 399 2622 a.
418 2590 514 2622 1520.
533 2589 725 2630 scriptam,
752 2599 856 2630 quam
882 2588 951 2621 vol.
971 2589 1054 2621 1111.
1074 2600 1106 2631 p.
1125 2590 1201 2621 689.
1221 2598 1271 2629 Sq.
1291 2598 1335 2620 ex
1352 2587 1426 2619 MS.
1446 2586 1553 2618 edidi.

277 2645 365 2686 I’ag.
383 2646 458 2676 360.
478 2648 561 2676 ante
587 2654 620 2676 n.
641 2643 833 2678 CLXXVI.
851 2646 1034 2676 inseratur

279 2721 444 2744 LOVANII.
1033 2709 1233 2745 CLXXVss.
1738 2717 1782 2742 21.
1807 2719 1882 2741 IVN.
1906 2715 1982 2743 1520.

451 2787 726 2819 CLARISSIMO
749 2788 859 2819 VIRO
882 2788 1087 2819 GEORGIO
1110 2787 1306 2817 HALOINI
1329 2786 1604 2824 COMINIIQVE
1626 2785 1807 2816 DOMINO

830 2844 1038 2875 ERASMVS
1060 2844 1293 2875 ROTEROD.
1317 2843 1354 2874 S.
1376 2844 1422 2873 D.

278 2913 378 2950 Mihi
407 2927 501 2951 vero
532 2914 793 2952 vehementer
823 2915 1042 2953 iucundum
1074 2916 1167 2962 fuit,
1200 2914 1310 2965 quod
1339 2915 1471 2952 animo
1503 2913 1684 2950 nondum
1712 2912 1860 2950 excidit
1888 2912 1981 2949 ami-

280 2969 390 3005 culus
406 2969 596 3007 Erasmus
626 2999 1480 3011 .....................
1511 2969 1641 3006 Adest
1661 2969 1778 3006 isthic
1794 2967 1981 3006 Ulrichus

279 3024 481 3063 Huttenus
511 3026 659 3076 liuguae
690 3027 879 3065 Romame
913 3028 1117 3075 delicium,
1156 3027 1312 3065 iuvenis
1344 3026 1509 3073 nobilis,
1544 3025 1742 3072 eruditus,
1775 3030 1815 3062 et
1844 3024 1980 3061 huma-
