2119 3522
303 212 396 256 626
737 225 999 248 COMMENTAmvs
1023 225 1069 246 AD
1093 225 1164 246 EPP.
1183 225 1213 246 ο.
1231 225 1263 246 ν.
1288 224 1407 247 v012.1.
1432 225 1576 246 APPEND.

388 338 555 372 aureisve
586 337 647 371 vel
676 336 810 381 ligneis
839 338 1003 378 tantum,
1036 336 1188 381 repletis
1218 336 1294 371 sive
1320 336 1479 370 nummis
1504 336 1580 370 sive
1606 337 1848 379 aromatibus,
1882 336 2007 380 praeci-

386 405 458 438 pue
483 394 622 437 pipere.

296 453 381 494 pag.
401 452 463 488 67.

298 510 313 539 1
340 506 403 549 ibi]
429 504 631 549 Fribergae‚
659 505 689 537 si
712 504 812 538 recte
837 503 964 548 paullo
989 505 1074 538 ante
1101 504 1344 547 exposuimus.

296 565 315 595 ὅ
341 561 384 594 de
399 561 551 605 meliori]
569 560 689 593 Hodie
708 559 850 593 diceret
865 559 1077 602 Bl'z'imcheoi,
1094 560 1256 601 Auslese,
1268 560 1444 602 premiere
1461 560 1608 604 qualite,
1627 560 1931 602 supe'rieuremeozt
1946 560 2007 603 fiii.

295 622 314 650 G
338 628 382 650 m.
399 617 465 659 fiat
482 614 627 649 rotimus.
646 617 737 660 east]
763 615 948 660 vertigine
973 615 1159 659 corripiar.
1209 615 1331 649 Germ.
1350 615 1428 659 (Ζαβ
1445 626 1479 650 es
1499 616 1575 650 sich
1596 616 1668 650 mir
1685 616 1735 649 im
1751 615 1861 659 Kopf
1869 616 2007 650 herum-

384 672 503 713 droht,
530 672 567 705 et
590 672 717 715 paullo
743 671 867 713 aliter,
898 672 976 714 daſs*
999 672 1070 705 mir
1094 671 1181 705 alles
1205 671 1368 705 romulum
1391 671 1484 716 (seht.

294 732 313 761 9
339 728 537 772 [sabinum]
566 727 666 761 Alibi
690 738 764 761 non
788 726 873 771 legi.
922 727 976 761 Ex
1000 727 1069 761 hoc
1093 727 1172 771 ipso
1197 727 1278 761 loco
1303 728 1448 762 constat
1472 738 1549 761 esse
1574 727 1756 762 ferculum
1781 737 1825 761 ex
1850 727 1957 771 gallis
1981 738 2007 760 s.

382 784 531 828 gallinis
557 783 714 817 conditis
739 784 926 825 constans,
951 783 1132 817 Hcdmwn-
1150 795 1175 816 s.
1193 783 1498 828 Hammo-remouit,
1523 783 1721 827 gallinum,
1747 783 1790 816 ut
1814 782 2008 816 dicebatur

382 840 576 884 agninum,
610 839 824 880 arietinum,
856 839 1056 881 bubulum,
1088 839 1298 883 porcinum,
1338 839 1539 873 vitulinum
1570 840 1608 873 et
1642 851 1723 883 quae
1753 838 1889 872 similia
1912 839 2006 872 sunt.
2053 873 2063 882 ,

381 895 512 939 Neque
537 895 689 929 insertio
715 895 866 938 syllabae
892 906 929 929 er
954 895 1221 940 (gallerinum)‚
1246 906 1368 939 neque
1394 895 1598 929 contractio
1625 895 1657 929 ἲν
1680 905 1747 939 pro
1773 894 1838 928 Her
1862 894 2007 928 dubita-

380 952 520 986 tionem
545 953 682 986 movet.

294 1012 333 1042 10
358 1008 459 1042 bonis
487 1008 607 1051 rebus]
641 1007 832 1049 aromatis,
866 1007 1128 1049 condimentis,
1160 1007 1371 1049 tuberibus,
1410 1007 1519 1051 caepis
1551 1009 1662 1050 atque
1693 1006 1774 1040 aliis
1805 1005 2007 1040 secundum

381 1064 500 1098 artem
531 1063 784 1107 coquinariam
809 1063 1030 1097 adhibendis
1056 1063 1198 1097 eduliis.
1248 1062 1467 1097 Germanice
1498 1062 1610 1096 etiam
1634 1062 1699 1096 mit
1722 1065 1833 1106 ymen
1857 1061 2007 1096 Saehen.

336 1120 469 1164 accepi]
496 1119 653 1163 sumpsi,
679 1120 808 1162 mihin,
835 1120 966 1163 erqriff
983 1119 1051 1153 ich.

292 1179 331 1208 12
357 1175 431 1208 Illo
455 1175 506 1208 sie
529 1176 662 1219 habito]
690 1175 829 1217 Quibus
854 1175 907 1209 ita
930 1175 1106 1219 peractiS,
1139 1174 1230 1209 Cum
1255 1174 1331 1208 haec
1357 1174 1604 1219 perfecissem.

335 1231 419 1264 dim·
443 1231 510 1275 ad]
538 1229 588 1264 Cf.
608 1230 655 1264 ad
672 1235 711 1265 27
723 1232 745 1265 5.

292 1290 332 1321 13
356 1287 490 1331 vocate]
517 1286 673 1329 advoca,
701 1288 743 1321 ut
768 1287 988 1322 Germanice
1014 1287 1123 1329 rufen
1148 1288 1186 1321 et
1208 1287 1446 1329 herbeimfen.

335 1342 443 1376 habeo
467 1342 536 1377 sibi·
561 1343 707 1386 aliquid
732 1343 820 1386 dic]
854 1344 911 1377 ich
935 1343 1016 1377 hals
1041 1344 1115 1378 ilem
1146 1347 1253 1378 etwas
1283 1353 1330 1378 zu
1359 1354 1485 1388 sczyen,
1515 1343 1651 1378 iubebo
1684 1354 1769 1377 cum
1801 1343 2005 1387 quippiam,

379 1398 471 1431 mihi
497 1409 539 1432 eo
566 1409 658 1443 opus
684 1400 748 1433 est.
1078 1440 1082 1445 ,

291 1457 332 1487 14
357 1454 435 1487 lesco
458 1454 549 1488 mihi
573 1456 647 1499 etex]
674 1455 756 1489 hehe
779 1456 850 1489 mir
874 1455 960 1497 auf,
985 1455 1091 1497 tolle,
1118 1456 1243 1489 redde.

334 1510 517 1544 cultellum
543 1511 648 1555 quod]
679 1511 839 1545 cultrum
864 1512 939 1555 qui.
986 1511 1161 1546 Nondum
1187 1511 1232 1545 ad
1257 1513 1483 1555 postremam
1504 1522 1670 1546 mensam
1689 1512 1877 1555 (Dessert)
1897 1522 2006 1546 vene—

379 1567 478 1608 rant,
512 1567 553 1599 ut
582 1566 758 1609 cultellis,
793 1568 855 1611 qui
886 1567 1016 1601 itidem
1046 1578 1155 1601 masc.
1181 1579 1264 1612 gen.
1289 1569 1390 1610 sunt,
1422 1568 1626 1602 uterentur.
1681 1567 1754 1601 Sed
1787 1567 2006 1602 Germanice

379 1623 569 1666 comptum
595 1624 690 1666 erat,
717 1624 792 1657 heb'
817 1624 887 1657 mir
912 1624 979 1658 (las
999 1623 1217 1667 Messerchen
1241 1624 1326 1666 (ms,
1351 1625 1418 1657 das
1442 1625 1512 1658 mir
1536 1627 1644 1658 miter
1669 1624 1739 1658 (len
1764 1623 1870 1658 Te'seh
1893 1623 2006 1668 (sesai-

379 1678 437 1712 16η
460 1679 517 1712 ist.

290 1737 331 1767 15
357 1734 506 1768 libenter
529 1735 613 1769 misi
638 1736 776 1779 cadere]
803 1736 970 1770 consulto
995 1746 1014 1770 e
1040 1747 1151 1770 manu
1179 1736 1391 1779 emiseram,
1418 1736 1476 1771 ich
1497 1736 1585 1770 habe
1603 1736 1740 1779 (licitae)
1767 1747 1800 1771 es
1824 1746 1911 1781 967·φί
1932 1736 2005 1779 (ab-

379 1790 557 1833 sz'elztlieh)
583 1791 699 1833 fallen
727 1791 847 1835 lasseoz.

290 1848 330 1879 16
356 1846 471 1890 iufra]
498 1846 641 1889 subter,
672 1847 748 1881 sub.

334 1902 480 1945 accep-it.
501 1930 506 1935 .
527 1930 532 1935 .
551 1903 653 1945 infra
680 1905 820 1948 restem]
848 1904 956 1938 mihin
975 1932 981 1937 .
997 1932 1003 1937 .
1022 1907 1130 1939 witer
1155 1905 1222 1939 den
1248 1904 1365 1947 Rock,
1395 1905 1630 1939 abscondidit
1654 1906 1767 1940 veste.

333 1958 512 1992 distillare
539 1961 577 1992 et
602 1959 811 2002 distillatio,
841 1960 1112 2004 metaphorice,
1144 1961 1249 2004 quasi
1273 1961 1441 1995 stillatim
1467 1961 1543 1996 sive
1569 1962 1747 2007 guttatim
1771 1972 1829 1996 res
1854 1962 2004 1996 abscon-

378 2014 476 2050 dere.
517 2015 560 2048 cf.
586 2016 752 2049 nostrum
782 2016 995 2059 stippitzen,
1024 2018 1291 2061 wegsstz'ppitzen
1320 2018 1363 2060 (a
1386 2018 1568 2061 stippen),
1601 2018 1730 2052 furtim
1754 2018 1824 2051 sibi
1848 2028 2004 2052 sumere.

290 2073 329 2104 17
353 2070 480 2104 nullus
503 2071 677 2115 unquam]
703 2082 830 2114 nemo,
858 2073 1188 2116 quotienscumque
1213 2073 1277 2107 ille
1302 2073 1443 2117 aliquid
1469 2074 1636 2108 ciborum
1660 2073 1916 2108 absconderet.

332 2135 352 2158 o
375 2136 401 2160 s.
420 2126 583 2171 Darem]
612 2126 683 2161 Cur
708 2139 819 2172 supra
841 2140 876 2172 p.
895 2129 972 2163 32¹¹
998 2129 1075 2163 haec
1101 2130 1228 2163 sancta
1251 2129 1424 2164 invocata
1441 2130 1502 2172 sit,
1529 2130 1581 2164 ibi
1600 2141 1659 2165 me
1678 2129 1880 2174 explicasse
1901 2130 2003 2174 puto.

378 2181 524 2224 Crotus,
558 2193 631 2217 non
664 2183 809 2227 dubito,
841 2184 1020 2229 legendas
1050 2184 1211 2229 legerat,
1246 2185 1345 2229 quod
1376 2185 1422 2220 de
1453 2186 1638 2228 Hutteno‚
1674 2197 1785 2230 quem
1812 2186 1921 2220 huius
1946 2196 2003 2230 ep.

379 2239 567 2272 auctorem
594 2250 670 2273 esse
696 2240 876 2284 suspicor,
902 2251 976 2275 non
1002 2240 1169 2275 dixerim.
1217 2240 1378 2275 Tantum
1402 2241 1440 2275 in
1464 2242 1521 2276 his
1546 2242 1689 2276 duabus
1710 2242 1874 2287 epistolis
1892 2242 1932 2286 (l.
1950 2246 2002 2276 21.

379 2294 416 2326 ct
431 2295 500 2337 44.)
525 2296 652 2329 sancta
676 2294 865 2330 Dorothea
892 2296 1104 2339 invocatum
1138 2297 1265 2341 itaque
1290 2297 1534 2341 posteriorem
1558 2298 1832 2332 invocationem
1856 2298 1910 2332 nil
1933 2298 2003 2331 nisi

376 2349 508 2393 prioris
524 2350 788 2394 imitationem,
812 2363 885 2386 non
903 2363 947 2386 ex
964 2352 1125 2397 legenda
1143 2353 1401 2397 explicandam
1419 2364 1495 2387 esse
1513 2355 1616 2398 puto.
1646 2364 1733 2388 nam
1750 2365 1832 2397 quae
1849 2353 1894 2388 de
1912 2353 2003 2388 rosis

378 2405 416 2438 ct
439 2405 546 2439 malis
571 2405 777 2450 Theophilo
803 2419 824 2441 a
848 2407 1037 2442 Dorothea
1069 2408 1114 2442 de
1139 2408 1311 2452 paradiso
1339 2420 1407 2453 per
1431 2410 1607 2455 angelum
1631 2410 1750 2444 missis
1773 2410 1851 2445 haec
1875 2410 2000 2452 habet,

376 2471 508 2504 parum
538 2472 621 2495 cum
651 2462 719 2497 hac
745 2462 912 2498 Curionis
942 2465 1153 2499 narratione
1185 2466 1391 2509 comparari
1418 2467 1588 2510 possunt,
1621 2477 1761 2510 neque,
1793 2466 1836 2500 ut
1865 2466 2002 2500 iterum

377 2516 513 2559 dicam,
539 2517 706 2553 Hutteno
730 2520 819 2554 nota
843 2519 954 2554 fuisse
980 2520 1212 2555 crediderim.
1288 2561 1290 2564 .

330 2572 363 2605 sc·
385 2576 474 2607 time
498 2574 709 2620 affuissetis]
734 2575 962 2620 Multiph'cat
977 2577 1107 2611 verba:
1134 2577 1164 2610 si
1180 2576 1218 2610 in
1235 2576 1299 2611 illo
1317 2577 1440 2611 reditu
1458 2577 1505 2611 ad
1522 2577 1685 2622 Lipsiam
1706 2578 1898 2612 nobiscum
1914 2578 2000 2612 fuis-

376 2640 447 2671 ses,
478 2639 583 2663 weom
611 2630 681 2665 1720·
704 2631 846 2666 damals
871 2633 926 2667 bei
949 2643 1019 2668 mis
1042 2643 1198 2678 qewesen
1220 2636 1331 2668 iccio-et
1355 2633 1429 2676 auf
1452 2634 1516 2668 der
1539 2634 1665 2677 Reise,
1696 2635 1751 2669 als
1779 2635 1848 2669 wir
1869 2634 2003 2669 wieder

375 2695 440 2727 qen
466 2685 619 2731 Leipzig
642 2696 750 2732 zoyen
773 2698 843 2723 von
867 2688 1051 2733 Freibergs.
1092 2688 1136 2723 cf.
1158 2688 1206 2723 ad
1223 2692 1265 2723 66
1275 2690 1312 2723 ³⁶.

291 2743 328 2773 18
354 2740 564 2776 iuemzcliter
595 2744 669 2788 ete]
700 2743 816 2787 laete,
853 2744 974 2788 laute,
1005 2744 1274 2788 pldsierliches,
1309 2746 1580 2790 veo·yizziqlielzes
1612 2746 1734 2781 Leben
1761 2746 1905 2781 wollten
1932 2747 2001 2781 wir

375 2796 424 2830 (Ia
455 2797 580 2840 yelmbt
608 2799 732 2833 haben.
782 2799 892 2841 Quasi
921 2801 1040 2835 bonus
1065 2800 1174 2835 Curio
1205 2811 1273 2835 nec
1302 2801 1379 2836 sine
1413 2804 1494 2836 ‘suo
1518 2801 1737 2836 indivisibili
1765 2803 1881 2837 socio'
1915 2814 1999 2837 cum

376 2862 439 2885 suo
464 2853 660 2897 magnifico
685 2855 782 2890 socio
807 2857 894 2890 satis
917 2857 1091 2891 heluatus
1117 2857 1222 2891 esset.
1258 2857 1323 2891 sed
1348 2857 1578 2891 amicabilius
1603 2857 1713 2892 estid
1731 2857 1830 2902 quod
1855 2858 2000 2902 scripsit

376 2917 487 2949 quam
511 2907 541 2940 si
565 2910 770 2944 accuratius
795 2911 964 2954 dixisset,
995 2922 1107 2956 quam
1131 2912 1233 2947 laute
1257 2913 1450 2947 nobiscum
1474 2913 1601 2948 vivere
1625 2914 1819 2958 potuisses.

288 2965 328 2995 19
352 2962 530 3007 reliquiis]
556 2963 635 2998 Hoc
660 2965 834 3001 derisorie
852 2978 919 3011 pro
946 2967 1134 3012 ‘reliquis,
1160 2979 1241 3012 quae
1258 2969 1538 3013 superfuerant⁷
1563 2969 1726 3013 positum
1744 2980 1821 3004 esse
1838 2969 1997 3003 videtur.

287 3020 326 3050 21
351 3018 501 3063 filtrum]
528 3017 704 3065 Ducange
736 3020 950 3065 „Feltrum‚
977 3022 1133 3065 filtrum,
1160 3023 1296 3067 filtrus,
1322 3024 1527 3068 pheltrum,
1556 3025 1753 3069 philtrurn,
1785 3035 1849 3059 seu
1874 3024 1995 3067 feltra,
