2119 3522
178 219 250 241 EPP.
265 216 306 240 18.
320 216 360 240 19.
386 219 512 242 PETRVS
528 218 722 241 NEGELmvs
739 218 897 240 onrvmo.
915 225 958 230 —
975 217 1167 240 srsspmnvs
1185 216 1417 239 CALvAsrmvs
1433 215 1592 238 onrvmo.
1697 196 1792 241 563

82 277 167 317 Pag.
184 276 246 311 29.
1202 276 1291 315 Pag.
1304 275 1358 306 27.
1372 285 1402 306 v.
1416 281 1448 305 36
1466 298 1472 305 .
1489 299 1495 305 .
1510 299 1517 305 .
1535 273 1623 314 Pag.
1637 274 1690 304 29.
1709 283 1738 304 v.
1752 279 1794 304 33.

305 362 540 399 EPISTOLA
568 365 629 400 19.
670 362 956 397 STEPHANVS
982 361 1314 396 CALVASTRIVS
1341 360 1571 395 ORTVINO.

128 441 215 476 Haec
240 442 399 485 epistola
422 442 459 474 in
482 441 701 485 Appendice
724 441 915 475 Novarum
941 440 981 474 O.
999 441 1044 475 V.
1063 440 1320 484 epistolarum,
1354 451 1435 483 quae
1465 439 1551 473 inde
1577 439 1623 473 ab
1649 450 1679 473 a.
1700 442 1795 473 1556.

174 497 376 531 ‘Volumen
401 498 579 531 alterum'
606 497 787 541 appellari
812 497 942 539 solent,
968 497 1032 531 sed
1050 507 1122 530 non
1140 496 1217 529 sine
1236 496 1378 529 duabus
1400 494 1720 529 immutationibus
1737 494 1796 538 (cf.

173 565 208 596 p.
223 557 298 587 284.
316 554 390 586 not.
409 554 474 596 11.)
492 553 655 596 repetita
672 554 736 586 est.
769 553 820 586 Cf.
839 553 917 586 Ind.
937 553 1040 586 editt.
1059 564 1095 596 p.
1110 556 1140 586 8.
1154 559 1204 585 110.
1219 556 1249 586 5.
1288 551 1394 593 Quod
1410 551 1623 585 Hermanno
1640 550 1798 584 Buschio

172 608 267 642 hanc
286 609 480 652 epistolam
500 608 780 642 adscribendam
800 619 981 650 censeam,
1007 609 1142 652 111-66161·
1167 608 1257 642 alias
1275 618 1402 641 causas
1425 606 1612 651 praecipue
1630 617 1713 640 eam
1735 606 1798 639 ha-

172 664 254 705 beo,
281 664 379 707 quod
404 664 467 705 ita,
494 664 558 707 qui
584 664 723 697 factum
749 664 812 705 sit,
839 665 881 697 ut
904 675 948 697 ea
971 664 1048 697 sola
1071 665 1109 697 et
1132 664 1169 697 in
1195 664 1277 697 edd.
1298 668 1395 697 1...3.
1415 664 1453 697 et
1474 662 1644 707 paullum
1667 662 1798 695 immu-

174 720 254 753 tata
277 720 314 752 111
333 719 388 753 ed.
408 724 437 754 5.
456 720 696 764 reciperetur,
723 720 831 754 facile
851 720 1058 763 explicetur
1076 734 1082 752 :
1102 731 1183 762 quae
1200 719 1387 763 repetitio,
1414 718 1444 752 si
1460 718 1538 752 haec
1556 729 1704 761 quoque
1723 718 1798 762 epi-

173 775 267 809 stola
284 775 429 809 Crotica
460 776 571 817 esset,
606 776 792 819 explicatu
825 775 985 809 difficilis
1016 775 1120 808 foret.
1170 774 1317 818 Scripta
1347 774 1501 818 fingitur
1522 773 1739 807 Monasterii
1761 774 1799 806 in

174 830 415 875 Westphalia.
448 831 613 873 Buschii,
640 843 722 864 cum
747 831 972 864 scriberetur
997 830 1155 874 epistola
1172 832 1216 873 (a.
1237 833 1332 863 1514.
1351 842 1376 863 3.
1397 831 1525 873 1515),
1552 829 1712 864 Coloniae
1736 829 1799 863 ha—

174 886 326 920 bitantis
351 898 497 931 semper
527 898 662 931 anceps
694 898 777 920 cum
804 886 958 920 Ortvino
991 886 1155 920 amicitia
1184 897 1257 919 non
1288 886 1407 919 solum
1438 885 1634 929 friguerat,
1667 885 1731 919 sed
1762 886 1799 918 in

173 943 340 986 apertam
366 943 594 977 simultatem
621 943 810 986 eruperat,
842 943 884 975 ut
906 942 1012 976 facile
1038 953 1188 986 pugnax
1214 952 1328 984 eques
1352 941 1399 974 ad
1423 941 1510 974 vani
1529 940 1690 983 Ortvini,
1723 941 1801 974 veri

178 999 297 1042 poetae
322 999 479 1043 gloriam
501 999 571 1032 sibi
589 999 795 1043 arrogantis
820 997 1108 1032 ostentationem
1137 996 1462 1041 perstringendam
1486 997 1712 1030 commoveri
1736 1007 1799 1039 po-

173 1054 298 1087 tuerit.
317 1055 417 1098 quod
442 1055 496 1088 ita
519 1055 646 1088 fecisse
672 1055 764 1087 mihi
789 1055 953 1094 videtur,
979 1054 1022 1087 ut
1044 1053 1122 1086 fere
1141 1063 1282 1086 morsus
1298 1052 1555 1086 Rostochiensi
1572 1051 1800 1096 Heuerlingo

174 1109 262 1143 olim
285 1110 417 1144 infixos
442 1111 478 1143 111
498 1110 667 1144 Gratium
691 1110 915 1154 primoribus
939 1109 1112 1143 dentibus
1136 1110 1343 1143 renovaret.
1362 1110 1543 1153 praeterea
1565 1109 1665 1142 totus
1693 1108 1801 1141 huius

174 1166 339 1210 epistolae
370 1166 470 1200 color
494 1166 708 1207 Buschium,
741 1166 804 1210 qui
834 1178 909 1210 prae
934 1166 1016 1199 aliis
1034 1164 1269 1199 Colonienses
1299 1166 1399 1199 intus
1424 1166 1463 1199 et
1490 1166 1529 1198 in
1554 1165 1638 1198 cute
1669 1175 1800 1208 perno-

173 1223 289 1264 verat,
317 1224 505 1256 auctorem
523 1223 681 1266 prodere
698 1222 857 1264 videtur,
884 1233 929 1255 ne
948 1222 994 1255 de
1012 1222 1206 1265 perpetua,
1234 1223 1271 1255 et
1289 1221 1333 1255 ab
1359 1221 1562 1265 {equalibus
1581 1222 1619 1254 et
1643 1231 1664 1254 a
1679 1221 1801 1265 poste-

174 1278 331 1312 rioribus
354 1279 594 1322 scriptoribus
613 1279 811 1322 saepissime
835 1278 998 1322 repetita
1021 1279 1207 1312 sententia
1231 1278 1368 1321 dicam,
1396 1290 1478 1322 quae
1501 1290 1575 1313 non
1594 1279 1714 1313 nullas
1738 1280 1801 1313 ha-

172 1346 254 1367 rum
280 1334 520 1378 epistolarum
545 1335 670 1378 partes
695 1334 853 1368 Buschio
879 1334 1077 1368 adiudicat.

87 1395 126 1424 19
151 1390 382 1424 Calvastrum
406 1390 516 1424 fuisse
543 1402 720 1435 inagnum
746 1390 879 1423 Iulium
906 1390 1013 1433 pueri
1037 1391 1185 1432 norunt,
1212 1390 1276 1424 sed
1301 1402 1375 1424 non
1401 1391 1663 1435 appellabatur
1687 1392 1802 1425 Iulius

174 1446 380 1488 Calvaster‚
413 1446 511 1489 quod
542 1457 671 1480 verum
703 1446 893 1479 cuiusdam
925 1445 1105 1489 impudici
1135 1446 1275 1479 tribuni
1304 1447 1466 1480 militum
1497 1447 1564 1481 sub
1590 1447 1802 1482 Domitiano

173 1514 307 1536 nomen
333 1502 413 1536 fuit.
460 1503 502 1535 ln
528 1513 728 1546 quemnam
759 1503 991 1536 tonsuratum
1023 1502 1241 1546 magistrum
1265 1502 1595 1537 Monasteriensem
1618 1504 1695 1538 haec
1727 1505 1803 1548 epi-

174 1559 276 1593 stolae
292 1558 483 1603 inscriptio
500 1559 644 1592 iocetur
662 1570 734 1592 11011
753 1558 889 1592 divino.
930 1557 1100 1591 Fortasse
1123 1559 1249 1592 autem
1271 1557 1516 1601 ‘Stephanus’
1537 1559 1687 1601 dicitur,
1714 1571 1801 1603 quo-

174 1615 274 1648 niam
300 1615 474 1649 detonsus
500 1616 628 1649 vertex
655 1615 736 1657 (die
762 1614 907 1651 Glatze)
935 1615 1048 1648 etiam
1066 1614 1283 1656 Krdnchem,
1313 1614 1534 1648 Kriimchen
1557 1615 1701 1649 dicitur.
1751 1615 1802 1649 Cf.

174 1671 271 1704 infra
293 1682 327 1714 p.
346 1675 410 1705 216
420 1673 457 1705 ³¹.

84 1731 126 1760 ‘32
150 1727 360 1771 mammas]
385 1727 420 1763 11,
439 1728 461 1760 1.
480 1738 547 1771 111-0
580 1727 837 1769 ‘excellentia,
875 1728 1126 1770 praestantia',
1165 1728 1207 1761 ut
1240 1727 1480 1769 ι(1001100110,
1518 1727 1802 1771 magistralitas⁷

175 1783 321 1826 aliaque
348 1783 426 1816 eius
450 1783 551 1817 modi
576 1784 735 1817 barbara
758 1783 909 1817 nomina
924 1784 1073 1817 honoris
1092 1794 1201 1817 causa
1219 1783 1328 1817 dicta.
1377 1783 1419 1816 In
1435 1783 1515 1817 iure
1534 1784 1710 1817 canonico
1728 1795 1803 1817 ma-

174 1839 301 1872 joritas
327 1840 383 1872 est
407 1839 540 1881 honor,
567 1839 734 1873 condicio
753 1840 952 1884 superioris
975 1839 1116 1881 clerici,
1143 1840 1201 1872 cui
1224 1839 1377 1873 inferior
1402 1838 1655 1873 obedientiam
1680 1839 1803 1873 debet.

175 1894 218 1928 cf.
236 1892 293 1931 tit,
311 1894 353 1928 X.
372 1894 418 1928 de
444 1895 654 1929 maioritate
680 1897 718 1929 et
742 1895 957 1929 obedientia
983 1900 1011 1937 1,
1039 1899 1091 1930 33.

85 1955 128 1986 23
152 1954 249 1985 certa
274 1952 452 1995 carmina]
478 1951 500 1984 i.
520 1962 550 1984 e.
568 1962 643 1985 0011
660 1952 778 1993 nulla,
806 1951 976 1995 quaedam
995 1951 1168 1992 carmina,
1196 1951 1456 1994 proculdubio
1483 1962 1542 1993 ea,
1570 1963 1651 1994 quae
1676 1951 1803 1995 paucis

176 2007 280 2041 anuis
309 2008 395 2050 post
418 2006 593 2041 Ortvinus
618 2007 664 2041 ad
690 2007 828 2041 calcem
851 2007 1178 2042 Lamentationum
1197 2007 1237 2040 O.
1256 2007 1299 2041 V.
1317 2007 1471 2051 repetiit
1496 2007 1560 2050 (cf.
1578 2019 1612 2051 p.
1631 2011 1706 2041 410.
1723 2019 1801 2051 sqq.

176 2063 232 2097 ed.
250 2065 324 2107 111),
352 2074 583 2107 quorumque
601 2063 761 2107 primum
787 2063 976 2108 epiodium
995 2065 1051 2097 est
1075 2063 1142 2105 „in
1161 2063 1326 2107 epistolis
1344 2063 1384 2097 O.
1403 2062 1446 2097 V.
1464 2062 1803 2096 Reuchlinistarum

175 2119 348 2162 nequiter
378 2118 663 2161 immutatum“,
695 2121 737 2153 ut
758 2120 836 2164 ipse
864 2119 1038 2153 Ortvinus
1062 2119 1248 2164 inscripsit
1270 2120 1329 2153 cit.
1348 2131 1382 2163 p.
1401 2123 1476 2153 410.
1525 2118 1713 2160 Quantum
1737 2131 1804 2163 pu-

175 2175 327 2219 pugerit
350 2174 546 2208 Ortvinum
576 2175 653 2209 haec
684 2175 889 2209 carminum
920 2186 1070 2209 suorum
1101 2175 1253 2217 derisio,
1291 2186 1363 2209 non
1395 2175 1520 2219 potuit
1541 2186 1616 2209 non
1644 2175 1803 2219 prodere

176 2242 259 2264 cum
285 2231 321 2263 in
353 2231 588 2275 apologetica
609 2242 675 2265 sua
698 2231 855 2275 epistola
878 2231 956 2274 (ed,
974 2243 1008 2264 n.
1026 2243 1060 2275 p.
1079 2232 1284 2274 4OO2G·S·³‘1.)
1308 2231 1550 2265 exclamaret:
1586 2231 1675 2273 „Vae
1699 2231 1805 2264 vobis

175 2287 348 2329 falsariis,
377 2288 440 2331 qui
464 2288 590 2321 nostra
614 2287 805 2331 epitaphia
830 2288 868 2321 et
891 2287 1118 2321 laudabilem
1136 2288 1292 2321 aliorum
1318 2287 1524 2321 doctrinam
1547 2287 1805 2330 pervertentes

174 2343 324 2377 illorum
349 2343 430 2377 loco
455 2344 621 2387 rythmos
649 2343 787 2387 ponitis
812 2344 1103 2388 impurissimos.
1124 2348 1173 2377 ,“.

86 2403 129 2434 24
152 2400 364 2444 intimastis]
391 2399 434 2433 cf.
453 2399 498 2433 ad
526 2401 612 2434 13¹¹.
1020 2444 1028 2449 ι

130 2467 229 2490 ‘tenus
247 2456 368 2500 poeta]
395 2455 473 2499 ipse
499 2455 733 2490 Hermannus
749 2455 938 2499 Buschius,
966 2456 1107 2500 opinor.

86 2515 129 2546 26
153 2513 186 2545 si
209 2522 300 2556 may.
323 2511 421 2545 Ortv.
440 2513 515 2556 etc]
551 2511 747 2546 Ortvinum
773 2511 927 2546 Obscuri
958 2513 1163 2546 carminum
1189 2512 1506 2555 dictaminumque
1532 2511 1803 2555 componendo-

177 2579 258 2600 rum
284 2567 463 2601 artificem
488 2569 589 2601 omni
614 2567 832 2611 exceptione
858 2568 1036 2602 maiorem
1061 2580 1133 2603 uno
1159 2580 1221 2603 ore
1247 2568 1479 2613 adgnoscunt
1502 2567 1629 2601 multis
1652 2567 1752 2601 locis.

88 2627 129 2657 ‘27
155 2624 305 2667 impfiqn.
323 2624 436 2657 tunic.
454 2624 511 2667 m]
537 2624 680 2657 ‘meinen
703 2624 802 2657 Rock
833 2627 1034 2666 verwetten,
1066 2634 1112 2658 zu
1136 2625 1268 2667 Pfcmd
1291 2628 1425 2665 setzen,
1455 2627 1641 2657 versetzeoz.
1676 2622 1804 2667 ‘Impi-

178 2689 345 2723 gnorare,
372 2679 630 2723 oppignerare,
656 2689 723 2722 pro
748 2678 904 2723 pignore
928 2679 1107 2713 tradere’.
1140 2679 1328 2724 Ducange.

89 2741 132 2770 30
157 2735 315 2779 ‘fingere
341 2735 521 2768 carmina’
553 2734 681 2768 fictum
707 2735 762 2768 est
786 2735 827 2768 ut
851 2734 991 2779 fingere
1017 2735 1200 2769 vocabula
1222 2737 1289 2769 4³⁶.

89 2795 131 2825 32
157 2790 284 2833 Sotphi
309 2791 383 2834 etc]
410 2790 700 2834 Zutphaniensis.
735 2790 778 2823 cf.
797 2790 875 2823 Iud.
893 2790 1010 2835 biogr.
1028 2792 1094 2824 art.
1113 2791 1255 2836 Sotphi,
1282 2791 1346 2824 ubi
1371 2791 1484 2825 etiam
1510 2791 1555 2825 de
1573 2791 1677 2836 glosa
1700 2792 1804 2826 nota—

178 2846 246 2880 bili
270 2846 307 2879 10
332 2846 473 2890 priores
497 2846 588 2879 duas
612 2846 814 2879 Alexandri
838 2847 962 2890 partes
987 2846 1129 2880 dictum
1153 2848 1219 2881 est.

133 2903 271 2946 Rueck]
298 2901 428 2946 Kuijk,
455 2901 610 2935 Cucana.
637 2902 680 2935 cf.
700 2901 777 2935 Ind.
795 2902 912 2946 biogr.
931 2903 997 2936 art.
1017 2902 1142 2937 Bursae
1168 2901 1416 2938 Colonienses.

90 2963 132 2993 33
157 2962 205 2993 est
230 2958 439 3003 initiatum]
468 2958 502 2991 h.
522 2970 551 2992 e.
576 2958 724 2991 initium
756 2957 886 3000 habet,
917 2957 1059 3002 incipit.
1109 2958 1296 3002 ι10111016,
1328 2960 1493 3004 incipere
1512 2987 1519 2993 .
1535 2958 1582 2993 ..¹
1615 2952 1804 3003 Duc‘ange.

179 3014 262 3048 Non
286 3014 403 3047 30111111
428 3014 627 3048 barbarum
652 3014 708 3047 est
733 3014 806 3047 ‘est
828 3013 1048 3056 initiatum'⁷
1081 3015 1146 3049 sed
1175 3015 1371 3049 ridiculum
1398 3016 1528 3059 etiam,
1561 3015 1660 3059 quod
1684 3016 1806 3049 totum

1467 3073 1537 3107 36*
