2119 3522
752 226 892 248 SAPIDVs
917 241 925 248 .
940 241 946 248 .
963 240 969 247 .
994 225 1213 248 SCIIVRERIVS.
1734 205 1830 249 465

120 346 254 379 zmen?
313 343 369 379 Do
402 345 470 378 η’ἱν
499 343 742 389 uffstunden:
777 341 941 387 psiiclv'clc
973 343 1059 376 siml
1087 343 1158 376 das
1188 352 1228 376 so
1262 352 1363 376 :men
1396 341 1505 387 rildiy
1542 341 1724 376 scleiilzen
1756 342 1836 375 mul

119 400 223 434 hand
251 410 290 434 so
321 399 468 444 leiapsch
500 403 660 434 namen!
682 425 690 432 .
716 396 765 433 .“.

121 482 342 513 SARTORIS
376 478 445 512 vid.
467 473 816 524 Langschneider.

121 560 302 591 SCHADE
336 556 404 590 vid.
427 552 689 590 Mosellanus.

122 638 405 668 SCHVRERIVs
431 629 651 679 (Sclmrer),
675 629 868 666 Matthias
892 626 942 676 (p.
961 625 1069 675 49¹⁴),
1108 628 1195 678 ‘qui
1226 634 1285 665 est
1316 629 1477 678 pinguis
1509 631 1660 667 socius'
1694 628 1744 677 (p.
1759 635 1833 665 201.

121 704 146 720 v.
162 686 250 735 101),
285 686 602 731 Sletstadiensis,
627 687 772 723 artium
794 685 943 731 doctor,
968 684 1134 721 Thomae
1156 684 1292 721 Wolfii
1317 685 1538 732 familiaris,
1572 700 1660 723 cum
1681 686 1834 723 Branto

122 743 524 793 WVimphelingioque
556 743 676 780 etiam
706 742 900 778 societate
929 740 1128 777 litteraria
1148 738 1487 790 Argentoratensi
1510 743 1759 788 coniunctus,
1793 743 1833 779 in

119 799 337 836 Erasmieis
370 798 550 849 epistolis
582 798 730 848 passim
759 797 966 842 laudatus,
1012 802 1152 833 auctor
1183 797 1450 845 grammaticae
1488 796 1638 834 novae¹.
1668 799 1754 847 ipse
1793 798 1835 835 in

121 855 290 892 aliOrum
320 854 601 905 typographiis
630 852 1065 904 Argentoratensibus,
1107 858 1202 889 ante
1233 865 1353 902 quam
1390 854 1595 903 propriam
1635 854 1837 891 officinam

119 910 326 949 librariam
364 916 586 956 exerceret,
626 909 964 960 recognoscendis
1003 908 1114 945 libris
1155 908 1325 946 adsidue
1367 914 1522 959 egerat,
1566 915 1609 946 ut
1649 922 1682 946 e.
1706 923 1763 959 gr.
1788 909 1836 947 ex*

121 967 305 1004 Panzero
338 974 377 1004 et
408 980 457 1004 ex
486 966 665 1004 Hir-schii
695 966 932 1003 millenariis
964 964 1100 1014 colligi
1130 962 1299 1014 potest‘2.
1332 965 1411 1002 iam
1441 978 1549 1002 anno
1585 966 1704 1002 1506.
1738 964 1836 1014 (non

124 1023 283 1060 demum
305 1023 401 1060 inde
423 1022 472 1059 ab
496 1036 604 1059 anno
630 1021 768 1071 1508.)
794 1035 844 1059 ex
872 1021 1045 1071 propriis
1069 1020 1243 1058 ‘aedibus
1266 1020 1565 1058 Schurerianis’
1598 1021 1839 1071 prodierunt

120 1076 251 1127 libri-³3
294 1085 434 1129 postea
466 1092 516 1116 ex
546 1079 631 1116 eius
664 1078 844 1124 officina,
887 1077 1085 1115 Gerbellii
1123 1077 1243 1114 etiam
1281 1077 1510 1115 eruditione
1543 1077 1839 1127 diligentiaque

122 1134 342 1173 celebriore
382 1135 505 1182 facta,
545 1148 692 1185 magna
729 1148 822 1185 pars
862 1133 911 1171 ab
952 1134 1088 1170 amicis
1125 1133 1228 1180 suis,
1272 1133 1379 1171 inter
1416 1133 1496 1170 alia
1533 1147 1615 1170 non
1654 1147 1785 1184 pauca
1817 1148 1839 1171 a

122 1191 441 1242 WVimphelingio
475 1197 514 1229 et
542 1191 709 1228 Erasmo
742 1191 980 1241 scriptorum
1009 1189 1205 1227 librorum
1234 1189 1397 1239 prodiit,
1432 1195 1471 1227 et
1502 1195 1645 1240 quater
1675 1189 1840 1240 quidem

123 1248 239 1285 annis
271 1248 392 1285 1513.
416 1253 455 1285 et
493 1248 680 1297 sequenti
720 1247 879 1284 Erasini
916 1245 1078 1283 libellus
1121 1246 1170 1283 (10
1210 1245 1362 1296 duplici
1401 1246 1517 1296 copia
1548 1245 1763 1283 verborum
1793 1259 1839 1283 ac

122 1300 287 1350 rerum4,
320 1316 490 1354 quorum
521 1303 796 1353 exemplorum
828 1301 928 1340 duo⁵
960 1303 1080 1340 etiam
1108 1301 1268 1339 Erasini
1299 1302 1513 1352 epistolam
1542 1302 1841 1353 responsoriam

125 1360 178 1398 ad
198 1359 564 1410 Wimphelingium
587 1359 635 1397 de
666 1359 855 1397 laudibus
886 1359 1088 1396 societatis
1120 1358 1328 1396 litterariae
1349 1359 1599 1408 Argentinae,
1635 1359 1746 1396 cuius
1770 1372 1838 1395 no-

121 1416 230 1454 mine
260 1416 372 1466 prius
410 1416 479 1453 ille
510 1416 725 1466 scripserat
755 1412 963 1461 E1·asmo⁶,
1006 1415 1206 1459 0011111101,
1247 1415 1437 1464 scriptam
1468 1414 1641 1451 Basileae
1670 1427 1725 1452 XI.
1751 1414 1839 1452 Cal.

124 1471 213 1510 Oct.
234 1471 444 1521 M.D.x1v.⁷;
486 1485 534 1509 ex
565 1485 645 1522 qua
683 1472 902 1522 repetimus
933 1471 1035 1508 haec:
1076 1470 1177 1517 „Ad
1208 1470 1293 1508 baec
1322 1470 1536 1508 Matthiam
1567 1470 1838 1517 Schurerium,

121 1529 250 1566 virum
281 1542 370 1566 cum
401 1529 490 1566 aliis
521 1528 655 1565 multis
694 1527 924 1565 nominibus
958 1527 1119 1577 egregie
1151 1526 1315 1564 charum
1346 1526 1461 1573 mihi,
1500 1532 1585 1564 tum
1614 1527 1690 1564 hoc
1721 1527 1842 1564 etiam

123 1585 363 1631 chariorem,
405 1584 514 1635 quod
544 1590 642 1622 tunc
673 1597 834 1635 quoque
873 1584 1016 1621 fertilis
1048 1583 1118 1620 illa
1148 1588 1207 1620 tot
1238 1582 1487 1620 eruditorum
1517 1583 1743 1629 hominum,
1784 1589 1843 1620 tot

123 1641 302 1679 felicium
341 1641 599 1692 ingeniorum
638 1640 766 1678 edidit
805 1640 1096 1686 Selestadium,
1138 1639 1202 1677 cui
1243 1645 1282 1676 et
1318 1639 1491 1676 Beatum
1522 1639 1767 1677 Rbenanum
1804 1645 1843 1676 et

124 1697 325 1735 Ioannem
356 1697 554 1748 Sapidum
586 1696 727 1744 debeO,
762 1702 802 1735 et
831 1698 962 1747 ipsum
997 1696 1174 1746 denique
1205 1695 1568 1746 Wimphelingum.
1629 1696 1843 1733 Matthiam

123 1754 259 1804 igitur,
292 1754 370 1791 nisi
391 1754 655 1792 vehementer
685 1767 824 1800 amem,
858 1754 998 1790 merito
1024 1753 1134 1790 dicar
1164 1752 1315 1789 ferrum
1338 1758 1376 1789 et
1397 1752 1654 1790 adamantem
1686 1758 1844 1802 gestare

123 1811 165 1847 in
197 1816 370 1861 pectore,
406 1810 508 1848 adeo
540 1823 603 1848 me
634 1810 744 1861 prior
765 1815 805 1847 et
836 1809 978 1847 officiis
1009 1809 1091 1847 suis
1114 1814 1153 1846 et
1183 1808 1391 1846 beneficiis
1423 1808 1475 1846 ad
1505 1809 1722 1846 amicitiam
1752 1822 1841 1859 pro-

123 1867 302 1913 vocavit,
344 1879 476 1917 neque
509 1867 770 1913 committam,
815 1871 859 1903 ut
890 1866 1024 1904 animo
1057 1870 1164 1903 certe
1195 1864 1411 1915 studioque
1443 1870 1655 1915 superatus
1687 1865 1840 1911 videar,

124 1923 279 1960 etiamsi
312 1923 381 1961 ille
419 1923 573 1973 priores
606 1923 830 1974 occupavit.
890 1921 1098 1973 Assequar
1128 1921 1349 1972 aliquando
1383 1926 1422 1959 01
1454 1921 1612 1967 officiis,
1658 1922 1690 1958 si
1723 1921 1841 1958 modo

124 1992 206 2016 non
239 1979 373 2017 desint
403 1980 536 2017 animo
569 1980 717 2017 vires“.
768 1979 866 2016 Post
897 1992 1049 2016 annum
1082 1978 1202 2015 1521.
1226 1991 1249 2014 a
1281 1977 1481 2015 Schurero
1515 1977 1666 2014 editum
1696 1976 1842 2014 librum

124 2035 281 2072 nullum
311 2035 496 2083 invenio3
530 2036 754 2073 secundum
774 2035 1004 2072 Panzerum
1035 2033 1185 2084 prodiit
1201 2033 1420 2071 Terentius
1437 2033 1703 2083 Argentorati
1734 2033 1842 2084 apud

123 2091 337 2129 Matthiam
375 2090 633 2129 Schurerium
666 2092 786 2129 1521.
809 2090 1007 2142 postridie
1040 2089 1208 2128 Calend.
1242 2089 1446 2140 Septemb.
1470 2090 1528 2127 40.
1587 2089 1733 2140 Neque
1764 2103 1843 2140 quo

124 2153 242 2185 natus
273 2160 406 2198 neque
437 2160 516 2198 quo
547 2154 727 2186 mortuus
759 2153 835 2193 051,
870 2161 1022 2185 annum
1044 2146 1212 2184 definire
1234 2159 1408 2196 possum.
1464 2146 1633 2184 Ioannis
1656 2146 1843 2184 Piemon-

122 2204 210 2241 tani
239 2203 325 2242 MS.
349 2204 587 2242 Auctarium
618 2204 668 2242 de
698 2217 793 2242 scrr.
817 2204 912 2241 eccl.
936 2204 1005 2241 fol.
1030 2204 1107 2242 101
1125 2199 1180 2240 Bh
1204 2202 1254 2241 de
1287 2216 1333 2240 00
1364 2202 1470 2240 haec:

124 2269 334 2309 „Matthias
352 2269 568 2301 schrurerius
583 2271 650 2308 [sic]
667 2270 789 2311 patria
807 2269 1076 2311 argentinensis
1094 2269 1149 2300 vir
1166 2269 1203 2300 in
1223 2268 1355 2300 diuinis
1373 2269 1562 2310 scripturis
1580 2268 1752 2300 nobiliter
1768 2278 1845 2299 eru-

125 2319 220 2351 ditus
253 2323 363 2361 atque
396 2319 615 2352 secularium
648 2320 852 2352 litterarum
883 2323 919 2352 et
949 2320 1123 2352 bonarum
1149 2319 1280 2350 artium
1307 2319 1491 2360 professor
1515 2320 1671 2361 insignis
1697 2319 1844 2360 ingenio

125 2373 312 2412 promptus
345 2370 487 2412 eloquio
516 2373 637 2402 tersus
668 2371 843 2402 maximus
875 2370 1118 2402 studiosorum
1152 2369 1274 2401 fautor
1299 2369 1491 2411 scripsisse
1517 2368 1689 2400 nonnulla
1716 2368 1847 2399 dicitur

124 2420 188 2452 sed
212 2420 325 2452 nichil
351 2431 474 2452 eorum
501 2420 620 2452 adhuc
645 2421 691 2452 ad
716 2430 842 2452 manus
869 2423 1012 2452 nostras
1037 2419 1206 2462 peruenit
1246 2418 1342 2451 Cura
1366 2419 1471 2451 huius
1497 2419 1620 2460 plures
1639 2429 1682 2450 ex
1700 2418 1846 2450 officina

126 2472 378 2513 argentinensi
408 2471 617 2513 propediem
648 2471 754 2503 nobis
785 2481 972 2513 speramus
1003 2474 1172 2503 auctores
1204 2470 1411 2511 prodituros
1460 2469 1560 2500 Viuit
1591 2468 1747 2502 adhuc.“
1802 2469 1845 2499 In

125 2532 229 2563 mur-9.
254 2523 300 2553 ad
326 2533 355 2554 v.
380 2522 570 2563 scripsisse
596 2523 745 2553 additum
776 2527 844 2553 est:
881 2525 1003 2563 preter
1033 2520 1208 2562 quasdam
1240 2531 1311 2552 non
1341 2519 1572 2561 inelegantes
1604 2518 1779 2560 epistolas
1808 2520 1845 2549 in

126 2572 348 2613 quorundam
374 2575 561 2604 auctorum
585 2571 713 2604 laudes
740 2572 872 2604 editas.

218 2661 251 2700 1)
271 2661 437 2692 Matthiae
462 2661 648 2701 Granarii,
674 2663 768 2700 vulyo
794 2662 953 2698 Scleiirem
985 2661 1233 2693 Grammatica
1258 2669 1364 2691 nova.
1410 2659 1614 2699 ΧΑνφῑιιιίηισ
1640 2669 1685 2691 eoe
1709 2659 1846 2699 officina

217 2711 362 2742 Marlz'ni
380 2711 485 2742 Flaclz
507 2712 628 2743 iunior.
648 2713 745 2746 1501,
764 2711 811 2745 40.
859 2713 919 2744 Sic
944 2713 1085 2743 Panzer
1110 2712 1201 2743 Ann.
1219 2714 1295 2751 typ.
1315 2710 1374 2742 VI.
1395 2721 1428 2751 p.
1447 2711 1500 2741 27.
1518 2714 1567 2740 n0.
1584 2711 1616 2740 4.
1731 2709 1765 2749 2)
1793 2709 1847 2740 Ex

217 2762 360 2793 Hirsch.
379 2760 469 2794 Mill.
486 2761 548 2793 IV.
568 2763 599 2793 5.
618 2765 760 2802 repeto:
788 2763 926 2802 Quarta
945 2772 1028 2803 pars
1046 2772 1192 2803 operum
1212 2761 1286 2792 loh.
1304 2761 1432 2792 Ger-son
1454 2760 1552 2800 prius
1577 2768 1648 2789 non
1671 2759 1847 2800 impressa

287 2811 445 2853 (Aryent.
466 2822 509 2842 ex
534 2809 627 2842 offic.
646 2811 792 2843 llffartinz‘
806 2813 923 2844 Flacci
945 2813 1018 2847 iun.
1037 2822 1147 2853 opera
1171 2811 1328 2842 Mattlzz'w
1356 2810 1504 2841 Schurer
1528 2809 1740 2841 Sletstatini
1764 2819 1847 2841 con-

217 2862 355 2893 sobrini
372 2862 461 2893 eius.
480 2863 510 2893 3.
530 2860 605 2896 kaI.
623 2862 728 2893 Mart.
748 2873 781 2896 a.
800 2864 916 2900 1502.)
1021 2862 1055 2903 3)
1075 2873 1104 2894 e.
1125 2872 1176 2903 gr.
1198 2860 1376 2902 „Aemilii
1391 2860 1501 2892 Probi
1524 2860 1610 2892 vitae
1629 2884 1636 2890 .
1653 2885 1682 2891 ..
1702 2859 1846 2902 Aryent.

216 2913 253 2943 in
271 2912 377 2945 aedib.
397 2911 634 2943 Sckurerianis
652 2912 748 2943 1506.
767 2911 803 2944 d,
822 2914 873 2946 12.
893 2912 968 2944 kal.
986 2911 1096 2953 Apr.“
1121 2911 1255 2943 Hirsch
1273 2911 1317 2942 II.
1337 2921 1370 2942 n.
1390 2913 1440 2945 13.
1540 2910 1578 2948 4)
1596 2910 1738 2942 Panzer
1755 2911 1846 2942 Ann.

216 2966 293 3004 typ.
312 2963 374 2997 ΧΙ.
394 2973 427 3004 p.
446 2964 521 2995 32⁶2.
631 2960 664 3003 5)
684 2962 707 2994 i.
727 2972 758 2994 e.
776 2961 811 2992 id
831 2961 921 3003 qnod
940 2973 985 2994 m.
1005 2963 1082 2993 Ian.
1104 2966 1140 2993 et
1157 2961 1192 2993 id
1211 2961 1305 3002 quod
1324 2972 1368 2992 m.
1386 2963 1477 2993 Dec.
1494 2961 1641 3003 prodiit.
1744 2961 1778 2999 6)
1798 2960 1845 2991 cf.

217 3023 327 3054 supra
352 3017 418 3044 art.
438 3013 565 3046 Brant.
688 3011 721 3052 7)
741 3013 917 3054 Riegger,
944 3012 1126 3043 Amoenitt.
1150 3012 1315 3053 Friburg.
1333 3023 1366 3054 p.
1384 3013 1578 3044 369...378.
1702 3011 1736 3050 8)
1755 3011 1846 3042 Ann.

217 3068 292 3105 typ.
310 3063 374 3097 XI.
393 3075 426 3105 p.
444 3064 519 3096 365.
538 3069 587 3098 11⁰.
604 3064 679 3096 600.

180 3130 266 3149 uvrr.
286 3130 352 3150 0129.
370 3130 472 3150 svppn.
492 3131 523 3150 Π.
1535 3123 1578 3149 :50
