2119 3522
314 218 411 263 564
825 232 1089 255 COMMENTARIVS
1112 232 1159 254 AD
1186 233 1257 254 EPP.
1275 232 1305 254 Ο.
1322 233 1355 254 V.
1380 233 1456 254 VOL.
1473 233 1496 254 1.

312 294 399 333 Pag.
420 292 482 327 29.

401 354 564 385 carmen,
584 353 657 376 non
674 343 821 376 tantum
839 343 917 375 eius
933 342 1081 375 initium
1098 342 1344 386 subiungitur.
1377 341 1556 376 Similiter
1570 342 1682 376 illud:
1709 343 1846 387 ‘prima
1861 343 2021 377 nominis

399 400 524 432 littera
541 399 608 432 est‘
627 399 666 431 et
681 397 831 431 additur
848 398 1017 431 omnibus
1033 398 1107 431 suis
1123 398 1256 431 litteris
1272 399 1393 432 totum
1407 408 1553 431 nomen.
1580 397 1726 432 Ortvini
1739 398 1784 432 de
1797 399 1905 432 huius
1918 399 2018 432 modi

399 465 546 487 suorum
565 453 768 486 carminum
786 453 972 487 travestiis
994 453 1157 496 (veniam
1181 453 1295 487 verbo
1319 454 1422 497 peto)
1445 453 1713 488 lamentantem
1738 454 1821 499 lege
1839 455 1886 488 ad
1907 459 1969 489 271
1984 456 2018 487 ¹³.

309 514 351 543 34
376 510 475 553 obiit]
502 509 642 542 scilicet
667 508 797 550 ‘iacet,
824 509 1009 552 quiescit'.
1059 508 1219 543 Coloniae
1245 508 1338 542 obiit
1363 508 1549 543 Gerardus
1574 508 1715 553 Sotphi.

351 565 500 599 sallem.
517 565 755 608 suppositura]
790 564 936 598 ‘doctor
959 564 997 597 in
1021 565 1089 597 hac
1115 565 1302 608 quondam
1326 566 1508 598 maximus
1538 565 1629 599 urbe
1655 565 1801 609 sophos’
1836 566 2021 599 cecinerat

397 619 675 654 Daventriensis
698 621 820 664 poeta.

307 682 350 711 35
374 677 450 710 Per
473 687 524 719 sp.
542 686 568 710 3.
587 677 661 720 etc]
690 675 914 719 ‘Theologos
938 676 1036 710 inter
1060 676 1186 710 lumen
1211 676 1401 719 honorque
1426 676 1526 710 fuit’.
1575 677 1716 711 Ortvin.

306 736 394 776 Pag.
414 733 477 770 30.
965 753 1269 756 ὶψὴῐῖἠῐψᾼ
1282 753 1365 755 -κ-

307 793 322 821 1
348 788 458 831 reccit]
484 798 617 832 regens
640 787 721 821 fuit.

304 848 323 877 2
350 844 409 877 dic
433 844 589 888 copulat]
617 842 798 887 Copulata
821 843 924 878 Petri
948 843 1114 888 Hispani.
1156 844 1200 878 cf.
1219 844 1265 877 ad
1293 845 1367 878 172Ξ
1394 846 1432 878 et
1456 844 1541 878 vide
1567 844 1614 878 acl
1641 845 1748 879 19923.

350 899 480 933 Do...
499 909 545 933 zu
568 899 688 941 stach,
714 900 791 933 sive
815 910 883 933 'cem
909 900 967 933 leot
991 910 1036 933 zu
1061 900 1178 944 clreclc]
1211 911 1256 933 ex
1286 911 1360 934 una
1389 900 1642 944 propositione
1667 900 1840 942 alteram,
1872 902 1948 935 sive
1974 912 2018 935 ex

395 966 508 989 caeno
533 955 653 989 lutum
678 955 784 997 fecit,
811 955 851 988 id
876 957 931 989 est
954 966 1021 999 pro
1046 955 1128 989 unis
1152 956 1260 1000 nugis
1285 956 1420 989 alteras
1446 956 1558 990 dedit.

303 1015 323 1046 3
351 1011 381 1044 O
400 1038 406 1044 .
422 1039 428 1044 .
444 1039 450 1044 .
468 1011 599 1055 vivere]
627 1010 790 1045 ‘Occidit
814 1013 899 1046 ante
925 1011 1025 1044 diem
1048 1011 1116 1045 fati
1141 1011 1352 1045 crudelibus
1377 1011 1474 1044 ausis
1498 1011 1666 1045 Doctor'.
1716 1012 1901 1046 Ortvinus.

303 1072 324 1101 4
347 1067 399 1101 Et
416 1067 516 1111 plus]
548 1066 607 1100 Ad
637 1066 728 1100 duas
760 1067 859 1101 enim
889 1066 1091 1101 Alexandri
1121 1069 1263 1111 partes,
1300 1077 1373 1100 non
1407 1066 1453 1099 ad
1485 1077 1612 1101 omnes
1642 1079 1677 1101 1v
1703 1067 1815 1101 Glosa
1844 1068 2018 1102 notabilis

392 1122 541 1166 prodiit.
582 1122 625 1156 cf.
648 1123 694 1156 ad
720 1123 798 1157 2932
824 1124 862 1156 et
885 1134 936 1166 sq.
955 1136 984 1156 v.
999 1132 1023 1157 8.

302 1182 322 1212 5
346 1179 471 1212 acliuv.
491 1206 496 1211 .
513 1206 519 1211 .
535 1178 650 1222 imm]
676 1178 874 1222 profuisset
896 1178 981 1212 huic
1006 1178 1256 1220 universitati,
1283 1179 1441 1223 gloriam
1464 1179 1542 1213 eius
1566 1180 1604 1212 et
1627 1179 1830 1213 utilitatem
1847 1180 2016 1214 auxisset.

302 1237 321 1267 9
351 1234 578 1268 Universz'tas
603 1235 678 1278 etc]
706 1233 834 1267 ‘Urbis
858 1234 1074 1278 Agrippinae
1100 1246 1224 1268 casum
1248 1234 1488 1278 lamentaque
1511 1236 1641 1268 noscat
1659 1234 1765 1269 Orbis
1790 1236 1872 1269 etc.’
1915 1235 2016 1270 Ortv.

303 1294 344 1324 10
369 1290 503 1323 luceru.
520 1300 551 1323 v.
571 1289 724 1333 candel]
752 1289 803 1322 Cf.
821 1301 855 1333 p.
875 1291 986 1324 283¹5.

303 1350 353 1378 14.
372 1357 422 1389 sq.
440 1345 555 1379 Nemo
659 1346 826 1390 bufones-J
867 1345 979 1380 ‘Huic
1010 1346 1119 1380 simul
1149 1347 1340 1391 ingenium
1372 1346 1536 1389 fervens,
1577 1347 1752 1389 sublime,
1791 1347 2016 1392 profundum

390 1403 471 1436 etc.'
510 1401 694 1436 Ortvinus.

303 1462 343 1492 15
368 1458 678 1502 9ravmzaticam,]
711 1458 794 1492 dele
825 1460 1038 1502 comma(,)
1069 1458 1166 1492 Nam
1197 1459 1235 1492 id
1260 1459 1510 1503 vituperatur,
1544 1461 1643 1503 quod
1673 1460 1728 1493 illi
1759 1460 1914 1494 bufones
1942 1471 2015 1494 non

389 1525 457 1557 per
480 1513 657 1558 logicam,
685 1526 765 1558 quae
789 1516 915 1549 tamen
942 1516 998 1549 est
1014 1515 1251 1549 scientiarum
1269 1515 1440 1558 scientia,
1466 1516 1748 1560 grammaticam
1774 1516 1948 1558 doceant,
1976 1520 2017 1550 ut

388 1569 529 1603 fecerat
553 1580 636 1603 cum
661 1570 871 1605 Alexandro
897 1572 935 1605 et
959 1571 1040 1604 ah'is
1066 1571 1170 1605 bonis
1193 1571 1368 1605 latinistis
1393 1572 1507 1606 etiam
1531 1571 1822 1616 Zutphaniensis.

301 1628 342 1659 16
367 1625 495 1669 loyiea]
523 1624 575 1660 Cf.
593 1625 640 1659 ad
658 1627 746 1660 16³⁴.

300 1685 341 1715 19
365 1681 526 1725 opimam]
553 1681 715 1716 credere.

298 1740 341 1771 20
365 1738 600 1782 concremare]
626 1739 669 1771 ut
691 1738 888 1772 Reuchh'ni
911 1739 1048 1773 librum
1067 1739 1227 1774 Coloniae
1253 1740 1286 1773 d.
1307 1743 1357 1773 10.
1376 1739 1481 1774 Febr.
1500 1751 1531 1774 a.
1552 1744 1647 1774 1514.
1666 1740 1956 1774 combusserunt.

298 1796 351 1826 21.
369 1796 412 1826 22
440 1793 514 1837 Qui
530 1821 536 1826 .
554 1821 560 1826 .
576 1820 582 1826 .
601 1795 786 1838 tractarit]
814 1794 866 1828 Cf.
885 1794 1077 1839 Conspect.
1096 1795 1257 1829 chronol.
1277 1795 1323 1829 ad
1350 1806 1379 1829 a.
1400 1799 1495 1829 1511.
1513 1797 1535 1829 i.
1554 1795 1576 1829 f.
1595 1807 1711 1839 usque
1736 1796 1782 1830 ad
1800 1807 1831 1830 a.
1851 1800 1945 1830 1515.

298 1852 430 1883 23...25
456 1848 529 1882 Sed
553 1852 593 1883 tu
612 1877 617 1883 .
633 1877 639 1883 .
656 1877 662 1883 .
681 1851 830 1894 sempit]
865 1850 965 1884 ‘Non
990 1852 1116 1885 tamen
1140 1851 1226 1885 hinc
1252 1851 1362 1885 abeat
1386 1851 1596 1895 quisquam,
1630 1852 1720 1895 quin
1750 1852 1893 1896 poplite
1918 1851 2014 1886 flexo

387 1904 458 1938 Pro
484 1904 633 1939 doctore
659 1906 738 1949 pias
763 1906 894 1940 fundat
919 1906 965 1940 ad
991 1908 1088 1941 astra
1112 1909 1271 1951 preces’.
1320 1907 1504 1942 Ortvinus.

298 1963 350 1994 26.
368 1972 445 2004 sqq.
464 1960 515 1994 Et
533 1988 539 1994 .
555 1988 561 1994 .
577 1989 583 1994 .
602 1961 778 2006 infernos]
816 1961 903 1996 Haec
930 1963 992 2006 pia
1016 1963 1198 2007 precatio,
1232 1963 1289 1996 cui
1316 1962 1524 1997 Ortviniani
1553 1963 1724 1997 carminis
1747 1964 1840 1997 nihil
1865 1975 2012 2008 respon-

388 2016 467 2058 det,
494 2016 532 2049 in
558 2017 644 2050 edit.
663 2021 693 2051 5.
711 2019 856 2051 mutata
880 2019 935 2051 est
959 2018 1078 2062 posito
1106 2019 1279 2053 ‘mittite'
1306 2019 1365 2063 (cf.
1383 2031 1418 2063 p.
1436 2023 1511 2054 284.
1528 2020 1604 2053 not.
1623 2019 1670 2053 ad
1687 2031 1720 2053 v.
1741 2021 1807 2063 11.)
1825 2021 1864 2054 et
1880 2021 2012 2054 omisso

386 2072 467 2106 loco
494 2072 602 2105 ‘Mihi
620 2100 626 2106 .
642 2101 648 2106 .
665 2101 670 2106 .
690 2073 857 2107 duellum
869 2075 876 2089 '
903 2074 1018 2108 verba
1044 2074 1107 2108 ‘Et
1130 2074 1254 2109 valete
1273 2103 1279 2108 .
1296 2103 1322 2108 ..
1341 2074 1607 2119 VVestphalia’.
1645 2075 1751 2119 quasi
1766 2075 1919 2109 ultimus
1936 2086 2011 2110 car-

386 2128 494 2161 minis
519 2139 645 2162 versus
671 2131 808 2171 essent,
836 2140 1008 2173 expressa
1031 2132 1127 2164 sunt.

297 2187 350 2217 27.
367 2195 445 2227 sqq.
462 2194 537 2218 ‘non
561 2185 633 2219 scio
658 2186 733 2229 etc]
759 2185 836 2219 fere
861 2186 904 2220 ut
927 2185 1132 2231 Negelinus
1156 2187 1267 2230 paulo
1294 2188 1398 2229 ante,
1424 2199 1460 2231 p.
1478 2188 1637 2222 28²⁰·Sq‘1·

296 2330 383 2373 Pag.
402 2329 465 2366 31.
565 2302 800 2365 EPISTOLA
815 2332 877 2370 20.
904 2331 1117 2366 IOANNES
1134 2331 1490 2367 LVCIBVLARIVS
1510 2332 1740 2367 ORTVINO.

297 2411 316 2440 2
342 2406 508 2441 Fortasse
542 2407 607 2441 sub
634 2408 780 2442 Ioannis
804 2408 1030 2444 Lucibularii
1060 2410 1210 2444 nomine
1234 2410 1329 2445 latet
1352 2410 1587 2445 Bernhardus
1612 2410 1948 2455 Lutzenburgensis
1972 2411 2009 2445 in

388 2462 580 2497 Sententia
610 2463 924 2508 Erphordensium
953 2465 1126 2499 laudatus
1163 2465 1263 2509 apud
1293 2466 1581 2510 Pepericornum
1611 2467 1649 2499 in
1680 2466 1827 2500 Defens.
1844 2478 1879 2510 p.
1899 2469 2008 2501 13614.

387 2519 442 2552 ed.
461 2530 508 2552 111.
550 2518 718 2554 ‘Suouae’
746 2520 871 2554 scribit
886 2519 1037 2555 Listrius
1056 2520 1102 2554 ad
1119 2520 1374 2555 Reuchlinum.
1409 2522 1452 2556 cf.
1472 2522 1601 2566 Consp.
1620 2522 1781 2557 chronol.
1799 2522 1847 2556 ad
1863 2533 1894 2556 a.
1914 2526 2009 2557 1514.

385 2574 408 2608 i.
426 2574 449 2608 f.
468 2586 579 2619 supra
601 2587 636 2619 p.
659 2580 730 2610 135.
764 2575 852 2612 KSed
876 2578 1001 2610 noster
1025 2577 1154 2611 scribit
1176 2587 1252 2619 „ex
1277 2576 1442 2611 Suollis“
1467 2578 1637 2621 (Zwoll),
1670 2578 1869 2622 provinciae
1894 2579 2010 2612 trans-

385 2630 533 2664 isalanae
559 2631 696 2674 oppido
722 2631 888 2675 capitali,
914 2633 1003 2666 tunc
1028 2633 1220 2677 gymnasio
1245 2644 1310 2667 suo
1335 2633 1482 2667 celebri.

296 2691 315 2718 4
342 2697 431 2728 quas
449 2714 454 2719 .
471 2714 476 2720 .
493 2714 498 2719 .
517 2688 629 2731 num]
659 2687 947 2728 innumerabiles
972 2689 1066 2722 203⁴.
1091 2688 1403 2722 innumerabilem
1430 2690 1516 2722 1120.

340 2742 535 2775 secundum
561 2742 668 2787 quod]
694 2743 896 2786 respondet
911 2755 944 2777 v.
963 2746 992 2777 8.
1011 2744 1061 2777 sic
1084 2755 1191 2778 nunc.
1241 2744 1460 2779 Germanice
1484 2745 1673 2779 Demnach.
1695 2745 1765 2779 Ihr
1787 2747 1859 2780 mz'r
1881 2746 2010 2788 sin‘iher

384 2798 616 2839 Ter-§prochori
639 2798 733 2832 habt.
759 2822 802 2825 ——
826 2809 862 2833 so
888 2799 967 2833 bitt’
991 2799 1047 2833 ich
1072 2799 1177 2834 Euch
1200 2812 1290 2834 omn.

295 2856 315 2884 5
339 2852 418 2885 vell.
438 2880 464 2885 ..
483 2853 721 2898 adiutorium]
752 2855 830 2897 (last
852 2855 920 2889 Ihr
945 2856 1015 2889 mir
1038 2866 1080 2889 zu
1107 2855 1213 2898 Hilfe
1236 2856 1313 2891 scin
1337 2857 1485 2899 wolltet,
1509 2858 1546 2890 te
1571 2858 1664 2891 meis
1688 2856 1798 2890 rebus
1822 2857 2007 2891 consultu-

384 2919 465 2940 rum
491 2920 577 2942 esse.

342 2974 371 3005 q.
389 2963 467 2996 hab.
484 2966 624 3009 necessa]
653 2977 759 2999 wamz
786 2967 911 3000 immer
934 2968 993 3001 ich
1016 2978 1051 3001 es
1073 2969 1178 3012 φιόΐῖς]
1200 2969 1314 3009 Mtte,
1339 2968 1403 3002 ubi
1427 2980 1518 3012 opus
1542 2968 1647 3002 foret.

295 3022 314 3050 6
334 3029 493 3060 promen.
506 3030 584 3061 prm
606 3022 665 3064 αλ]
692 3022 782 3054 mihi
807 3034 881 3066 prae
908 3024 988 3056 aliis
1013 3024 1155 3064 favere,
1182 3025 1219 3057 te
1244 3025 1432 3057 fauturum
1459 3034 1546 3057 esse.
