2119 3522
333 216 429 263 452
828 234 934 258 nmnx
957 236 1209 258 BIOGRAPHICVS
1234 237 1275 257 ET
1299 236 1540 260 oNOMAsrrcvs.

332 350 385 381 Ad
410 352 575 381 senatum
601 349 842 381 coloniensem
1103 359 1165 380 car
1185 358 1201 389 J
1303 350 1364 380 Bis
1389 352 1522 390 quater
1547 352 1700 381 estatem

331 404 382 435 Ad
408 405 550 435 beatam
574 404 759 445 Virginem
784 404 935 435 Mariam
1109 414 1169 435 car
1187 413 1205 444 J
1304 405 1414 447 Virgo
1440 405 1549 437 decus
1575 405 1645 437 celi

329 460 382 491 Ad
409 462 593 491 matronas
617 460 822 491 lubicenses
1104 470 1164 491 car
1183 468 1200 499 J
1301 460 1384 492 Sum
1409 471 1544 492 memor
1570 471 1612 492 ex
1636 463 1770 493 vestris

331 514 383 545 Ad
408 518 573 546 senatum
599 515 901 556 hamburgensem
1104 525 1166 547 car
1185 523 1202 555 J
1301 515 1441 547 Retulit
1465 520 1505 547 ut
1528 516 1679 558 legimus

328 570 382 601 Ad
408 574 573 602 sanctum
596 570 756 602 Rochum
1103 581 1164 603 car
1183 579 1201 610 J
1301 570 1414 603 Salve
1440 571 1548 603 roche
1575 582 1678 603 sacer

327 625 379 656 Ad
405 625 590 658 auditores
615 636 699 658 suos
1103 637 1165 659 car
1184 635 1202 666 J
1300 627 1440 659 Nobilis
1464 627 1531 659 has
1556 638 1664 660 voces
1691 628 1773 660 audi

327 681 382 712 Ad
407 680 519 712 filium
545 692 646 713 suum
1103 693 1165 714 car
1190 682 1345 724 plurima

326 737 372 767 Et
399 736 472 768 alia
496 737 610 768 multa

326 792 426 823 Viuit
457 792 502 824 ad
532 792 600 824 huc
631 793 726 835 apud
750 794 977 836 Moguntiam
1006 805 1137 837 magno
1170 796 1207 826 in
1238 795 1358 836 precio
1385 795 1531 826 habitus
1556 795 1620 827 sub
1646 794 1897 828 Maximiliano
1921 797 2038 839 Impe-

325 850 445 879 ratore
479 851 515 879 et
542 848 633 880 Iulio
665 860 761 891 papa
792 850 870 881 eius
895 851 1050 882 nominis
1078 850 1230 882 secundo
1257 851 1358 882 Anno
1391 851 1526 883 domini
1558 861 1625 893 quo
1658 850 1720 882 hec
1746 852 1936 884 scribimus
1961 853 2038 884 mil-

324 903 453 935 lesimo
479 905 767 946 quingentesimo
793 910 935 938 octauo.

326 1007 522 1038 REGVLAE
554 1008 947 1040 GRAMMATICALES
979 1006 1049 1040 vicl.
1072 1003 1321 1041 Exercitium
1351 1016 1578 1053 puerorum.

323 1114 499 1153 REISCH,
534 1107 766 1158 Gregorius,
799 1111 841 1146 111
871 1109 1164 1147 Pirckheimeri
1196 1109 1367 1160 epistola
1387 1109 1560 1146 Luciani
1581 1104 1779 1146 Piscatori
1810 1109 2037 1160 praemissa¹

321 1163 509 1201 scribitur
549 1163 770 1215 ‘Georgius
810 1166 939 1216 Reyst
978 1165 1186 1215 Friburgae
1226 1164 1518 1202 carthusianus
1557 1165 1705 1215 prior’‚
1750 1166 1822 1203 sed
1870 1167 1910 1203 in
1950 1167 2036 1204 Ioa.

321 1219 445 1256 Fabri
484 1220 665 1258 oratione
704 1221 868 1258 funebri
906 1222 948 1257 111
981 1221 1236 1271 depositione
1266 1221 1535 1259 Maximiliani
1574 1219 1685 1271 imp.2
1714 1222 1885 1272 legimus
1921 1221 2036 1260 ‘Car-

319 1275 577 1322 thusiensem,
613 1289 662 1313 ex
682 1277 883 1327 Friburgo
906 1277 1169 1327 Brisgaudiae,
1195 1277 1401 1315 dominum
1423 1276 1664 1326 Gregorium
1684 1277 1844 1324 Reisch‚
1881 1291 2036 1329 magnae

320 1332 436 1368 famae
467 1345 512 1368 ac
535 1331 727 1369 doetrinae
758 1333 996 1371 hominem'.
1042 1333 1091 1370 In
1115 1333 1294 1384 epistolis
1318 1331 1366 1370 O.
1390 1333 1439 1370 V.
1463 1334 1627 1370 nomine
1657 1346 1728 1370 suo
1760 1347 1844 1372 11011
1874 1334 2034 1384 legitur,

318 1387 391 1424 scd
422 1393 481 1424 est
511 1388 618 1425 inter
647 1394 727 1426 tres
758 1390 865 1426 viros
897 1402 930 1434 p.
949 1386 1051 1423 21823
1074 1402 1123 1426 ex
1143 1389 1406 1439 Pepericorni
1427 1389 1681 1426 Defensione
1713 1390 1924 1440 allegatos.
1972 1391 2035 1427 De

320 1456 366 1480 00
406 1456 455 1480 ex
493 1442 763 1482 8011101110103
799 1445 884 1482 haec
925 1445 1085 1482 damus:
1124 1445 1247 1482 Anno
1282 1445 1402 1482 1487.
1436 1444 1657 1495 Gregorius
1695 1445 1831 1483 Rusch
1871 1446 1921 1484 de
1958 1446 2034 1484 Ba-

317 1499 479 1549 lingen,
519 1499 651 1537 cleric.
685 1499 894 1538 Constant.
923 1501 1111 1538 Dioeces.
1142 1502 1179 1538 8.
1210 1501 1293 1538 kal.
1315 1500 1534 1538 Novembr.
1565 1501 1783 1538 matriculae
1814 1502 1926 1539 univ.
1948 1501 2035 1539 Fri-

318 1554 530 1604 burgensis
560 1556 796 1606 inscriptus,
829 1558 1015 1607 sequenti
1047 1570 1154 1594 anno
1185 1557 1491 1602 baccalaureus,
1525 1562 1610 1594 111111
1640 1570 1675 1593 a.
1702 1557 1822 1594 1489.
1844 1558 2036 1608 magister

319 1611 464 1647 artium
496 1611 624 1649 faetus
658 1619 729 1650 est.
790 1613 853 1650 De
886 1626 932 1650 eo
965 1613 1006 1649 in
1036 1613 1258 1651 Mortuario
1283 1611 1507 1650 Carthusiae
1528 1612 1814 1663 Friburgensis
1847 1613 1917 1651 fol.
1942 1615 2034 1651 128.

317 1666 483 1716 legitur:
516 1667 803 1713 „Venerabilis
826 1668 947 1706 Pater
979 1668 1200 1719 Gregorius
1222 1668 1384 1720 Reysch
1418 1668 1467 1705 (10
1496 1668 1712 1718 Balingen,
1745 1669 1862 1706 Prior
1895 1669 2034 1706 domus

320 1728 465 1759 nostrae
499 1729 537 1760 et
567 1724 803 1774 principalis
830 1725 1027 1762 Visitator
1056 1725 1280 1762 Provincia}
1311 1724 1458 1767 Rheni,
1491 1730 1607 1761 autor
1636 1725 1868 1775 Margaritae
1898 1725 2033 1762 Philo-

317 1778 511 1828 5011111010,
555 1780 617 1816 vir
658 1780 911 1817 doctissimus
951 1788 990 1818 et
1032 1781 1354 1831 expertissimus,
1396 1781 1508 1817 cuius
1544 1780 1719 1818 fidelitas
1760 1787 1799 1818 01
1835 1781 2035 1819 industria

321 1834 456 1871 domui
486 1842 631 1872 nostrae
664 1849 710 1873 ac
739 1838 814 1873 toti
846 1836 979 1874 ordini
1000 1838 1246 1886 permaxime
1269 1837 1433 1887 profuit,
1467 1836 1682 1874 aedificavit
1703 1837 1882 1887 quinque
1905 1850 2034 1876 novas

319 1890 439 1927 cellas
470 1891 575 1928 circa
606 1898 793 1939 montem,
827 1893 922 1929 item
941 1893 1223 1930 Molendinum
1255 1894 1297 1930 in
1328 1892 1455 1938 horto,
1490 1893 1585 1929 item
1602 1892 1875 1930 Refectorium
1899 1900 1938 1930 et
1958 1894 2034 1931 Ec-

319 1946 478 1984 clesiam
502 1953 575 1984 etc.
601 1946 712 1984 Obiit
730 1962 765 1985 a.
781 1949 902 1986 1525.
934 1949 988 1985 Et
1010 1949 1195 1986 auditum
1216 1956 1275 1987 est
1297 1948 1346 1986 ab
1369 1962 1415 1986 eo
1438 1949 1563 1985 semel
1581 1961 1624 1986 se
1645 1949 1803 1986 circiter
1825 1949 2033 1999 octingen-

318 2009 379 2039 tos
417 2002 590 2040 florenos
624 2001 747 2054 (quos
781 2004 832 2042 de
862 2005 1092 2055 Margaritis
1131 2019 1236 2055 saepe
1276 2005 1478 2055 impressis
1510 2010 1550 2042 et
1586 2005 1746 2042 statutis
1789 2005 1838 2042 ab
1879 2019 1925 2043 eo
1963 2019 2037 2056 per

320 2058 502 2096 ordinem
532 2065 658 2097 totum
690 2060 929 2107 divenditis,
973 2066 1011 2098 01
1042 2061 1151 2111 apud
1187 2061 1477 2111 Imperatorem
1506 2060 1828 2098 Maximilianum
1857 2061 2034 2099 lucratus

320 2113 395 2163 051)
429 2114 480 2152 ad
514 2114 672 2153 domum
710 2122 889 2154 nostram
926 2130 998 2167 per
1036 2123 1170 2167 partes
1211 2117 1404 2156 attulisse.
1467 2114 1580 2154 Obiit
1618 2122 1752 2155 autem
1788 2117 1831 2154 in
1861 2117 2034 2155 tumultu

318 2171 465 2208 rustico
503 2171 693 2222 Friburgi
731 2179 771 2210 01
807 2172 988 2223 sepultus
1028 2173 1138 2223 apud
1169 2186 1262 2219 nos,
1304 2173 1438 2211 anima
1469 2172 1521 2210 ad
1560 2173 1680 2210 coelos
1712 2173 1950 2211 evolante“.
1979 2194 2034 2199 —

319 2226 487 2264 Ioannis
504 2227 762 2266 Piemontani
777 2228 1115 2267 MS.Auctarium
1136 2230 1374 2280 scriptorum
1396 2229 1755 2267 ecclesiasticorum
1776 2229 1844 2267 fol.
1864 2230 1915 2267 53
1928 2226 1959 2270 b.
1983 2229 2032 2267 de

319 2282 507 2320 Reischio
539 2284 750 2322 articulum
780 2285 889 2323 hunc
918 2285 1060 2323 habet:

322 2358 550 2401 „Gregorius
575 2361 694 2392 reisch
718 2361 915 2393 monachus
940 2362 1075 2394 ordinis
1096 2362 1365 2394 Carthusiensis
1391 2366 1425 2393 et
1451 2362 1549 2403 prior
1568 2361 1691 2393 domus
1709 2362 1842 2393 sancti.
1861 2363 1904 2394 N.
1923 2372 2034 2404 prope

321 2414 497 2457 ffriburgh
528 2416 583 2448 vir
607 2416 860 2458 undecumque
886 2417 1118 2450 doctissimus
1147 2417 1383 2459 philosophus
1415 2420 1536 2448 orator
1566 2420 1675 2458 poeta
1707 2416 1964 2449 celeberrimus
1997 2421 2034 2448 et

323 2469 454 2501 diuinis
479 2472 668 2513 scripturis
693 2471 864 2504 nobiliter
890 2474 1115 2505 exercitatus
1140 2484 1325 2505 sacrarum
1344 2475 1410 2511 [sic]
1429 2483 1570 2514 quoque
1597 2483 1773 2505 canonum
1792 2483 1863 2504 non
1884 2474 2034 2515 ignarus

320 2526 467 2567 ingenio
495 2527 678 2559 excellens
703 2530 740 2559 et
764 2528 919 2560 disertus
947 2529 1090 2570 cloquio
1114 2529 1192 2561 vita
1220 2533 1255 2560 01
1280 2529 1566 2561 conuersacione
1592 2528 1743 2561 deuotus
1776 2528 1867 2561 fecit
1892 2532 1928 2561 et
1952 2539 2033 2560 con-

321 2582 437 2614 texuit
468 2582 512 2614 de
544 2582 668 2624 spolijs
700 2584 823 2626 egypti
853 2584 889 2615 id
920 2588 974 2617 051
1007 2585 1217 2617 secularium
1246 2584 1449 2616 litterarum
1476 2595 1520 2616 ac
1546 2585 1702 2616 omnium
1727 2584 1945 2616 facultatum
1971 2595 2034 2626 pro

320 2637 481 2669 vtilitate
506 2638 742 2680 ingenuarum
768 2641 897 2671 artium
923 2641 1162 2672 studiosorum
1188 2640 1460 2672 adolescentum
1486 2641 1596 2672 totius
1620 2640 1851 2683 philosophie
1876 2641 2035 2682 epitoma

322 2703 489 2733 magnum
515 2694 659 2734 quidem
686 2700 721 2727 et
744 2696 889 2738 insigne
922 2707 990 2738 quo
1018 2700 1116 2728 certe
1143 2696 1298 2728 omnium
1323 2696 1505 2728 doctorum
1530 2696 1711 2728 hominum
1736 2696 1872 2728 iudicio
1897 2696 2034 2727 nullum

324 2747 448 2779 Vtilius
480 2749 670 2782 efficacius
699 2752 974 2793 preciosiusque
1013 2755 1049 2783 et
1080 2751 1125 2783 ad
1163 2762 1303 2784 omnem
1333 2756 1406 2783 111111
1439 2753 1645 2784 diuinarum
1675 2762 1782 2793 quam
1816 2751 2034 2784 secularium

321 2802 525 2836 litterarum
551 2807 723 2838 noticiam
757 2808 1009 2849 compendiose
1034 2808 1185 2839 tendere
1211 2807 1419 2839 volentibus
1445 2807 1710 2840 conducibilius
1739 2817 1866 2839 munus
1892 2807 1937 2839 ad
1962 2806 2036 2840 edi·

325 2857 537 2891 ficacionem
567 2865 691 2893 sancte
724 2862 881 2894 ecclesie
913 2863 981 2895 hoc
1012 2866 1172 2905 tempore
1210 2863 1331 2895 offerri
1361 2865 1544 2905 potuisset
1574 2864 1669 2905 quod
1701 2874 1745 2895 ex
1777 2863 1931 2895 diuersis
1961 2866 2035 2895 tam

415 2993 447 3034 1)
465 2993 568 3025 Hutt.
587 2994 678 3036 Opp.
696 2996 722 3027 I.
742 3006 776 3037 p.
797 2995 956 3028 153¹²·⁵21·
1078 2997 1112 3038 2)
1131 2997 1234 3029 Hutt.
1254 2997 1347 3039 Opp.
1367 2998 1408 3029 V.
1427 3008 1461 3039 p.
1480 2996 1590 3030 28034.
1712 2996 1747 3037 3)
1768 2997 1884 3031 Geseh.
1903 2998 1934 3030 d.
1958 2997 2032 3030 Alb.

413 3048 530 3083 Luclw.
551 3049 642 3081 Unio.
663 3061 701 3081 zu
719 3051 885 3092 Freiburg]
900 3052 920 3084 ἱ.
939 3051 1001 3085 Br.
1036 3052 1147 3083 Freib.
1170 3053 1266 3085 1857.
1285 3051 1330 3086 8⁰.
1349 3053 1376 3087 1.
1395 3063 1428 3093 p.
1447 3053 1594 3084 63...67.
