2119 3522
572 232 734 254 ADDENDA
759 233 800 254 ET
824 233 1035 255 EMENDANDA
1059 233 1104 254 AD
1130 234 1226 256 1-1v'rT.
1245 234 1315 255 OPP.
1340 233 1418 256 voL.
1435 233 1473 255 ΙΙ.
1780 215 1874 261 815

166 355 233 387 ego
266 344 437 377 hesterno
468 345 613 385 vesperi
649 355 770 386 regem
804 356 980 378 armorum
1012 347 1058 377 M.
1078 347 1118 377 V.
1139 346 1402 388 expedivimus,
1439 346 1721 379 deliberavimus
1754 353 1876 380 tamen

167 400 277 432 alium
303 400 348 431 ad
372 400 480 431 Metis
505 400 690 430 civitatem
710 401 938 440 mittendum,
966 403 1027 442 qui
1053 403 1205 433 omnium
1226 402 1460 434 articulorum
1485 412 1527 433 ac
1553 406 1751 434 ceterarum
1775 403 1875 435 litte-

164 465 284 487 rarum
310 455 434 496 copias
460 456 502 486 D.
522 455 723 487 admiraldo
748 454 951 496 [Gzcz'llazmze
979 458 1144 497 Gozzffier,
1176 460 1331 497 seigneur·
1355 459 1396 489 (le
1422 458 1602 494 Bonnz'vet,
1635 460 1689 490 tne'
1713 459 1734 490 ἁ
1759 461 1791 490 la
1816 459 1873 491 ba-

163 512 256 542 taille
281 512 322 542 tle
348 510 471 551 Pavie]
503 514 539 542 et
564 510 607 542 de
633 510 746 542 Urval
772 509 885 551 [Iean
911 513 1088 551 d’Albret,
1122 514 1189 544 sire
1216 511 1378 554 [lorval]
1410 524 1452 544 ac
1479 514 1611 544 ceteris
1636 514 1770 546 ibidem
1797 516 1872 546 exi-

163 567 346 598 stentibus
373 566 548 605 deferret,
576 570 616 597 nt
640 566 863 607 prefatorum
890 570 1069 598 oratorum
1096 568 1230 599 litteris
1255 567 1392 599 incluse
1420 569 1643 610 reperiantur
1668 580 1711 601 ac
1737 580 1874 602 eorum-

164 622 245 653 dem
270 622 404 653 litteris
430 622 574 663 singula
599 632 665 663 que
689 622 749 652 hic
775 624 936 653 tractata
962 622 1071 662 (sunt)
1090 623 1134 654 M.
1154 623 1194 654 V.
1212 623 1416 664 largissime
1441 624 1638 666 intelligat.
1677 626 1794 657 Deum
1813 627 1874 657 ob·

163 681 278 710 ‘testor
295 689 338 709 ac
356 681 519 709 oratores
537 677 673 719 prefati
692 677 779 707 mihi
797 677 1005 710 testimonio
1024 688 1101 709 esse
1129 683 1277 719 possunt
1302 683 1341 710 ut
1363 690 1502 711 omnem
1527 690 1672 722 operam
1697 681 1871 713 adhibue-

162 735 229 765 rim
247 744 291 765 ac
308 734 395 765 totis
413 734 569 773 viribus,
597 734 945 773 consanguineorum
970 744 1126 772 meorum
1151 734 1303 775 auxilio,
1328 735 1588 775 laboraverim,
1615 739 1778 768 attamen
1802 747 1872 768 non

162 791 261 832 potui
286 789 395 821 aliter
420 790 583 821 obtinere
610 788 703 830 quod
728 788 765 819 in
792 788 928 820 eisdem
955 790 1069 830 copiis
1094 790 1308 824 continetur.
1358 790 1396 821 Si
1414 792 1460 822 M.
1478 793 1521 823 V.
1539 792 1684 833 singula
1700 792 1799 824 volet
1816 803 1874 824 ac-

164 850 313 887 ceptare
346 855 390 876 ac
421 844 628 884 radificare,
661 848 747 875 tunc
772 844 950 885 Magantia
982 848 1018 876 et
1047 845 1325 886 Bramlebzcrffllm
1355 846 1551 878 fortissime
1582 848 1780 879 manebunt
1809 859 1873 890 pro

161 901 210 935 M.
225 902 267 934 V.
284 911 326 932 ac
345 901 592 942 procurabunt
611 899 890 941 diligentissime
911 900 1005 940 apud
1025 900 1126 933 alios.
1328 903 1371 932 D.
1385 902 1531 933 mar-chio
1543 902 1873 945 Brundeburye7zsz’s,

161 960 291 998 quarto
315 957 373 988 die
399 956 505 987 huius
531 955 682 995 mensis,
709 956 838 986 habuit
862 955 1003 987 litteras
1029 967 1049 987 a
1068 957 1244 998 Magantia
1266 962 1301 988 et
1321 957 1441 988 Comite
1457 959 1608 998 palatino
1626 962 1665 989 ut
1682 960 1734 990 eis
1753 959 1873 1001 place-

160 1017 216 1044 ret
242 1012 434 1044 consilium
459 1012 658 1043 marchionis
684 1011 1017 1053 Branclebnrgyensis,
1048 1016 1087 1043 ut
1117 1012 1256 1044 scilicet
1286 1016 1544 1045 revocarentur
1568 1014 1689 1046 littere
1715 1015 1872 1057 sigillate

159 1070 236 1110 reyz'
256 1069 419 1100 callzolz'co
444 1067 529 1098 date
549 1067 593 1099 ab
613 1067 771 1108 quinque
789 1068 1004 1108 electoribus,
1031 1068 1073 1099 de
1093 1068 1221 1109 quibus
1240 1072 1348 1100 antea
1365 1069 1569 1110 largissime
1588 1071 1730 1112 scripsi,
1758 1075 1794 1102 et
1811 1072 1873 1103 ubi

159 1125 353 1156 restituere
372 1123 496 1163 nollet,
515 1126 554 1154 ut
573 1123 616 1155 ab
636 1123 771 1155 eisdem
790 1125 959 1165 quinque,
982 1124 1124 1156 scilicet
1139 1135 1219 1166 reye
1238 1125 1424 1166 llanyarie,
1444 1125 1652 1166 Maga-utino,
1671 1127 1870 1167 Coloniensi,

160 1180 284 1212 Comz‘te
298 1181 472 1222 palatino,
500 1179 802 1222 Brandelmrgjensz'
821 1180 1039 1211 unanimiter
1057 1179 1335 1220 anihilarentur,
1363 1181 1447 1221 quia
1466 1185 1544 1212 erat
1561 1181 1662 1213 facta
1680 1184 1871 1223 promissio

158 1239 215 1276 ut,
243 1239 327 1268 ante
351 1245 511 1267 mensem
538 1238 600 1267 aut
623 1236 661 1266 in
680 1237 860 1278 principio
881 1236 1040 1267 eiusdem
1058 1237 1193 1268 mensis
1211 1237 1296 1268 maii
1314 1236 1412 1267 fieret
1429 1238 1544 1268 electio
1564 1247 1626 1278 per
1642 1240 1871 1271 renunciaeio-

158 1304 248 1326 nem:
275 1295 310 1324 et
334 1292 400 1324 hoc
427 1301 523 1322 nunc
548 1291 625 1323 fieri
649 1302 719 1323 non
742 1296 862 1333 potest
884 1295 1031 1333 propter
1053 1297 1187 1323 mortem
1204 1293 1426 1332 imperatoris.
1472 1292 1560 1324 Ideo
1579 1294 1707 1333 etiam,
1733 1294 1871 1335 absque

158 1349 356 1389 llunyarm,
379 1347 492 1379 ceteri
510 1351 662 1388 quatuor
678 1351 830 1389 possunt
848 1348 884 1378 in
904 1347 1001 1385 (id?)
1020 1348 1159 1379 irritum
1178 1347 1348 1386 reddere,
1368 1348 1540 1389 precipue
1560 1359 1638 1380 cum
1655 1350 1727 1380 sint
1742 1351 1870 1382 unani-

159 1414 233 1436 mes
245 1429 253 1442 ,
277 1407 313 1436 et
330 1404 478 1445 scripsit
496 1404 713 1445 Mafflmtitms
731 1407 767 1435 et
783 1404 967 1434 laborabit
986 1413 1063 1434 cum
1081 1405 1230 1444 palatino
1248 1406 1286 1434 ut
1304 1403 1366 1434 fiat
1383 1406 1422 1434 ut
1438 1403 1754 1447 Brancleburyensis
1770 1406 1870 1438 labo—

158 1463 214 1491 ret
237 1470 317 1491 cum
336 1460 542 1495 Coloniensi;
568 1460 660 1501 quod
680 1461 757 1501 ipse
776 1458 1093 1499 Brcmcleburyensls
1111 1459 1392 1500 diligentissime
1414 1459 1516 1494 facit.
1719 1461 1776 1493 Ad
1798 1461 1870 1493 ista

158 1516 278 1548 omnia
294 1517 338 1547 D.
360 1511 676 1558 Branclebzquwxis
699 1515 940 1557 respondebat
965 1513 1174 1555 diligenter,
1201 1515 1451 1556 persuadendo
1475 1518 1514 1547 ut
1536 1517 1573 1547 in
1596 1516 1665 1548 isto
1686 1518 1870 1558 proposito

158 1575 444 1614 perseverarent,
462 1575 546 1612 etc.;
570 1582 635 1603 1100
659 1572 943 1614 procuratorium
962 1570 1052 1612 ipsis
1070 1570 1228 1612 placeret
1243 1572 1333 1611 reglis
1350 1572 1506 1603 catholici
1520 1572 1678 1604 missum.
1719 1572 1867 1612 Deinde,

157 1631 289 1661 octavo
321 1628 378 1659 die
416 1628 522 1660 huius
553 1629 704 1668 mensis,
744 1628 788 1659 D.
807 1627 1124 1668 Brmzdeburyensis
1153 1626 1280 1658 habuit
1312 1626 1405 1658 alias
1434 1627 1576 1658 litteras
1609 1638 1629 1658 a
1661 1628 1868 1669 Maymzlino,

157 1695 248 1726 quas
275 1685 352 1716 cius
370 1685 592 1716 camerarius
618 1685 653 1715 in
673 1685 831 1725 quinque
850 1683 977 1714 diebus
994 1682 1179 1723 hucusque
1204 1682 1348 1720 dctulit;
1377 1693 1443 1723 que
1461 1683 1696 1715 continebant
1713 1683 1871 1724 qualiter

157 1739 303 1781 quidam
331 1741 551 1772 camerarius
585 1743 622 1771 ct
653 1740 885 1771 consiliarius
910 1737 1024 1779 [Paul
1049 1737 1299 1780 Armerslorslf]
1323 1740 1413 1779 regis
1443 1739 1599 1771 catholici
1628 1738 1723 1780 apud
1753 1740 1868 1780 ipsum

157 1796 417 1838 applicuisset,
454 1796 515 1837 qui
540 1797 703 1827 venisset
729 1807 750 1827 a
775 1806 853 1837 rege
879 1795 1060 1834 catholico,
1092 1795 1128 1826 in
1155 1797 1277 1836 posta,
1303 1805 1380 1825 cum
1406 1795 1656 1826 commissione
1683 1798 1720 1826 et
1743 1805 1868 1836 procu-

157 1853 292 1884 ratorio
318 1862 412 1884 novo
439 1855 474 1883 et
499 1853 653 1894 optimo,
681 1855 719 1883 ut
737 1852 857 1883 omnia
882 1861 949 1892 que
976 1851 1175 1892 imperator
1199 1850 1440 1882 conclusisset
1466 1860 1544 1882 cum
1569 1852 1731 1883 catholieo
1756 1851 1869 1883 vellet

155 1907 366 1948 radificare,
393 1908 508 1939 eciam
527 1908 661 1940 addere
689 1912 726 1939 et
752 1907 948 1949 ampliare,
976 1908 1036 1948 qui
1061 1907 1216 1939 fecisset
1240 1917 1392 1948 magnas
1417 1906 1696 1939 adhortaciones
1721 1918 1764 1938 ne
1790 1918 1868 1948 per—

155 1965 315 1996 mitteret
341 1974 402 1995 eos
428 1964 618 2005 pervenire
646 1964 689 1995 ad
714 1965 884 2005 imperium
908 1963 968 2004 qui
992 1963 1102 2004 longo
1127 1966 1287 2004 tempore
1315 1963 1493 1995 sitiissent
1518 1964 1561 1995 de
1587 1963 1762 2005 sanguiue
1788 1973 1867 2004 ger-

156 2021 312 2061 manico,
340 2031 384 2051 ac
409 2020 461 2051 nil
487 2020 585 2052 aliud
612 2021 817 2061 cogitarent
843 2029 949 2060 quain
975 2019 1018 2050 de
1045 2020 1151 2050 ruina
1177 2020 1434 2051 Germanorum
1460 2030 1502 2050 ac
1529 2019 1685 2060 imperii,
1714 2022 1750 2050 et
1774 2018 1866 2060 quod

155 2077 250 2108 idem
277 2076 408 2109 fuisset
433 2077 549 2108 eciam
576 2076 670 2118 apud
688 2077 876 2108 Palatinum
901 2079 934 2106 et
952 2075 1195 2116 Coloniensem,
1222 2076 1284 2106 ubi
1310 2075 1444 2107 similes
1470 2076 1620 2107 fecisset
1645 2075 1868 2106 adhortatio-

154 2143 230 2167 nes.
277 2132 376 2165 Idem
401 2132 619 2173 rlsagyuntimcs
644 2133 784 2164 monuit
808 2132 1147 2173 andebmyensem
1170 2134 1211 2162 ut
1242 2132 1423 2172 cogitaret
1454 2131 1497 2163 de
1522 2131 1674 2173 negocio
1700 2132 1770 2162 isto
1795 2141 1868 2162 ma-

154 2192 252 2229 ture,
286 2188 379 2230 quod
412 2189 443 2221 si
475 2188 539 2220 alii
564 2191 728 2221 electores
754 2191 877 2220 essent
902 2190 1027 2219 contra
1054 2190 1091 2219 et
1120 2187 1190 2229 ipsi
1213 2197 1276 2228 pro
1301 2187 1348 2218 M.
1367 2188 1424 2227 V.,
1458 2186 1542 2228 quid
1572 2186 1727 2229 periculi
1753 2189 1789 2218 et
1814 2188 1866 2218 in-

154 2245 331 2277 commodi
356 2255 396 2276 ex
422 2244 490 2276 hoc
514 2245 604 2286 ipsis
623 2245 788 2279 oriretur,
838 2244 1016 2276 Similiter
1040 2244 1206 2285 prefatus
1232 2243 1462 2275 consiliarius
1486 2244 1576 2284 regis
1601 2243 1757 2274 catholici
1780 2243 1866 2274 scri-

154 2302 228 2343 psit
251 2301 553 2342 Bramleburyensz·
575 2301 690 2342 ipsum
718 2300 942 2333 adhortando
967 2300 1088 2332 datam
1115 2299 1221 2331 fidem
1247 2302 1427 2340 servaret,
1454 2298 1659 2341 pollicendo
1685 2298 1778 2339 quod
1802 2298 1865 2331 ho-

152 2357 250 2389 noris
276 2360 312 2389 et
336 2356 508 2388 utilitatis
533 2359 808 2397 assequeretur3
842 2359 878 2388 et
904 2359 1048 2396 contra,
1081 2356 1111 2387 si
1142 2366 1205 2397 per
1230 2355 1372 2397 aliquos
1398 2354 1605 2386 seductores
1631 2355 1691 2396 qui
1716 2354 1759 2386 de
1784 2365 1864 2396 pro-

152 2414 233 2456 pria
258 2413 381 2455 pocius
408 2423 513 2454 quam
539 2413 683 2455 imperii
713 2412 874 2444 utilitate
901 2413 1124 2454 cogitarent,
1155 2421 1274 2443 secum
1298 2411 1358 2443 hic
1390 2411 1587 2443 existentes
1618 2410 1864 2451 seduceretur,

154 2469 238 2511 quid
263 2470 331 2500 sibi
355 2469 526 2511 periculi,
559 2469 706 2501 honoris
732 2469 925 2510 damnique
956 2470 1186 2509 sequeretur,
1220 2477 1298 2500 sese
1328 2467 1534 2499 excusando
1561 2476 1670 2508 quare
1696 2476 1864 2508 persona-

153 2526 234 2557 liter
259 2525 330 2556 huc
355 2535 426 2557 non
450 2525 629 2564 venisset;
655 2525 720 2556 sed
745 2525 906 2556 marchio
931 2523 1131 2556 Casimirus
1155 2524 1224 2555 huc
1241 2524 1366 2556 veniet
1391 2533 1469 2554 cum
1495 2522 1590 2554 omni
1615 2522 1862 2554 commissione

153 2585 189 2613 et
205 2581 371 2623 plenaria
390 2582 624 2622 auctoritate,
649 2584 719 2613 etc.
924 2581 967 2612 D.
985 2580 1302 2621 Brandeburyensis
1324 2578 1569 2620 respondebat
1589 2578 1702 2619 primo
1721 2578 1862 2620 Mafflm-

151 2639 219 2670 tz'no
239 2636 397 2678 qualiter
413 2647 536 2669 omnes
556 2636 749 2677 articulos,
774 2647 881 2669 manu
900 2635 1060 2668 eiusdem
1077 2636 1270 2677 llffayunlz'nz'
1285 2634 1527 2675 subscriptos,
1554 2634 1626 2665 iam
1644 2634 1803 2666 misisset
1827 2635 1863 2665 in

151 2695 334 2736 potestate
351 2703 443 2734 mea,
464 2697 500 2725 et
518 2693 610 2735 quod
629 2703 696 2735 ego
711 2692 875 2735 singulos
889 2693 1115 2733 scripsissem
1130 2691 1176 2723 ad
1188 2691 1296 2730 MV„
1312 2694 1348 2722 et
1366 2690 1458 2731 quod
1475 2690 1537 2720 ubi
1555 2689 1686 2721 deiude
1705 2690 1772 2721 alii
1786 2700 1863 2721 ora-

150 2753 249 2781 tores
265 2748 313 2780 M.
327 2749 368 2782 V.
385 2750 589 2790 venissent‚
613 2752 652 2780 ut
674 2749 751 2791 ipse
777 2753 812 2780 et
836 2759 903 2789 ego
922 2747 1207 2779 ostendissemus
1226 2746 1367 2778 eosdem
1387 2745 1560 2777 articulos
1579 2745 1737 2777 eiusdem
1754 2756 1863 2777 manu

151 2805 378 2847 subscriptos
397 2805 533 2837 eisdem
551 2805 771 2845 oratoribus,
800 2807 836 2836 et
853 2804 947 2845 quod
964 2805 1042 2845 ipse
1060 2803 1392 2843 Brandehurgyensis,
1422 2811 1486 2842 pro
1511 2811 1549 2834 se
1575 2811 1619 2833 ac
1636 2811 1699 2843 pro
1719 2801 1861 2843 Magan-

152 2862 236 2900 tino,
264 2861 338 2893 iam
361 2860 520 2893 finaliter
540 2861 729 2894 nobiscum
754 2859 1011 2898 conclusisset,
1036 2859 1117 2890 ideo
1141 2859 1322 2900 cogitaret
1339 2857 1390 2888 nil
1410 2857 1509 2888 aliud
1527 2859 1614 2898 quin
1630 2857 1677 2891 M.
1696 2857 1736 2889 V.
1756 2857 1862 2889 fidem

150 2920 332 2958 servaret,
358 2920 396 2948 et
417 2921 457 2949 ut
481 2917 629 2950 deberet
654 2917 816 2958 cogitare
840 2919 879 2947 ut
900 2915 969 2946 iam
989 2917 1098 2946 antea
1117 2913 1257 2945 ambois
1274 2913 1377 2945 fidem
1396 2913 1581 2944 dedissent
1598 2914 1644 2945 M.
1662 2913 1723 2953 V.,
1748 2913 1862 2954 prius-

151 2982 259 3013 quam
282 2972 374 3004 nulli
397 2973 522 3014 alteri,
552 2976 588 3005 et
612 2973 748 3005 sorcius
772 2972 834 3004 ubi
859 2971 926 3002 hoc
954 2981 1049 3002 nunc
1074 2973 1172 3002 esset
1195 2972 1424 3010 renovatum,
1452 2969 1552 3000 nullo
1578 2968 1681 3000 modo
1708 2968 1861 3010 amplius

150 3038 230 3062 esse
250 3039 313 3071 per
330 3038 389 3062 eos
412 3030 664 3071 rumpendum,
689 3028 750 3060 sed
768 3026 1033 3059 inviolabiliter
1056 3026 1273 3059 servandum
1298 3026 1434 3066 absque
1454 3025 1549 3057 omni
1566 3024 1646 3057 dolo
1666 3026 1702 3056 ct
1719 3023 1859 3065 fraude,
