2119 3522
266 220 363 265 480
760 231 867 252 mDEx
891 227 1144 251 BIOGRAPHICVS
1167 226 1210 247 m*
1233 224 1474 248 ONOMASTICVS.

269 359 308 390 et
338 351 415 388 huc
445 348 592 387 adduci
622 345 792 384 Iacobus
814 342 1157 392 Rackenspurger
1187 340 1228 377 in
1258 340 1381 377 sacris
1414 345 1452 377 et
1483 339 1697 390 pontificiis
1728 338 1871 376 litteris
1903 337 1970 374 do-

269 407 483 450 ctissimus,
526 409 565 440 et
594 402 770 439 Ioannes
803 398 1013 437 Collaurus
1044 395 1165 434 IOtus
1189 425 1197 433 .
1222 428 1229 435 .
1256 426 1263 433 .
1288 425 1296 432 .
1318 401 1357 433 et
1387 395 1599 446 praeclarus
1637 395 1735 432 iuris
1772 395 1971 443 interpres

268 462 484 499 Heinricus
508 458 702 496 Oolherus
727 488 734 495 .
759 485 767 493 .
792 484 800 492 .
838 454 972 491 Taceo
1003 453 1068 490 1110
1091 451 1327 490 Othmarum
1356 451 1601 497 Luscinium,
1634 464 1751 500 quem
1781 462 1902 487 sacrae
1933 454 1973 485 et

269 516 494 568 pontificiae,
528 515 644 551 immo
677 513 796 550 etiam
819 510 968 548 Graecae
999 510 1143 546 litterae
1166 507 1460 545 commendant.
1499 508 1634 544 Taceo
1655 506 1847 544 Iacobum
1866 505 1972 541 Lan-

271 572 525 621 dcsbergium
555 569 733 606 nobilem
764 573 803 604 et
833 566 1047 603 eruditum.
1093 564 1228 601 Taceo
1250 574 1435 601 1οΑΝοοΜ
1457 574 1696 601 51011οΚ1οΜ
1717 568 1756 599 01
1775 562 1973 599 Ioannem

269 628 489 671 Maunium,
522 625 745 674 municipes
777 635 884 660 meos
918 616 1285 670 [sletstadienses]
1317 619 1454 656 Romae
1487 619 1555 656 diu
1587 624 1855 663 conversatos,
1888 616 1973 666 qui-

269 685 341 721 bus
372 683 541 720 coniicio
574 684 825 731 perspectam
856 677 1148 727 integritatem,
1183 681 1222 712 ct
1251 676 1544 721 innocentiam,
1576 680 1804 724 metumque
1834 673 1974 711 vulne-

270 739 406 777 randae
437 737 712 782 conscientiae,
753 748 831 785 quo
865 733 1069 770 difficilius
1102 737 1140 769 et
1178 731 1332 768 tardius
1369 730 1595 768 sacerdotia
1632 731 1975 772 nanciscerentur,

271 795 514 832 obstitisse“.
565 793 727 839 „Taceo
761 789 819 839 (in
849 789 988 827 adnot.
1012 788 1119 825 Zasii
1149 784 1313 837 legitur)
1337 786 1527 824 Iacobum
1550 787 1768 824 Sturmium
1798 785 1976 835 ingenio,

272 851 522 901 eloquentia,
557 856 596 886 et
626 860 775 898 genere
805 845 1000 891 nobilem,
1034 844 1102 894 qui
1132 843 1261 880 voluit
1291 843 1511 892 aliquando
1544 844 1585 879 111
1619 842 1980 879 ecclesiasticorum

270 907 411 945 haberi
448 918 633 950 numero,
674 903 746 941 sed
777 915 865 939 cum
893 901 1070 945 videret,
1111 899 1212 936 nulli
1250 898 1366 936 aliter
1402 911 1520 948 quam
1559 912 1630 948 per
1660 898 1799 935 sordes
1838 902 1980 947 patere

273 963 438 1008 aditum,
472 961 603 998 subito
635 959 804 997 mutavit
832 957 1087 995 sententiam.
1147 955 1282 991 Taceo
1313 954 1478 992 tandem
1498 955 1710 991 Nicolaum
1731 953 1981 991 Gerbellium

274 1018 416 1057 ICtum
446 1024 486 1055 et
514 1018 556 1053 in
587 1023 758 1066 utraque
788 1015 929 1063 lingua
961 1011 1250 1055 doctissimum,
1291 1011 1361 1059 qui
1389 1010 1652 1060 Argentorati
1684 1016 1723 1047 et
1760 1009 1856 1046 alibi
1887 1008 1983 1045 ami·

275 1089 409 1112 corum
439 1086 534 1111 usus
567 1078 627 1109 051
658 1084 792 1121 opera,
825 1069 894 1119 qui
924 1069 983 1105 illi
1014 1066 1282 1104 sacerdotium
1311 1067 1594 1116 impetrarent:
1626 1066 1697 1103 sed
1719 1065 1821 1102 nihil
1852 1064 1983 1101 effecit

274 1132 455 1181 primum,
491 1128 638 1166 deinde
669 1126 859 1177 poenituit
888 1125 1020 1174 ipsum
1050 1122 1290 1173 propositi.“

276 1248 437 1287 STURM,
470 1239 653 1284 Iacobus,
689 1251 738 1275 ex
770 1236 897 1274 nobili
919 1234 1210 1283 Offenburgica
1241 1239 1361 1283 gente
1394 1233 1444 1271 de
1476 1233 1686 1271 Sturmeck
1717 1234 1801 1270 sive
1834 1232 1983 1270 5101111-

276 1298 380 1335 neck
412 1296 463 1345 (p.
482 1293 614 1344 286⁸),
639 1292 1013 1343 Argentoratensis,
1046 1296 1166 1328 natus
1188 1303 1222 1326 a.
1252 1290 1383 1335 1489„
1409 1289 1447 1326 d.
1471 1290 1536 1326 27.
1560 1290 1637 1327 Iul.
1661 1303 1696 1327 a.
1722 1289 1841 1326 1504.
1864 1289 1906 1325 in
1929 1288 1982 1325 al-

276 1354 370 1391 bum
401 1352 615 1390 academiae
646 1348 930 1398 Friburgensis
962 1347 1112 1385 relatus
1144 1352 1183 1383 et
1214 1346 1291 1382 iam
1324 1345 1361 1382 d.
1388 1346 1452 1382 18.
1475 1346 1565 1382 Ian.
1589 1359 1624 1383 a.
1650 1346 1769 1384 1505.
1794 1345 1987 1394 Magister

277 1410 421 1446 artium
451 1409 598 1452 factus,
632 1405 926 1456 lVimphelingi
956 1402 1332 1451 Keisersbergiique
1366 1401 1603 1451 discipulus,
1647 1402 1831 1439 doctrina.
1868 1400 1985 1437 mori-

276 1466 431 1515 busque
463 1464 604 1509 clarus,
637 1461 868 1499 muneribus
892 1459 1064 1509 publicis
1095 1458 1234 1509 patriis
1258 1463 1297 1494 et
1327 1458 1368 1493 in
1391 1457 1559 1495 comitiis
1581 1464 1701 1508 atque
1733 1456 1841 1507 apud
1871 1469 1987 1506 reges

279 1521 557 1570 Caesaremque
597 1518 768 1556 oratorio
808 1517 952 1566 saepius
991 1528 1063 1565 per
1101 1514 1227 1552 ardua
1266 1514 1431 1563 negotia
1470 1514 1820 1563 periculorumque
1866 1512 1988 1562 plena

278 1584 460 1627 tempora
488 1574 748 1613 laudabiliter
778 1573 959 1616 functus,
999 1571 1165 1607 moritur
1197 1569 1234 1606 d.
1258 1570 1323 1606 30.
1347 1568 1435 1607 Oct.
1459 1583 1495 1607 a.
1522 1570 1640 1607 1553.
1700 1569 1878 1606 Primum
1916 1581 1989 1618 per

279 1634 434 1683 aliquot
463 1644 591 1669 annos
625 1630 674 1668 de
704 1628 972 1666 AriStotelicis
1003 1626 1116 1663 libris
1148 1625 1308 1675 publice
1338 1625 1458 1675 legit,
1491 1631 1575 1662 tum
1606 1638 1713 1663 anno
1740 1625 1860 1662 1508.
1882 1625 1990 1661 inter

279 1689 489 1738 theologos
528 1686 758 1724 intitulatus
798 1690 875 1732 est3
918 1689 1061 1733 postea
1098 1681 1243 1718 Leodii
1272 1681 1522 1731 Parisiisque
1561 1682 1679 1719 etiam
1718 1681 1816 1718 iuris
1854 1680 1987 1718 studio

280 1745 475 1791 incubuit,
509 1749 548 1780 01
578 1744 620 1779 111
652 1741 823 1792 patriam
852 1752 1036 1777 reversus
1058 1737 1283 1775 sodalitatis
1313 1737 1519 1774 litterariae
1540 1737 1898 1788 Argentoratensis
1928 1750 1988 1773 so-

282 1802 364 1838 cius
396 1801 484 1837 fuit.
537 1796 954 1836 Honorificentissime
986 1808 1077 1831 eum
1106 1798 1299 1831 memorat
1319 1792 1678 1843 VVimphelingusffi
1712 1794 1781 1844 qui
1803 1793 1840 1830 ei
1871 1793 1990 1829 etiam

283 1857 331 1894 (10
370 1856 602 1906 integritate
639 1853 820 1891 libellum
853 1866 887 1889 a.
914 1851 1033 1888 1505.
1057 1851 1226 1900 primum
1259 1848 1410 1886 editum
1440 1850 1664 1900 inscripsit,
1709 1855 1748 1887 et
1777 1845 1990 1886 Erasmus3

282 1925 440 1963 quoque
480 1925 570 1949 eum
600 1909 787 1947 laudibus
828 1907 985 1945 extollit
1022 1906 1183 1956 passim.
1243 1905 1390 1942 Ioanni
1433 1905 1626 1943 Sleidano
1660 1905 1991 1943 Germanicarum

282 1982 414 2005 rerum
443 1967 620 2004 historiae
651 1963 875 2003 scribendae
906 1963 1113 2000 materiam
1137 1961 1334 1999 Sturmius
1355 1962 1568 2011 suggessit.
1591 1962 1677 1999 ludi
1708 1961 1895 1998 litterarii
1915 1960 1989 1997 Ar-

282 2024 578 2075 gentoratensis
600 2036 635 2059 a.
659 2022 779 2060 1538.
803 2019 957 2057 conditi
988 2019 1201 2069 praefectus
1232 2017 1444 2067 primarius
1467 2017 1557 2055 fuit.
1603 2018 1738 2054 Vitam
1758 2017 1835 2054 viri
1855 2017 1991 2067 plures

286 2085 495 2128 enarrant3
528 2079 716 2116 videatur
738 2091 771 2115 e.
796 2090 853 2126 gr.
876 2072 1109 2120 Pantalco³,
1144 2073 1339 2112 Melchior
1358 2073 1583 2121 Adamus5,
1616 2071 1796 2120 Baelius0,
1830 2072 1990 2123 quibus-

374 2212 407 2254 1)
425 2212 566 2243 Erasmi
592 2222 672 2253 epp.
690 2211 730 2244 L.
751 2211 791 2243 Β.
812 2209 908 2240 1706.
928 2207 989 2239 fol.
1008 2207 1073 2239 001.
1096 2208 1189 2242 1141,
1215 2231 1254 2247 ,‚.
1271 2231 1278 2238 .
1298 2216 1364 2238 nec
1387 2208 1560 2247 gravatus
1587 2208 1642 2237 est
1668 2201 1993 2248 [VVimphelingus]

375 2278 497 2299 amore
524 2267 676 2309 pietatis
701 2276 810 2307 agere
835 2264 1074 2307 paedagogum
1101 2263 1240 2304 aliquot
1257 2272 1397 2303 magnae
1416 2264 1492 2304 spei
1511 2261 1817 2300 adolescentibus,
1846 2271 1992 2302 quorum

374 2324 596 2366 praecipuus,
622 2333 717 2354 110110
738 2320 786 2364 [a.
808 2318 919 2362 1529]
943 2320 1038 2352 inter
1062 2319 1220 2359 nobiles,
1247 2318 1431 2357 doctrina,
1459 2318 1686 2358 sinceritate,
1713 2317 1887 2357 candore,
1914 2327 1995 2358 priv

376 2380 501 2411 dentia
538 2379 783 2410 nobilissimus
813 2376 968 2409 Iacobus
1001 2375 1181 2414 sturmus,
1220 2375 1322 2406 cuius
1359 2373 1520 2406 consiliis
1556 2373 1747 2415 plurimum
1781 2373 1888 2405 debet
1918 2376 1996 2404 tota

375 2446 465 2477 pene
493 2435 706 2475 Germania,
738 2444 810 2466 non
842 2433 955 2465 solum
986 2431 1125 2473 inclyta
1150 2431 1279 2462 civitas
1305 2429 1623 2471 Argentoratum,*‘
1767 2428 1800 2469 2)
1825 2428 1906 2460 loco
1938 2438 1995 2459 su-

376 2501 441 2532 pra
467 2494 531 2522 art.
552 2490 741 2522 Storckius
759 2489 998 2530 transcripto,
1141 2487 1174 2526 3)
1207 2497 1237 2518 e.
1263 2496 1314 2527 gr.
1340 2486 1377 2516 in
1406 2485 1558 2527 praeced.
1584 2488 1657 2516 not.
1677 2486 1706 2517 1.
1737 2488 1774 2517 et
1803 2485 1839 2516 in
1871 2495 1926 2526 ep.
1952 2485 1996 2515 ad

376 2547 615 2579 Mosellanum
642 2558 673 2581 a.
693 2547 790 2578 1519.
811 2556 879 2580 501,
903 2544 1062 2584 (Erasmi
1086 2553 1167 2584 epp.
1187 2543 1229 2573 L.
1248 2542 1288 2574 B.
1310 2542 1406 2574 1706.
1424 2541 1487 2576 fol,
1508 2541 1574 2573 col.
1592 2539 1684 2581 407.)
1711 2539 1889 2581 „Vixdum
1916 2550 1996 2581 pro·

377 2603 494 2635 dierat
517 2603 559 2635 N.
578 2603 636 2643 T.,
671 2612 748 2634 curn
776 2599 1097 2643 Argentoratensis
1122 2598 1341 2640 praedicator
1366 2598 1545 2639 quispiam
1567 2622 1595 2630 ..
1611 2622 1618 2629 .
1637 2598 1674 2628 in
1700 2606 1835 2629 corona
1861 2595 1996 2627 studio-

378 2670 494 2691 sorum
520 2658 646 2700 plena,
674 2662 713 2690 ut
739 2658 857 2697 aiunt,
889 2657 990 2688 tibiis
1020 2655 1215 2687 detonabat
1239 2654 1275 2685 in
1301 2663 1389 2695 opus
1413 2653 1517 2684 illud.
1564 2652 1700 2684 Aderat
1723 2652 1876 2684 Iacobus
1902 2651 1998 2683 Stur-

378 2716 489 2755 mius,
513 2714 655 2746 iuvenis
680 2714 826 2755 ingenio
853 2713 991 2751 faceto,
1019 2721 1154 2743 summo
1179 2710 1334 2749 iudicio,
1361 2709 1526 2741 doctrina
1546 2719 1615 2741 non
1633 2708 1795 2750 vulgari,
1823 2718 1866 2739 ac
1883 2707 1998 2739 nostri

380 2781 457 2801 cum
482 2771 606 2812 primis
631 2770 827 2803 studiosus.
867 2771 898 2801 is
924 2777 1053 2810 passus
1080 2770 1135 2798 est
1164 2766 1343 2798 hominem
1375 2765 1420 2797 ad
1452 2765 1660 2796 satietatem
1691 2774 1802 2805 usque
1836 2762 1998 2794 deblate-

379 2836 471 2857 rare.
514 2836 592 2857 cum
616 2825 704 2856 nihil
729 2826 800 2856 iam
818 2835 888 2856 non
906 2824 1077 2863 dixisset,
1105 2826 1212 2863 atque
1230 2826 1269 2853 ut
1285 2821 1356 2862 ipsi
1372 2821 1486 2852 visum
1506 2824 1561 2852 051
1578 2820 1753 2860 feliciter,
1779 2819 1921 2861 rogavit
1938 2818 1999 2849 ho-

379 2882 508 2912 minem
523 2881 716 2921 Sturmius,
736 2892 780 2912 an
799 2890 887 2922 opus
904 2880 1067 2912 vidisset.
1092 2878 1251 2920 negavit.
1287 2877 1357 2917 Qui
1373 2880 1475 2918 potes
1492 2877 1621 2919 igitur,
1641 2877 1776 2916 inquit,
1795 2878 1869 2906 tam
1887 2873 1999 2905 multa

380 2937 579 2978 praedicare
606 2937 649 2968 de
675 2947 802 2978 opere,
830 2936 923 2978 quod
949 2946 1015 2967 nec
1040 2935 1176 2976 legeris
1200 2944 1269 2965 nec
1293 2933 1450 2965 videris?
1490 2933 1618 2964 Risere
1636 2932 1767 2971 cuncti,
1794 2940 1860 2962 nec
1877 2932 1999 2960 tamen

380 2993 509 3034 puduit
530 2992 627 3023 ill-um
648 2992 880 3034 impudentiae
899 3002 988 3023 suae.
1003 2990 1037 3022 .“
1129 2990 1163 3029 4)
1183 2990 1398 3031 Prosopogr.
1411 2988 1478 3019 ΠΙ.
1495 2999 1526 3029 p.
1541 2990 1616 3020 370.
1709 2986 1743 3026 5)
1759 2987 1794 3016 in
1811 2985 1897 3015 vitis
1912 2985 1999 3016 Ger-

381 3058 515 3079 manor.
535 3048 650 3080 ICtor.
678 3048 845 3080 Haidelb.
866 3048 963 3081 1620.
980 3046 1025 3080 8⁰.
1044 3057 1075 3087 p.
1093 3047 1242 3078 91...96.
1336 3046 1370 3084 6)
1390 3044 1498 3085 Bagsle
1516 3044 1603 3075 Diet.
1621 3054 1648 3073 v.
1669 3042 1842 3077 Sturmz'us,
1861 3041 1999 3082 Juqnes.
