2119 3522
303 205 396 248 328
796 218 903 239 INDEX
926 216 1180 238 BIOGRAPHICVS
1203 216 1245 237 ET
1269 215 1510 239 ONOMAS'rlcVS.

300 336 464 375 idemque
484 335 649 373 „praeter
667 330 867 371 Collegium
884 329 951 360 hoc
968 328 1268 370 Algesheimense
1286 328 1499 360 adiacentes
1517 330 1592 359 tres
1609 329 1730 360 domos
1749 341 1818 361 :um
1834 331 2009 362 Hummer—

300 392 402 425 stein,
427 399 496 420 zum
513 387 642 418 Herbst
667 388 703 417 et
726 396 795 417 zum
813 384 992 415 Bierbaum
1017 384 1136 415 dictas
1161 393 1305 424 aereque
1330 393 1394 415 suo
1421 386 1607 424 coemptas
1632 387 1707 415 tum
1733 395 1852 417 eorum
1870 388 1908 417 in
1924 395 2009 416 usus

302 442 546 485 consignavit,
584 444 658 472 tum
690 441 846 471 maxime
878 439 923 470 ad
959 439 1190 470 seminarium
1223 448 1285 470 seu
1316 439 1589 470 contubernium
1622 440 1839 481 iuventutis,
1876 441 2009 473 nobilis

300 499 497 541 praecipue,
531 496 634 527 bonis
666 496 805 527 artibus
833 495 1038 536 litterisque
1063 494 1320 527 imbuendae...
1356 494 1467 526 Brevi
1492 495 1701 536 ceteroquin
1725 495 1794 527 hoc.
1819 497 2008 528 contuber-

301 557 400 586 nium
430 552 632 585 effloruisse
663 551 721 583 vel
750 551 835 582 inde
866 550 1000 591 liquet,
1040 550 1137 591 quod
1166 551 1204 581 in
1234 550 1303 581 hoc
1335 551 1506 582 convictu
1537 560 1584 581 xx
1609 551 1693 591 quin
1724 550 1845 592 plures
1875 551 2012 583 fuerint

303 609 456 649 alumni,
485 607 729 640 convictorum
753 616 838 639 vero
865 616 975 648 prope
1000 609 1165 645 eentum,
1186 629 1215 636 ..
1234 605 1348 636 donec
1373 615 1405 638 a.
1424 606 1522 638 1631.
1558 605 1686 637 Suecis
1711 606 1792 637 urbi
1818 606 2010 647 appropin—

303 664 498 706 quantibus
529 666 654 694 coetus
684 663 753 694 iste
784 661 937 703 periculi
973 664 1071 693 metu
1102 660 1326 692 difflueret.“
1381 660 1435 693 Cf.
1455 660 1497 694 G.
1517 660 1556 692 C.
1575 661 1723 693 Ioannis
1746 661 1829 694 Rer.
1847 661 2010 704 Mogunt.

302 727 384 753 tom.
404 721 432 753 I.
453 731 487 761 p.
509 719 583 751 108.
604 722 639 750 et
655 719 732 751 873.

301 794 354 825 Ex
379 801 631 823 PARISIENSIBVS
655 790 773 822 bursis
804 790 880 822 fere
911 790 1109 822 innumeris
1142 788 1208 828 (de
1234 790 1364 829 quibus
1389 789 1435 823 ef.
1456 787 1605 821 Cre'vier
1628 790 1792 821 Histoire
1822 790 1865 822 de
1890 790 2013 822 l'univ.

302 850 345 880 de
372 849 487 880 Paris.
507 848 604 879 1761.
622 847 700 880 VII.
719 846 765 877 8⁰.
786 846 877 877 locis
896 848 980 877 tom.
999 845 1081 878 VII.
1097 856 1132 886 p.
1150 846 1226 876 245.
1246 848 1282 876 et
1298 846 1374 876 210.
1391 855 1449 877 νν.
1498 845 1648 887 Οοῐῖρῃεε
1672 850 1707 877 et
1726 845 1875 882 Bourse,
1901 845 2013 877 Bour-

301 907 386 936 siers
413 902 599 943 indicatis)
620 903 658 933 in
674 902 765 943 Epp.
785 901 828 935 O.
844 903 883 933 V.
902 912 935 942 p.
950 899 1052 932 24213
1076 904 1294 932 memoratur
1312 900 1513 942 Collegium
1531 901 1684 942 Montis,
1711 901 1755 933 de
1782 912 1849 943 quo
1867 901 2014 934 Crevie-

303 961 376 991 rius
402 960 462 992 cit.
479 960 506 992 I.
524 970 558 1000 p.
577 959 652 990 501.
679 958 818 998 „Enlre
842 960 890 988 les
915 958 1037 987 αηηὲεε
1057 957 1142 988 1250
1159 961 1191 987 et
1210 958 1294 988 1259
1311 957 1519 987 s'e'tahlz‘rent
1543 957 1564 987 (2
1589 957 1689 988 Puris
1713 959 1761 988 les
1789 959 1931 997 eolleyes
1956 959 2015 989 des

304 1016 486 1057 Aufflzstz'ns
512 1019 544 1045 et
568 1015 627 1045 des
647 1014 796 1049 Carmes,
823 1023 887 1044 non
910 1023 974 1053 pas
999 1013 1084 1043 (lans
1108 1013 1156 1042 les
1179 1012 1272 1042 lieux
1296 1013 1338 1043 οἰι
1364 1022 1444 1043 nous
1469 1014 1517 1043 les
1541 1023 1664 1053 voyons
1689 1013 1908 1052 aujozcrdlmi,
1934 1015 2016 1044 mais

303 1073 387 1103 celui
411 1072 469 1102 (les
498 1070 677 1111 Auyuslins
702 1070 786 1100 (lans
816 1071 846 1100 le
872 1069 1024 1109 quartier
1048 1067 1290 1102 illontmartr&
1323 1077 1397 1098 vers
1424 1068 1458 1098 la
1482 1078 1542 1098 rue
1567 1078 1628 1108 que
1654 1078 1735 1099 nous
1759 1070 1935 1109 appellans
1960 1079 2015 1100 en-

302 1138 380 1159 core
405 1128 465 1158 des
488 1128 588 1157 viena)
612 1125 815 1165 Azcfflcstz'ns,·
840 1129 872 1154 et
896 1123 981 1154 celui
1004 1124 1062 1154 cles
1087 1122 1241 1159 Carmes,
1271 1122 1292 1152 ἁ
1315 1123 1474 1154 l’endroit
1498 1124 1539 1154 οῐι
1563 1128 1638 1154 sont
1663 1124 1870 1163 aujourdlzztz'
1893 1126 1940 1155 les
1957 1124 2016 1156 Ce-

303 1185 430 1214 Iestz'ns.
479 1183 529 1214 Ils
553 1182 675 1213 e'toienc
701 1181 805 1211 aclmz‘s
830 1182 877 1210 les
902 1188 962 1209 mis
987 1182 1018 1209 et
1046 1179 1096 1208 les
1120 1182 1234 1208 autres
1259 1188 1299 1209 en
1318 1179 1414 1209 1259.
1434 1179 1520 1209 dans
1543 1180 1573 1209 Ie
1599 1188 1702 1219 corps
1727 1180 1767 1210 cle
1792 1179 2016 1220 I’Universz'te,

304 1249 422 1270 conane
447 1240 470 1268 il
491 1236 606 1278 paroit
631 1247 697 1276 par
719 1237 818 1266 I’ucte
844 1235 899 1275 qui
923 1235 1056 1274 assifflze
1081 1235 1110 1264 Ie
1135 1234 1274 1265 dernier
1297 1243 1384 1274 rans]
1408 1245 1479 1264 azcae
1503 1234 1720 1266 dominicains
1745 1236 1830 1266 [lans
1846 1236 1956 1267 toutes'
1971 1237 2018 1267 les

305 1294 499 1326 assemble‘es
537 1290 812 1333 acudemiqneS.“
875 1289 931 1322 Cf.
963 1289 1072 1320 etiam
1102 1288 1217 1319 Bulaei
1245 1287 1329 1319 hist.
1347 1289 1446 1320 univ.
1464 1289 1581 1320 Paris.
1600 1289 1691 1321 locis
1716 1291 1753 1321 in
1777 1290 1855 1322 Ind.
1874 1301 1941 1324 rer.
1959 1301 2017 1323 vv.

305 1351 421 1381 Bursa
447 1351 484 1380 et
509 1347 712 1388 Collegium
737 1345 924 1384 indicatis,
953 1346 1012 1386 qui
1038 1344 1149 1376 multa
1175 1345 1288 1376 etiam
1313 1343 1462 1376 Statuta
1487 1344 1724 1387 collegiorum
1752 1346 1909 1378 exhibet.

303 1424 358 1454 De
383 1430 497 1452 PBAGA
522 1420 601 1451 haec
627 1430 670 1451 ex
695 1419 787 1450 libro
814 1418 1032 1449 decanorum
1054 1417 1124 1448 fac.
1144 1416 1276 1458 philos.
1293 1417 1502 1458 Pragensis,
1528 1417 1657 1459 Pragae
1678 1420 1773 1451 1832.
1792 1417 1838 1452 8⁰,
1857 1421 1950 1460 part.
1970 1419 2019 1451 11.

304 1490 337 1520 p.
356 1478 432 1511 554.
450 1487 544 1517 sqq:
570 1500 631 1514 ,‚..
651 1476 766 1506 Bursa
783 1488 826 1500 =
845 1473 988 1513 domus,
1014 1473 1198 1504 habitatio
1224 1472 1442 1504 scholarium
1468 1484 1662 1515 pauperum
1686 1484 1704 1505 e
1729 1474 1882 1506 diversis
1903 1476 2019 1506 natio-

304 1534 427 1572 nibus,
454 1532 515 1563 ubi
541 1531 698 1563 eiusdem
725 1529 880 1571 Collegit
907 1529 1042 1560 alumni
1066 1528 1261 1569 degebant.
1310 1529 1379 1560 His
1402 1533 1584 1570 praeerant
1608 1529 1796 1561 bursarum
1822 1530 2019 1562 rectores.“

305 1589 505 1630 „Collegia
536 1590 640 1619 erant
672 1586 814 1624 domus,
853 1586 889 1616 in
920 1585 1051 1625 quibus
1082 1585 1251 1625 magistri
1282 1585 1506 1627 studiosique
1538 1587 1717 1617 communi
1747 1586 1847 1618 victu
1876 1590 2022 1619 utentes

305 1645 504 1687 degebant,
541 1642 767 1684 potissimum
800 1652 821 1672 a
853 1640 1109 1672 fundatoribus
1141 1643 1369 1682 nuncupatae.
1426 1641 1520 1672 Octo
1550 1642 1587 1672 in
1613 1641 1739 1673 codice
1766 1645 2021 1673 numerantur:

307 1700 343 1742 a)
371 1700 574 1741 Collegium
601 1697 723 1728 Caroli
747 1698 808 1731 IV.
827 1707 854 1730 S.
875 1695 1081 1728 Carolinum
1106 1696 1164 1728 vel
1190 1707 1374 1737 magnum,
1403 1698 1513 1728 etiam
1536 1697 1672 1729 Domus
1697 1697 1840 1738 Caroli,
1866 1697 1902 1739 b)
1928 1697 2021 1730 Coll.

307 1757 418 1797 Regis
437 1754 664 1793 XVenceslai,
683 1753 776 1784 alias
795 1763 1012 1791 caesareum,
1036 1752 1162 1784 domus
1179 1752 1276 1793 regis
1294 1753 1369 1792 W.‚
1394 1752 1427 1792 c)
1447 1752 1537 1785 Coll.
1557 1754 1713 1784 omnium
1732 1753 1947 1785 Sanctorum
1965 1753 2024 1786 vel

308 1811 526 1853 angelhaim,
543 1810 604 1842 ubi
624 1808 814 1850 angelicus
831 1808 973 1848 hortus,
992 1808 1028 1847 d)
1045 1807 1133 1840 Coll.
1150 1808 1287 1849 reginae
1303 1808 1498 1850 Hedvigis,
1519 1808 1551 1857 e)
1569 1809 1659 1842 Coll.
1674 1809 1799 1841 Reeek
1815 1809 1873 1841 vel
1889 1809 2023 1841 Rebko-

306 1878 407 1907 num,
434 1868 467 1907 f)
488 1866 577 1898 Coll.
595 1864 750 1904 Laudae,
778 1864 815 1906 g)
835 1864 925 1898 Coll.
943 1865 1101 1896 nationis
1119 1863 1323 1895 Bohemicae
1341 1874 1367 1897 S.
1383 1864 1636 1904 Bohemorum,
1663 1865 1699 1905 h)
1720 1865 1812 1899 Coll.
1827 1865 2023 1896 Nazareth.

307 1924 439 1954 Tribus
464 1922 642 1963 prioribus
667 1923 848 1962 praeerant
872 1920 1076 1961 praeposit1‚
1103 1919 1365 1960 posterioribus
1392 1921 1546 1961 quinque
1571 1921 1789 1961 directores,
1817 1921 1870 1952 ita
1887 1924 1927 1952 ut
1944 1920 2024 1953 Col-

307 1980 440 2020 legium
467 1978 585 2009 Reeek
618 1988 659 2007 ex
693 1976 953 2008 consuetudine
987 1985 1127 2017 semper
1158 1975 1336 2016 dirigeret
1365 1975 1543 2016 decanus,
1576 1975 1707 2017 reliqui
1739 1977 1997 2018 eligerentur..
2016 2002 2024 2008 .

307 2035 479 2065 Habuere
506 2032 674 2073 Collegia
699 2031 777 2063 haec
805 2041 890 2063 suas
915 2030 1196 2063 bibliothecas.“

308 2116 485 2138 Rosrocmi
511 2105 628 2137 medio
648 2115 731 2136 saec.
751 2115 809 2138 xv.
829 2114 901 2136 see.
919 2104 1046 2139 strubbe
1063 2103 1086 2136 l.
1107 2114 1135 2136 c.
1154 2114 1188 2145 p.
1204 2105 1279 2138 132.
1299 2103 1446 2135 fuerunt
1462 2105 1653 2146 Regentiae
1671 2105 1743 2136 hae:
1769 2104 1904 2137 Domus
1923 2106 2025 2138 rubei

309 2163 442 2201 leonis,
475 2161 676 2203 Collegium
701 2161 914 2200 Unicornis,
948 2159 1151 2200 Collegium
1177 2160 1518 2202 Norwegianorum,
1555 2161 1666 2193 Porta
1693 2161 1803 2201 Coeli,
1841 2164 1878 2192 et
1902 2161 2024 2193 Colle-

311 2219 408 2260 gium
426 2217 584 2258 Aquilae,
612 2216 815 2258 Collegium
833 2216 1142 2257 philosophicum,
1168 2216 1284 2247 Bursa
1301 2216 1422 2255 Olavi3
1451 2221 1686 2249 accesserunt
1703 2227 1735 2248 a.
1755 2218 1852 2248 1472.
1870 2216 2025 2249 Mesole-

311 2275 406 2305 nium
425 2284 452 2307 s,
471 2274 606 2305 Domus
629 2273 758 2304 mediae
782 2272 876 2303 lunae
894 2271 1034 2312 (R‘rabbe
1052 2283 1084 2313 Ρ.
1102 2272 1198 2312 148),
1228 2282 1259 2306 a,
1278 2273 1375 2304 1509.
1394 2273 1530 2304 Domus
1547 2272 1708 2314 theologi
1727 2272 1868 2313 (Rrobbe
1885 2283 1919 2314 p.
1933 2273 2023 2312 296).

310 2362 513 2383 TREVIRENSi
537 2351 778 2382 universitate
804 2361 825 2381 a
841 2350 992 2382 Nicolao
1010 2350 1081 2384 ΡΡ.
1102 2350 1143 2382 V.
1162 2351 1261 2382 1555.
1282 2347 1331 2392 [a.
1353 2350 1449 2382 1454.
1468 2350 1551 2390 styl.
1570 2348 1687 2393 Rom]
1708 2354 1834 2382 creata
1856 2349 1953 2390 (nam
1979 2351 2025 2382 ad

311 2419 384 2439 rem
410 2411 569 2439 nostram
595 2417 664 2438 non
689 2406 781 2437 facit
806 2406 971 2447 Romana
996 2405 1138 2446 schola,
1169 2406 1212 2437 de
1238 2415 1309 2447 qua
1335 2405 1416 2437 vide
1442 2416 1566 2438 comm.
1586 2406 1632 2437 ad
1650 2407 1692 2437 L.
1712 2408 1763 2438 11.
1783 2406 1918 2439 Theod.
1938 2407 2024 2439 Cod.

313 2464 356 2495 de
382 2462 508 2494 medic.
528 2465 565 2493 et
590 2464 627 2493 in
652 2462 883 2503 professorib.
901 2461 1001 2492 XIII.
1020 2461 1066 2502 3.)
1091 2465 1238 2493 senatus
1256 2461 1486 2492 Trevirensis
1507 2472 1540 2492 a.
1562 2463 1656 2494 1473.
1678 2461 1760 2494 ‘suo
1785 2463 1863 2495 iure
1889 2472 2025 2503 suoque

311 2522 453 2559 sumptu
479 2517 753 2559 disciplinarum
779 2517 1010 2548 Professores
1036 2517 1224 2557 conduxit,
1256 2518 1293 2548 in
1319 2516 1458 2548 aedibu's
1484 2517 1667 2557 civitatis,
1699 2528 1778 2558 quae
1805 2518 2026 2560 ‘Collegium

313 2575 427 2606 maius
460 2574 657 2605 etiamnum
691 2576 858 2612 vocatur,
897 2572 1038 2604 scholas
1076 2575 1219 2614 aperuit
1250 2572 1466 2614 easdemque
1499 2574 1801 2605 convenientibus
1833 2574 2027 2606 auditoriis

314 2630 525 2672 adaptavit,
551 2629 689 2661 salaria
714 2628 978 2670 ludimagistris
1003 2630 1040 2659 in
1057 2629 1185 2660 aerario
1203 2639 1267 2660 suo
1286 2627 1500 2670 persolvit';
1527 2632 1601 2660 tum
1620 2629 1741 2661 Sixtus
1759 2630 1829 2664 ΡΡ.
1846 2630 1907 2662 IV.
1925 2630 2027 2662 bulla

315 2697 381 2717 vn.
400 2686 473 2718 kal.
493 2687 570 2718 Iun.
590 2696 623 2719 a.
643 2686 740 2716 1474.
758 2685 844 2716 data
866 2684 1057 2726 conplures
1079 2685 1318 2716 canonicatus
1343 2685 1630 2726 praebendasque
1655 2686 1887 2717 universitati
1911 2687 2027 2717 incor-

314 2742 472 2782 poravit,
500 2751 579 2782 quae
605 2740 820 2772 donationes
844 2741 1109 2782 privilegiaque
1135 2741 1244 2772 etiam
1270 2750 1302 2771 a.
1323 2742 1421 2772 1532.
1441 2744 1477 2772 et
1495 2742 1591 2772 1621.
1609 2740 1823 2773 confirmata
1839 2744 1933 2775 sunt.
1969 2741 2026 2773 Cf.

317 2797 438 2827 Neller
456 2797 492 2826 in
509 2796 719 2828 Hontheimi
735 2796 858 2827 Prodr.
876 2796 960 2827 hist.
976 2796 1115 2827 Trevir.
1134 2797 1163 2828 I.
1182 2807 1214 2837 p.
1230 2797 1305 2828 527.
1322 2807 1397 2838 sqq.
1446 2797 1489 2828 In
1513 2797 1594 2838 ipsa
1610 2797 1708 2828 Hist.
1723 2797 1861 2828 Trevir.
1878 2800 1962 2828 tom.
1978 2798 2025 2829 ΙΙ.

316 2864 348 2893 p.
368 2852 442 2883 325.
462 2853 635 2892 scriptum
659 2855 714 2882 est
737 2852 957 2891 „Hactenus
983 2851 1100 2882 literae
1133 2853 1170 2882 in
1194 2851 1428 2883 Monasteriis
1453 2852 1739 2894 metropolitana
1764 2855 1800 2884 et
1824 2852 2027 2894 collegiatis

315 2906 430 2938 solum
455 2906 571 2938 doctae
599 2907 753 2945 fuerunt3
779 2917 873 2938 nune
898 2906 1030 2939 scholae
1054 2907 1211 2948 publicae
1238 2908 1425 2949 eriguntur
1448 2932 1455 2940 .
1471 2933 1478 2940 .
1503 2909 1679 2940 habendae
1704 2911 1780 2939 tum
1803 2908 1841 2938 in
1867 2907 2026 2949 collegio

317 2962 351 2994 S.
371 2962 544 2993 Germani
569 2961 682 3002 (quod
709 2962 941 3002 Gymnasium
974 2973 1162 2994 aureorum
1192 2963 1417 2995 sacerdotum
1444 2963 1554 2994 etiam
1586 2963 1776 2995 dicebatur
1804 2961 2026 3006 [posteaque

318 3017 476 3051 abbatiae
494 3016 709 3048 S.Matthiae
734 3017 965 3058 adsignatum
992 3017 1102 3060 est])‚
1128 3022 1203 3050 tum
1228 3020 1265 3050 in
1290 3019 1480 3051 Auditorio
1505 3019 1653 3061 publico
1669 3019 1905 3059 Academico,
1932 3020 2027 3061 quod
