2119 3522
152 191 224 211 EPP.
236 185 278 212 45.
294 187 336 211 46.
357 177 442 221 (APP.
457 186 483 211 4.
497 178 537 219 5.)
564 187 744 210 ARNOLDVS
760 188 805 209 DE
822 187 994 210 THVNGRIS
1011 186 1168 209 OBTVINO.
1187 198 1230 203 —
1246 185 1316 208 IOA.
1331 185 1524 208 CVRRIFICIS
1541 185 1699 207 ORTVINO.
1749 167 1843 212 63]-

128 248 214 289 Pag.
236 245 298 283 70.
1088 254 1091 256 ’
1248 244 1337 284 Pag.
1352 244 1404 275 69.
1420 254 1450 274 v.
1466 250 1498 275 18
1515 267 1522 274 .
1537 266 1545 275 .
1560 267 1568 275 .
1585 243 1671 284 Pag.
1686 245 1738 275 70.
1758 254 1788 274 v.
1802 250 1846 275 20.

216 299 480 334 Melanchthon
507 300 544 333 et
567 299 753 333 Erhardus
771 297 949 342 Schnepff
969 298 1086 332 multo
1113 297 1334 332 celebriores
1358 297 1448 331 facti
1472 297 1566 331 sunt.
1603 296 1845 331 Rectoratum

219 355 577 401 Heidelbergensem
601 356 796 399 gesserunt
820 365 850 388 a.
871 358 967 388 1514.
992 354 1149 388 Ioannes
1164 353 1285 387 Maler
1310 353 1347 387 et
1370 352 1556 387 Erhardus
1573 352 1668 395 Diel,
1696 364 1727 387 a.
1746 357 1842 387 1515.

218 412 373 446 Ioannes
396 411 520 456 Konig
545 411 583 445 et
605 410 819 445 Leonardus
835 409 1020 452 Dieterus,
1047 421 1077 444 a.
1098 413 1194 444 1516.
1218 409 1319 443 idem
1345 410 1383 443 et
1406 408 1644 443 Sebastianus
1663 409 1843 444 heschen-

217 468 338 501 brant.
365 467 409 501 cf.
428 466 582 500 Schwab
608 466 738 510 syllal).
756 466 887 500 rector.
905 465 1076 500 Heidelb.
1094 477 1131 510 p.
1148 468 1201 500 88.
1219 477 1297 509 sqq.

127 530 147 559 3
173 524 346 567 complere
369 523 419 557 acl
442 522 611 567 pradum]
638 522 682 555 cf.
700 521 797 556 infra
820 521 867 555 ad
892 523 1003 556 277¹0.

127 585 147 614 4
165 590 314 623 pauper
335 578 534 622 Hem-icus]
560 577 599 611 id
613 578 669 612 cst
682 577 862 612 Henricus
877 577 1181 622 Septimellensis,
1197 578 1287 612 alias
1301 576 1553 619 Samariensis‚
1571 578 1635 620 qui
1652 587 1682 611 a.
1703 581 1797 611 1191.
1817 590 1843 612 s.

218 639 314 670 1192.
333 645 482 669 carmen
509 633 580 668 ‘De
606 633 821 668 diversitate
842 633 1000 668 fortunae
1027 635 1064 668 et
1087 633 1330 678 philosophiae
1356 633 1606 668 consolatione
1625 634 1842 678 composuit.

218 691 263 726 cf.
280 690 360 725 Ind.
376 690 494 735 biogr.
512 702 547 734 p.
567 693 642 725 389.
662 690 728 723 art.
747 689 929 723 Henricus
953 700 1106 734 pauper.

126 752 146 783 5
170 759 237 783 scr.
255 747 305 782 acl
322 747 444 790 pellic.
461 747 579 790 sumn]
607 745 650 780 cf.
668 745 718 779 Io.
736 745 909 779 Piemont
932 745 971 778 in
996 746 1055 779 cit.
1075 746 1141 779 art.
1158 744 1339 780 Hem-icus
1363 756 1516 789 pauper,
1545 747 1582 780 et
1607 745 1734 788 „Adeo
1752 757 1841 791 pau-

215 815 283 848 per
306 803 416 837 fuisse
442 802 613 844 traditur,
640 802 683 835 ut
706 812 790 835 cum
813 812 977 845 papyrus
1002 801 1157 843 deesset,
1184 811 1311 835 versus
1337 811 1420 834 suos
1444 800 1482 834 111
1507 802 1626 836 veteri
1651 802 1690 836 et
1713 802 1840 836 attrito

215 858 360 904 pellitio
386 858 594 892 describere
621 857 826 901 cogeretur.
851 856 925 890 vid.
943 856 1053 891 Mich.
1070 856 1236 891 Neandri
1260 856 1389 890 Ethice
1421 858 1495 890 vet.
1514 857 1552 890 et
1575 868 1650 901 sap.
1669 857 1725 892 ed.
1742 858 1840 902 Lips.

215 919 312 951 1590.
329 914 370 948 P.
388 926 439 948 111.
457 925 492 958 p.
511 915 613 947 259.“
645 912 782 956 Leyser
804 912 829 947 l.
847 923 876 947 c.
894 924 929 957 p.
946 916 1022 946 451.
1133 911 1362 953 ‘Pelh'cium,
1389 912 1449 946 ein
1474 912 1579 955 belis,
1611 913 1656 947 de
1681 913 1841 957 pellibus

214 971 385 1006 factum⁷.
412 969 570 1005 Gemma
586 981 619 1014 g.
645 989 688 993 —
719 968 951 1003 Diefenbach
976 967 1134 1003 Glossar.
1161 967 1389 1010 „Pellicium
1415 995 1448 1001 ..
1474 968 1586 1002 vestis
1612 968 1657 1002 (le
1680 969 1841 1013 pellibus

215 1028 316 1062 facta
340 1054 347 1061 .
366 1054 373 1061 .
397 1026 459 1060 hd.
476 1025 614 1067 kurs-e,
642 1036 715 1067 -an‚
743 1035 922 1067 corssene,
948 1024 1060 1066 beltZ,
1086 1023 1198 1068 peltz,
1218 1050 1226 1057 .
1246 1051 1252 1057 .
1271 1023 1332 1057 vel
1358 1023 1463 1067 [Fell]
1485 1051 1491 1057 .
1511 1026 1548 1057 .“

169 1084 328 1119 nutrivit
351 1093 387 1118 se
411 1082 489 1126 PL]
523 1081 665 1116 victum
695 1081 868 1125 quaesivit
897 1080 1062 1114 Plautus.
1089 1079 1183 1115 Gell.
1201 1079 1246 1113 N.
1263 1079 1306 1113 A.
1324 1092 1376 1114 111.
1394 1084 1425 1122 3,
1444 1089 1485 1113 14.
1513 1079 1779 1121 „Saturionem
1805 1083 1841 1116 et

213 1139 416 1173 Addictum
442 1139 480 1172 et
501 1137 653 1172 tertiam
678 1137 866 1181 quandam
883 1163 890 1171 .
910 1164 917 1170 .
937 1164 943 1170 .
961 1136 999 1170 in
1023 1136 1179 1181 pistrino
1206 1147 1291 1169 eum
1316 1135 1501 1180 scripsisse
1527 1135 1644 1170 Varro
1670 1139 1707 1171 et
1730 1137 1840 1181 pleri-

214 1207 286 1240 que
310 1195 375 1229 alii
398 1194 586 1229 memoriae
609 1193 860 1235 tradiderunt,
896 1204 980 1227 cum
1004 1192 1164 1237 pecunia
1188 1191 1289 1226 omni
1311 1202 1423 1235 quam
1447 1191 1486 1225 in
1511 1192 1632 1236 operis
1657 1192 1840 1227 artificum

214 1251 451 1286 scaenicorum
475 1250 691 1295 pepererat,
723 1249 762 1282 in
786 1248 1011 1283 mercatibus
1041 1248 1189 1293 perdita
1212 1248 1319 1292 inops
1343 1247 1501 1282 Romam
1526 1248 1698 1291 redisset,
1731 1250 1769 1283 et
1793 1250 1839 1283 ob

213 1307 454 1351 quaerendum
484 1306 626 1340 victum
661 1305 709 1339 acl
747 1304 1051 1350 circumagendas
1081 1303 1215 1346 11101315,
1254 1315 1335 1348 quae
1371 1304 1559 1339 trusatiles
1590 1304 1839 1348 adpellantur,

213 1374 366 1408 operam
390 1362 523 1407 pistori
546 1361 740 1396 locasset.“

123 1425 142 1456 6
168 1420 282 1455 evasit
305 1420 348 1454 in
372 1419 406 1453 cl.
425 1419 472 1463 [1.]
498 1418 617 1452 factus
643 1418 699 1452 est
723 1417 757 1451 d.
775 1428 805 1450 a.

123 1482 141 1512 7
161 1476 304 1521 prosas]
331 1474 542 1510 Secundum
569 1473 816 1508 Obscurorum
840 1472 943 1517 leges
968 1472 1229 1517 grammaticas
1255 1472 1293 1506 et
1315 1471 1508 1506 historicas
1533 1472 1628 1506 bene
1654 1473 1804 1507 dictum.

122 1537 141 1568 9
159 1533 292 1577 philos.
309 1532 343 1566 I.
360 1531 547 1575 phisicor]
585 1530 695 1564 Arist.
712 1529 853 1574 physic.
872 1528 1028 1563 auscult.
1052 1541 1075 1562 1.
1095 1532 1124 1562 1.
1147 1526 1252 1571 ,,ἐ’στι
1286 1525 1322 1562 δ’
1348 1525 1440 1573 ἡμῖν
1472 1529 1622 1571 πρῶτον
1652 1530 1753 1573 δῆλα
1775 1530 1841 1564 καὶ

212 1589 318 1633 σαφῆ
351 1585 397 1623 τοὶ
431 1586 693 1632 συγκεχυμένα
725 1587 881 1630 μᾶλλον.
907 1579 1064 1629 ’ὕστερον
1096 1580 1135 1619 δ’
1168 1581 1208 1619 ἐκ
1240 1580 1383 1619 τούτων
1415 1585 1562 1629 γίνεται
1592 1582 1761 1629 γνώριμα
1793 1584 1838 1619 τοὶ

212 1649 381 1690 στοιχεῖα
399 1645 464 1679 καὶ
482 1641 525 1678 αἴ
540 1638 655 1687 ἁρχαὶ
673 1643 867 1686 διαιροῦσι
885 1642 1017 1676 ταῦτα.
1053 1638 1113 1677 διὸ
1134 1638 1179 1676 ἐκ
1204 1642 1289 1676 τῶν
1314 1639 1526 1676 καθόλου
1552 1639 1628 1676 ἐπὶ
1654 1639 1705 1676 τοὶ
1733 1638 1839 1677 καθ’

213 1701 381 1737 ἕκαστα
407 1701 486 1735 δεῖ
505 1697 762 1743 προϊένᾶι.“

124 1763 164 1794 10
189 1757 376 1801 Porphir]
402 1756 582 1801 Porphyr.
601 1755 695 1800 Isag.
713 1766 742 1788 c.
761 1758 790 1788 2.
810 1757 828 1796 ξ
846 1758 899 1789 35.
919 1751 979 1789 διὸ
1011 1753 1119 1799 μέχρι
1150 1754 1224 1788 τῶν
1254 1752 1509 1789 εἰδικωτοὶτων
1534 1750 1608 1788 ἀπὸ
1639 1754 1713 1788 τῶν
1741 1766 1840 1799 γενι-

211 1811 388 1849 κωτάτων
425 1809 630 1852 κατιόντας
666 1807 942 1854 παρεκελεύετο
976 1807 994 1845 ὁ
1029 1807 1189 1845 Πλάτων
1217 1807 1425 1845 παύεσθαι.
1461 1810 1591 1845 Boeth.
1609 1810 1742 1855 interp.
1761 1822 1791 1847 c.
1809 1816 1838 1845 3.

211 1898 248 1913 „.
268 1898 274 1904 .
293 1869 523 1915 quapropter
546 1878 662 1912 usque
689 1867 736 1902 ad
760 1866 1026 1911 specialissima
1049 1878 1069 1901 a
1087 1866 1375 1911 generalissimis
1394 1866 1661 1901 descendentes
1685 1866 1840 1901 iubebat

209 1926 316 1960 Plato
334 1925 561 1970 quiescere.“

122 1988 162 2018 12
186 1982 335 2028 qentilis
357 1982 462 2026 may]
495 1981 604 2015 Arist.
623 1980 669 2014 de
694 1979 819 2014 anima
842 1992 879 2013 11.
898 1984 928 2013 4.
947 1976 1060 2021 „237st
1085 1977 1129 2014 δὲ
1158 1974 1231 2014 ἀπὸ
1264 1980 1330 2014 τοῦ
1359 1978 1489 2020 τέλους
1519 1974 1672 2013 ἅπαντα
1701 1991 1838 2024 προσα-

210 2036 384 2084 γορεύειν
402 2038 566 2072 δίκαιον.
585 2050 618 2071 κ.
636 2050 667 2073 τ.
687 2039 716 2071 λ.

122 2101 162 2131 13
187 2106 285 2130 zonas
309 2094 377 2138 hic]
404 2094 549 2128 Nomen
573 2092 682 2126 huius
706 2092 959 2137 praedicatoris
983 2102 1058 2126 non
1083 2091 1285 2136 exploravi.

125 2156 164 2187 15
188 2155 311 2186 tenent
336 2177 343 2184 .
362 2177 370 2184 .
389 2178 396 2184 .
423 2151 472 2196 eo]
497 2149 624 2194 magni
642 2160 727 2183 eum
744 2148 894 2182 faciunt.
936 2148 1112 2182 Ioannem
1129 2159 1343 2193 praenomen
1359 2147 1544 2191 habuisse,
1569 2159 1613 2182 cx
1638 2148 1734 2183 infra
1757 2159 1838 2183 nar-

210 2207 298 2243 ratis
323 2208 490 2251 apparet.

122 2269 162 2299 16
187 2265 228 2299 in
251 2262 485 2307 superlativo]
512 2261 632 2296 Hodie
658 2261 777 2306 magis
801 2261 840 2294 in
864 2272 933 2294 usu
958 2261 1014 2294 est
1037 2270 1106 2295 von
1131 2260 1196 2295 der
1220 2263 1336 2295 ersten
1360 2259 1472 2295 Sorte.

165 2321 246 2356 dico
269 2320 385 2364 vobis]
419 2318 640 2353 Germanica
664 2316 912 2359 confirmatio,
938 2317 1014 2361 860(st
1041 2317 1098 2352 ich
1123 2317 1203 2359 dir,
1234 2317 1276 2351 ut
1302 2317 1428 2352 ‘crede
1454 2317 1582 2359 mihi',
1615 2317 1683 2352 das
1706 2318 1838 2352 lccmnst

210 2377 262 2412 du
285 2376 459 2421 ylauben,
486 2376 524 2409 et
547 2374 691 2408 similia.

122 2437 162 2468 17
188 2433 345 2477 intrant]
371 2431 622 2475 frequentant,
647 2430 759 2476 ychen
782 2431 835 2465 in.

166 2490 303 2524 lacerat
333 2489 440 2523 bonos
463 2488 601 2532 pessos]
633 2488 731 2530 1·σίβύ
761 2490 844 2532 9th
873 2487 1029 2528 Possem,
1068 2485 1194 2520 Witze.
1252 2485 1303 2520 Cf.
1323 2484 1495 2520 Glarean.
1514 2486 1552 2520 in
1584 2486 1688 2522 Hutt.
1707 2487 1837 2531 0pp21.

211 2557 246 2590 p.
266 2546 376 2579 12715.

122 2606 164 2637 18
187 2601 360 2643 cancelli,
386 2601 428 2635 ut
451 2600 577 2642 ambo,
603 2600 638 2633 h.
656 2599 679 2634 1.
698 2610 842 2634 sacrum
867 2599 1095 2644 suggestum,
1121 2598 1277 2640 Kanzel,
1302 2597 1509 2642 significare
1535 2599 1702 2642 apparet.

122 2662 162 2692 19
189 2669 232 2692 ea:
256 2657 360 2691 libris
383 2656 496 2699 Post]
530 2655 640 2689 Arist.
658 2655 795 2699 analyt.
812 2654 1004 2699 posterior.
1022 2667 1061 2689 11.
1082 2658 1110 2688 1.
1138 2681 1177 2696 „.
1197 2682 1203 2688 .
1228 2654 1412 2699 ζητοῦμεν
1431 2652 1472 2688 δὲ
1497 2653 1674 2698 τέτταρα·
1699 2653 1740 2690 τὸ
1764 2650 1835 2699 ὅτι,

211 2711 252 2747 τὸ
271 2709 388 2756 διότι,
415 2712 450 2747 εἰ
473 2711 563 2755 ἔστι,
586 2713 625 2745 τί
646 2708 760 2746 ἐστιν.

167 2770 255 2813 qaia
270 2772 319 2803 est
335 2768 425 2812 qm'cl
438 2769 500 2813 est]
520 2766 687 2812 Cori-ige:
707 2767 794 2810 quia
807 2767 872 2809 est,
889 2766 978 2810 quid
992 2766 1057 2808 est,
1075 2780 1082 2800 :
1096 2766 1218 2810 prima
1235 2767 1334 2800 enim
1347 2767 1500 2810 quaesuo
1519 2768 1575 2801 est
1591 2766 1632 2802 τὸ
1651 2761 1721 2812 ὅτι,
1737 2768 1837 2812 quod

211 2824 271 2859 vel
289 2824 377 2868 quia
394 2824 477 2866 (das
493 2824 613 2866 (lass),·
637 2823 755 2857 altera
771 2820 812 2858 τὸ
831 2819 942 2866 διότι,
960 2823 1113 2866 propter
1130 2822 1229 2866 quod
1247 2823 1330 2865 (das
1345 2825 1511 2866 warenn),
1535 2823 1648 2857 tertia
1666 2822 1701 2858 εἰ
1724 2822 1835 2867 ἔστιν,

211 2881 241 2915 si
265 2881 322 2915 est
345 2880 428 2923 (das
451 2880 526 2922 ob),
553 2880 686 2923 quarta
709 2880 748 2914 τί
771 2876 890 2922 ἐστιν,
923 2878 1013 2922 quid
1038 2879 1094 2912 est
1119 2878 1202 2921 (clas
1223 2880 1325 2922 was).
1356 2890 1482 2914 omnes
1505 2879 1633 2923 itaque
1659 2880 1836 2924 quattuor

212 2937 443 2981 quaestiones,
470 2935 535 2970 sed
557 2935 754 2970 immutato
780 2935 907 2969 ordine
934 2935 1128 2968 enumerat
1153 2933 1329 2969 Currifex.

122 2998 164 3029 20
187 2994 230 3028 in
252 2992 465 3038 theutonice]
491 2993 541 3026 im
565 2991 773 3027 Deutschen
797 2991 873 3025 sive
898 2990 974 3034 auf
992 2991 1164 3026 Deutsch.
