2119 3522
206 233 277 254 EPP.
292 230 335 255 38.
348 231 389 255 39.
415 232 564 255 FADORM.
583 232 818 255 FORNACIFICIS
835 233 993 256 ORTVINO.
1013 242 1054 246 —
1072 233 1186 256 NICOL.
1204 233 1434 256 LVMINATORIS
1451 234 1608 256 ORTVINO·
1714 216 1808 261 613

94 291 179 333 Pag.
198 290 260 327 59.
1221 291 1306 333 Pag.
1321 293 1373 323 59.
1393 302 1422 323 v.
1437 300 1468 324 19
1486 317 1492 323 .
1509 317 1515 323 .
1531 317 1537 323 .
1555 292 1640 333 Pag.
1656 293 1708 324 60.
1725 303 1753 324 v.
1769 299 1809 324 16.

451 346 659 389 Conciperis
685 350 797 378 mater
821 356 967 387 puerum
993 347 1160 389 genitura
1185 350 1371 380 tonantem

517 402 578 434 Nil
602 412 644 434 ex
668 401 817 444 antique
842 401 987 434 erimine
1011 402 1096 435 fecis
1121 402 1254 435 habens
1345 403 1456 436 Ave.“

182 456 221 490 et
244 456 328 500 post
351 458 506 500 quinque
533 455 710 490 disticha:

450 514 651 555 „Respexit
677 516 710 545 te
736 524 890 545 sommus
916 525 1004 556 apex
1030 515 1201 557 positoris
1231 515 1355 558 olimpi

515 570 691 611 Huneque
717 570 891 612 pudicitie
917 570 1028 602 traxit
1052 581 1174 602 aroma
1202 575 1262 614 tue
1353 570 1460 603 Ave.“

183 625 222 659 et
244 624 282 658 in
307 623 482 668 sapphico
508 622 675 657 adiecto:

449 682 644 725 Prepotens
669 683 796 714 summi
819 682 975 724 genitrix
1000 683 1177 723 tonantis,
1199 682 1237 724 ΗΙ

515 738 643 770 Terror
667 738 826 770 auerni.“

89 798 131 829 32
156 805 201 828 ea:
224 795 318 837 arce]
345 792 558 837 Spalatinus
583 803 667 825 cum
691 791 876 836 principe,
904 791 963 825 cui
988 802 1009 825 a
1033 791 1144 826 sacris
1169 793 1207 827 et
1231 804 1253 827 a
1276 793 1426 828 secretis
1444 794 1523 828 tuni
1541 794 1627 836 suit,
1654 794 1692 828 in
1709 806 1805 837 arce,

179 850 220 883 in
243 849 308 883 der
331 849 457 892 Bury,
481 847 683 882 habitabat.
725 848 769 881 cf.
788 847 865 881 Iud.
885 847 1001 892 biogr.
1019 860 1053 891 p.
1071 851 1147 882 474.
1165 861 1216 893 sq.
1235 850 1301 883 art.
1321 848 1544 893 Spalatinus.

88 910 130 940 34
157 905 271 949 infra]
291 921 333 933 =
351 904 449 938 intra
466 904 649 947 (vetustus
666 905 776 947 usus).
825 904 857 936 A
875 903 1061 938 dominica
1077 903 1360 949 Septuagesima
1377 917 1492 949 usque
1517 906 1564 939 ad
1581 906 1723 941 Pascha
1745 918 1804 941 ex-

177 960 344 995 tenditur
368 961 515 1005 tempus
539 960 784 1005 prohibitum,
811 960 872 994 die
896 960 1096 1002 verbotene,
1120 961 1328 1005 yebumlene
1345 961 1445 1003 Zeit,
1469 962 1507 995 et
1531 961 1595 995 illa
1620 962 1806 997 dominica

177 1017 233 1051 est
256 1016 482 1061 principium
507 1015 585 1050 eius
609 1016 787 1061 temporis
812 1027 879 1060 per
903 1016 1003 1060 quod
1026 1016 1190 1051 Alleluia
1212 1017 1250 1051 in
1276 1016 1584 1052 canonicis-horis
1609 1028 1682 1052 non
1708 1019 1805 1052 cani-

176 1074 252 1115 tur,
287 1071 385 1116 quod
416 1072 538 1106 denuo
570 1071 701 1116 incipit
724 1071 915 1116 paschate,
948 1083 970 1106 a
994 1083 1066 1116 quo
1091 1072 1170 1107 dies
1195 1073 1279 1107 festi
1305 1073 1488 1108 adventus
1513 1073 1663 1118 spiritus
1688 1075 1805 1109 sancti

176 1128 500 1173 quinquagesima,
530 1129 746 1173 pentecoste
772 1125 1039 1173 (πεντηκοστή,
1065 1128 1269 1173 Pfingysten)
1296 1130 1361 1164 est.

84 1278 171 1320 Pag.
191 1276 254 1313 60.
354 1273 589 1308 EPISTOLA
608 1276 672 1312 39.
713 1274 953 1309 NICOLAVS
972 1274 1308 1309 LVMINATORIS
1326 1275 1556 1311 ORTVINO.

84 1358 104 1388 2
131 1353 378 1395 ‘Luminator‚
405 1352 577 1394 aedituus,
605 1352 866 1395 inatricularis,
894 1353 970 1388 fisci
994 1353 1157 1388 ecclesiae
1180 1355 1407 1398 procurator.
1426 1354 1560 1389 Statut.
1579 1356 1706 1399 synod.
1725 1356 1803 1391 Cla.-

173 1410 340 1444 romont.’
383 1409 559 1454 Ducange
577 1409 682 1443 Adel.
725 1409 830 1451 Quod
855 1410 931 1445 haec
957 1421 1013 1453 ep.
1032 1409 1069 1443 in
1095 1409 1175 1454 ipsa
1194 1409 1346 1444 Colonia
1370 1410 1417 1444 ad
1435 1410 1689 1445 Coloniensem
1717 1412 1802 1446 scri-

173 1466 238 1510 pta
262 1465 429 1510 fingitur,
456 1465 675 1510 argumento
693 1476 771 1499 esse
796 1466 935 1509 potest,
963 1465 1126 1510 singulas
1150 1466 1278 1500 bursas
1304 1466 1407 1509 quasi
1431 1468 1619 1510 separatas
1645 1468 1803 1502 familias

172 1521 504 1557 communitatesve
537 1521 710 1555 extitisse.
750 1521 870 1556 bursae
895 1521 1152 1556 Laurentianae
1176 1522 1348 1566 scriptor,
1375 1521 1531 1556 Cucanae
1562 1523 1591 1556 is
1620 1523 1666 1557 ad
1692 1535 1801 1567 quem

172 1578 360 1620 scribitur,
386 1577 475 1612 socii
499 1577 659 1612 fuerunt.
696 1576 747 1612 Cf.
766 1577 844 1611 Ind.
862 1577 979 1622 biogr.
998 1589 1032 1621 p.
1051 1581 1127 1612 322.
1145 1578 1212 1612 art.
1231 1577 1355 1611 Bursa}
1374 1577 1619 1613 Colonienses.

82 1638 102 1670 8
127 1635 313 1670 ambulare
336 1634 398 1679 ad]
426 1633 504 1668 Hoc
529 1632 752 1668 vocabulum
777 1644 849 1668 non
866 1633 1044 1668 lusorium
1063 1634 1134 1676 est,
1161 1633 1225 1667 sed
1244 1645 1327 1668 cum
1345 1646 1446 1668 more
1466 1635 1680 1679 vagantium
1700 1636 1801 1671 scho—

171 1690 323 1733 larium,
357 1690 421 1724 der
444 1690 648 1732 fahrenslen
673 1689 833 1731 Scln‘l'ler,
864 1689 968 1723 cuius
993 1689 1185 1735 egregium
1212 1690 1425 1734 exemplum
1450 1690 1486 1724 in
1513 1690 1652 1726 Plateri
1680 1692 1756 1726 vita
1781 1704 1803 1726 a

170 1758 208 1781 se
235 1746 435 1790 descripta,
461 1745 552 1779 item
577 1745 614 1779 in
632 1745 867 1780 Piemontani
890 1745 1127 1790 hodoeporico
1145 1746 1250 1781 nobis
1267 1747 1452 1790 superest,
1480 1747 1655 1790 cohaeret,
1683 1748 1800 1782 cuius-

171 1813 243 1847 que
268 1801 398 1836 similis
423 1812 501 1836 mos
526 1801 590 1836 cler
612 1801 863 1836 wandel-freden
883 1801 1285 1837 Hamlwerksburscllen
1309 1802 1474 1837 nonduin
1500 1803 1649 1855 omniup
1674 1804 1712 1838 in
1738 1805 1798 1838 do-

172 1858 408 1893 suetudinem
433 1858 535 1892 abiit.

120 1925 190 1958 pro
214 1914 349 1958 studio]
376 1913 582 1948 studiorum
607 1925 725 1948 causa.

125 1971 175 2005 acl
199 1971 292 2005 burs.
311 1970 522 2014 Laurentii]
558 1970 661 2004 cujus
691 1973 841 2015 ‘regens
871 1971 1067 2015 primarius
1099 1982 1317 2016 semperque
1349 1971 1584 2007 honorandus
1615 1972 1800 2007 Arnoldus

170 2027 216 2061 (le
242 2026 424 2071 Tungeri'
451 2026 532 2060 fuit.
573 2026 616 2060 cf.
636 2027 713 2060 Ind.
732 2038 816 2061 serr.
835 2039 870 2071 p.
889 2031 941 2062 78.
960 2039 992 2060 n.
1011 2040 1056 2061 x1.

84 2088 120 2117 11
148 2083 300 2126 deposui
324 2082 505 2126 beanzssmn]
532 2083 576 2116 cf.
596 2082 674 2116 Ind.
693 2083 809 2127 biogr.
827 2095 861 2127 p.
881 2088 956 2118 305.
974 2084 1040 2118 art.
1060 2083 1215 2118 Beanus.

82 2144 121 2173 12
148 2138 244 2183 qaod
267 2165 274 2172 .
294 2166 300 2171 .
320 2166 326 2171 .
346 2140 427 2183 pro]
454 2150 552 2182 quo.
573 2166 579 2172 .
599 2166 605 2172 .
624 2149 767 2181 carere,
794 2139 862 2173 das
886 2139 944 2173 ich
969 2140 1068 2174 nicht
1092 2140 1221 2174 missen
1246 2141 1382 2175 mo'eltte
1406 2142 1480 2183 fz'lr.

82 2199 122 2230 13
145 2205 210 2230 suo
234 2195 388 2239 neqotio]
415 2194 493 2237 (ed.
515 2198 609 2230 1858.
629 2194 730 2229 omis.
749 2198 834 2239 suo)
866 2195 945 2230 Hoc
976 2195 1168 2240 negotium
1201 2196 1239 2229 id
1269 2196 1378 2230 fuisse
1410 2197 1574 2241 suspicor
1604 2199 1703 2242 quod
1729 2199 1798 2233 Bu-

169 2250 290 2286 schius
314 2250 384 2284 sibi
409 2250 608 2292 contraxit,
637 2262 720 2284 cum
745 2251 874 2295 aperte
899 2251 1067 2295 partibus
1092 2252 1361 2297 theologisticis
1387 2253 1539 2287 abiectis
1564 2265 1630 2298 pro
1656 2254 1797 2289 Reueh-

168 2307 244 2342 lino
270 2307 308 2341 et
332 2306 378 2341 ad
404 2317 488 2340 eum
513 2306 672 2341 scribere
699 2306 884 2351 coepisset,
916 2308 1015 2351 quod
1040 2307 1222 2352 imprimis
1245 2308 1283 2341 in
1308 2319 1418 2343 causa
1437 2309 1547 2344 fuisse
1565 2309 1730 2352 videtur,
1758 2312 1799 2345 ut

169 2363 361 2398 Coloniam
385 2362 615 2406 relinqueret
639 2362 845 2406 scholaeque
864 2362 1087 2398 Vesah‘ensis
1104 2365 1330 2399 rector-atum
1348 2365 1561 2410 susciperet.
1611 2366 1702 2400 Cum
1720 2367 1797 2402 haec

169 2419 327 2464 epistola
357 2419 595 2461 scriberetur,
630 2418 810 2453 Buschius
841 2419 962 2454 adhuc
994 2419 1154 2455 Coloniae
1186 2421 1410 2455 morabatur.
1460 2421 1512 2456 Cf.
1538 2421 1796 2457 Hamelmann.

169 2475 215 2510 de
240 2474 319 2509 vita
341 2474 491 2509 Buschji
515 2478 555 2517 ἕξ
574 2479 627 2510 59.
646 2487 723 2519 sqq.

122 2531 375 2576 collateralem]
406 2530 502 2565 Puto
527 2531 624 2566 velle
655 2531 981 2575 collaboratorem,
1013 2543 1087 2567 non
1112 2533 1330 2577 primarium
1360 2534 1553 2578 regentem
1578 2533 1794 2569 Arnoldum.

168 2598 259 2632 quos
282 2587 342 2621 hie
358 2587 516 2622 lectores
533 2587 571 2621 in
588 2588 738 2622 bursam
755 2587 1044 2623 Laurentianam
1062 2589 1226 2632 vocavit,
1255 2600 1382 2624 eorum
1406 2590 1558 2624 nomina
1575 2590 1640 2624 dat
1658 2590 1795 2625 Bianco

170 2643 292 2679 Gesch.
311 2643 374 2678 der
395 2643 501 2678 Univ.
519 2643 632 2678 Ko'l‘n.
651 2643 677 2679 Ι.
694 2656 729 2688 p.
747 2648 789 2678 27
795 2648 823 2679 7.
841 2644 916 2679 not.
935 2649 965 2679 3.

80 2703 120 2734 14
143 2700 212 2734 sibi
237 2727 243 2733 .
263 2727 269 2733 .
294 2700 410 2743 suam]
437 2699 482 2733 ei.
1526 2747 1531 2750 Ι

25 2767 27 2770 ⁴
79 2759 119 2790 15
144 2759 259 2791 mater
283 2755 435 2799 domini]
467 2754 646 2790 Buschius
670 2758 931 2800 composuerat
955 2759 1006 2800 (a.
1027 2760 1157 2802 1498?)
1185 2757 1257 2793 ‘De
1283 2758 1525 2793 saluberrimo
1551 2758 1793 2794 fructuosissi-

166 2821 301 2855 moque
339 2810 434 2845 divae
470 2810 624 2856 virginis
654 2811 831 2856 psalterio
868 2813 1006 2857 triplex
1037 2814 1299 2849 Heeatosticon
1331 2826 1414 2849 cum
1448 2815 1528 2850 aliis
1559 2814 1606 2849 ad.
1637 2816 1793 2851 eandem

166 2866 388 2911 quibusdam
426 2867 649 2901 carminibus
680 2867 980 2913 elegantissimis,
1023 2870 1087 2914 qui
1116 2870 1266 2914 libellus
1296 2870 1428 2915 Lipsiae
1458 2882 1483 2905 s.
1502 2882 1532 2905 a.
1556 2870 1595 2905 in
1618 2874 1681 2914 4⁰.‚
1713 2872 1792 2906 tuni

166 2934 192 2957 s.
208 2922 232 2957 l.
251 2933 347 2957 anno
366 2926 463 2957 1500.
486 2922 525 2956 in
549 2925 593 2957 4⁰.
620 2923 741 2966 (Hain.
765 2935 799 2958 n.
818 2928 915 2959 4154.
933 2927 1000 2969 sq.)
1026 2926 1064 2960 et
1086 2925 1181 2971 Lips.
1205 2926 1310 2961 annis
1335 2931 1429 2962 1503.
1451 2931 1547 2962 1506.
1573 2931 1668 2963 1509.
1696 2932 1790 2963 1516.

166 2978 205 3012 in
221 2981 266 3013 40.
293 2978 449 3022 (Panzer
472 2979 565 3013 Ann.
584 2980 662 3024 typ.
679 2979 722 3013 X.
740 2992 774 3024 p.
794 2982 885 3025 205.)
902 2981 1051 3026 prodiit.
1091 2982 1135 3016 cf.
1154 2982 1201 3016 ad
1218 2986 1260 3018 59
1269 2984 1306 3020 3⁰.
1325 2983 1346 3017 i.
1363 2983 1386 3017 f.

79 3038 118 3068 16
137 3034 393 3085 pulchriorem]
420 3034 554 3070 Divam
579 3035 762 3081 virginem
786 3047 860 3071 non
885 3037 1174 3082 pulcherrimam
1197 3038 1325 3083 fuisse,
1359 3040 1460 3076 certe
1484 3040 1564 3075 tum
1588 3041 1728 3076 nemini
1754 3042 1791 3076 in
