2119 3522
315 200 408 244 350
805 215 911 237 mom
935 212 1188 235 BioenAPmcvs
1212 213 1254 234 ΕΤ
1278 212 1518 235 ONOMASTICvs.

313 332 430 369 editis
462 331 562 367 alios
599 342 670 366 sex
698 328 819 366 variis
848 327 1096 378 temporibus
1127 327 1289 364 adiecit.
1348 327 1431 364 Diu
1462 332 1556 364 ante
1587 326 1878 376 profectionem
1907 326 2017 364 Itali-

311 401 396 424 cam
429 383 673 434 (Kiausius
704 389 819 434 putat
849 397 957 421 anno
988 381 1135 432 1513.)
1166 396 1332 421 uxorem
1361 383 1531 420 duxerat
1553 381 1840 432 Cunigundam
1859 383 2019 421 Rallam

310 442 542 492 prolemque
574 454 624 477 ex
655 453 701 476 ea
731 439 810 476 iam
840 445 1086 489 susceperat.
1145 438 1239 476 Non
1270 439 1404 476 multis
1435 444 1526 488 post
1554 439 1727 476 leditum
1753 438 1958 476 mensibus
1980 453 2016 476 a.

312 497 429 534 1523.
453 510 476 533 a
505 501 649 534 senatu
679 495 967 533 Brunsvicensi
998 495 1051 532 ad
1081 495 1313 532 faciendam
1341 495 1583 532 medicinam
1604 494 1796 532 mediocri
1815 495 2017 545 stipendio

309 552 530 589 conductus
563 557 639 598 est,
676 564 816 589 verum
839 547 1065 602 (Meibomii
1085 550 1210 588 verba
1229 550 1339 600 sunt)
1370 550 1478 601 quod
1507 551 1673 588 sincerae
1694 550 1882 600 religioni
1902 551 2019 588 mini-

307 608 427 645 sterio
449 607 618 644 Lutheri
648 621 671 644 a
701 607 900 645 fermento
931 607 1136 657 pontificio
1167 607 1382 644 vindicatae
1404 606 1578 653 faveret,
1612 619 1745 657 neque
1768 606 2019 645 dissimulare

308 664 349 700 id
388 664 453 701 vel
490 668 625 714 posset
661 663 728 700 vel
757 663 898 709 vellet,
939 663 1090 713 absque
1128 663 1284 700 invidia
1323 669 1362 700 et
1397 662 1689 700 obtrectatione
1720 675 1806 700 esse
1836 676 1920 700 non
1949 676 2018 713 po-

306 720 394 756 tuit.
418 750 425 758 .
452 750 459 756 .
516 718 638 755 Anno
664 719 783 757 1526.
805 718 1019 769 Philippus
1040 719 1196 756 Hassiae
1225 719 1476 768 lantgravius
1511 724 1602 768 post
1630 719 1855 756 institutam
1885 719 1928 755 in
1961 718 2018 755 di-

306 776 415 811 tione
447 788 518 812 sua
549 775 808 812 ecclesiarum
836 775 1124 812 reformatione
1154 775 1274 813 etiam
1311 775 1558 812 academiam
1593 775 1780 812 instituit.
1827 774 1880 811 ad
1914 774 2020 811 hanc

306 831 442 880 paullo
474 836 564 880 post
594 831 810 868 accersitus
840 837 899 868 est
926 832 1033 868 inter
1058 831 1156 868 alios
1181 830 1349 869 Cordus.
1406 831 1563 868 Primus
1587 830 1625 868 d.
1644 832 1709 868 30.
1727 831 1824 868 Mai.
1841 844 1877 868 a.
1898 831 2018 868 1527.

307 887 524 936 auspicatae
552 886 854 936 Mai-burgensis
885 886 1100 924 academiae
1131 892 1261 924 rector
1290 887 1495 925 Iohannes
1517 887 1727 924 Ferrarius
1752 885 2015 935 (Eisermcmn)

305 942 691 993 Amoeneburgensis
708 943 750 979 in
767 956 913 980 novam
929 943 1178 980 matriculam
1189 942 1366 981 Cordum
1382 943 1523 993 quinto
1539 943 1626 980 loco
1644 943 1849 993 inscripsit
1861 943 2017 979 ‘utrius-

306 1012 383 1048 que
404 999 613 1036 medicinae
637 998 840 1036 doctorem
862 1004 901 1036 et
921 999 1128 1037 Musarum
1149 996 1410 1036 alumnumffl.
1460 999 1669 1049 Marpurgi
1692 998 1847 1036 Cordus
1869 999 2019 1049 reperit

309 1054 368 1103 (ut
388 1056 520 1105 pergit
539 1053 796 1104 Meibomius)
821 1061 999 1093 veterem
1020 1056 1190 1092 amicum
1210 1055 1348 1092 Herm.
1369 1055 1605 1101 Buschium,
1639 1067 1788 1092 novum
1817 1053 1894 1091 sibi
1915 1067 2017 1091 com-

306 1111 464 1160 paravit
497 1111 725 1148 Erhardum
763 1110 1033 1161 Schnepfium.
1103 1111 1308 1160 Quamdiu
1337 1110 1548 1161 Marpurgi
1583 1111 1685 1148 vixit
1723 1109 1878 1148 Cordus
1911 1106 1959 1160 [i.
1982 1123 2016 1147 e.

304 1180 431 1216 usque
462 1167 514 1204 ad
545 1168 752 1204 ineuntem
774 1180 809 1204 a.
830 1164 985 1217 1534.],
1020 1168 1061 1204 in
1093 1167 1222 1216 gratia
1252 1167 1446 1217 principis
1477 1167 1539 1204 sui
1569 1167 1762 1217 perstitit,
1796 1179 1928 1216 neque
1951 1165 2017 1203 de-

304 1223 370 1259 siit
402 1222 451 1259 de
482 1223 689 1260 academia
719 1223 823 1260 bene
855 1224 1013 1261 mereri.
1076 1222 1249 1260 Causam
1281 1223 1480 1260 discessus
1510 1223 1572 1260 sui
1597 1228 1755 1260 amovet
1776 1236 1799 1260 a
1820 1222 2016 1272 principe,

304 1284 462 1316 amovet
484 1293 507 1316 a
529 1279 713 1329 collegis,
745 1278 936 1316 adscribit
957 1280 1091 1317 nescio
1115 1280 1179 1316 cui
1201 1277 1378 1317 Soloni¹⁰
1400 1279 1566 1329 eiusque
1588 1278 1861 1329 complicibus.
1912 1278 2017 1315 Mar-

304 1348 431 1385 purgo
462 1334 628 1372 abeunti
660 1333 778 1383 (vere
801 1349 836 1372 a.
855 1334 1002 1384 1534.)
1034 1349 1106 1373 ceu
1135 1335 1293 1385 virgula
1332 1335 1471 1372 divina
1501 1341 1764 1372 monstratum
1795 1340 1855 1373 est
1883 1334 2017 1384 hospi-

303 1391 402 1427 tium
432 1391 474 1427 in
507 1391 661 1442 inclyta
691 1391 855 1438 Brema,
894 1404 1014 1442 quam
1044 1393 1105 1429 sui
1137 1391 1325 1442 cupidam
1355 1392 1442 1442 ipse
1473 1397 1604 1429 vocat.
1662 1391 1768 1429 Inde
1798 1390 1936 1428 scribit
1966 1390 2019 1427 ad

303 1446 527 1484 Antonium
557 1445 761 1498 Nigrum¹¹

661 1519 690 1550 E
716 1519 855 1560 patria,
881 1520 994 1560 nosti,
1021 1518 1173 1551 discessi
1198 1518 1394 1560 languidus
1418 1518 1525 1559 urbe,

662 1573 732 1605 Sed
757 1573 901 1614 dexter,
928 1574 1015 1607 licet
1040 1578 1231 1617 aegrotum,
1257 1575 1426 1617 perduxit
1451 1573 1597 1616 Apollo,

728 1631 777 1662 Et
801 1630 946 1673 placido
973 1632 1070 1672 cepit
1095 1641 1149 1662 me
1180 1631 1241 1673 pia
1266 1631 1406 1662 Braema
1431 1631 1524 1662 sinu.

661 1686 748 1725 Quae
773 1696 844 1718 non
868 1686 942 1718 vile
969 1697 1077 1728 supra
1101 1687 1187 1718 mihi
1212 1690 1322 1728 pacta
1346 1686 1484 1718 salaria
1513 1686 1643 1718 donum

727 1741 977 1783 Gratuitaeque
1004 1742 1104 1774 dedit
1128 1743 1316 1775 commoda
1345 1746 1446 1774 tecta
1471 1743 1614 1783 domus,

659 1798 723 1838 Et,
749 1808 817 1839 quo
843 1808 914 1830 non
940 1809 1007 1840 ego
1032 1809 1088 1830 me
1114 1799 1259 1840 dignor,
1290 1802 1487 1831 veneratur
1510 1800 1663 1839 honore,

726 1854 826 1886 Inter
849 1855 1025 1896 primates
1051 1855 1140 1886 dans
1167 1854 1327 1887 residere
1352 1865 1448 1887 suos.

301 1921 539 1960 Bremenses
571 1923 678 1960 enim
701 1922 879 1961 Cordum
907 1929 952 1961 ut
981 1924 1023 1961 in
1055 1924 1266 1975 gymnasio
1295 1939 1330 1962 a.
1351 1924 1471 1963 1528.
1495 1923 1665 1962 fundato
1698 1923 1861 1961 doceret
1890 1923 2014 1962 medi-

301 1978 513 2028 cinamque
552 1979 592 2015 in
631 1979 729 2016 urbe
768 1980 921 2017 faceret
959 1980 1254 2018 conduxerant.
1312 1980 1385 2018 sed
1423 1994 1506 2018 non
1547 1980 1615 2018 diu
1655 1994 1703 2018 ea
1742 1981 1906 2019 fortuna
1935 1980 2015 2018 frui

303 2032 440 2071 datum
473 2035 510 2072 ei
541 2041 620 2074 est:
653 2035 823 2085 phthisis
856 2049 946 2073 eum
977 2037 1149 2074 extinxit
1181 2036 1219 2074 d.
1239 2036 1304 2074 24.
1323 2037 1423 2074 Dec.
1441 2051 1478 2074 a.
1499 2037 1618 2076 1535.
1641 2035 1762 2086 (non,
1796 2043 1841 2074 ut
1860 2036 2012 2074 Meibo-

300 2090 400 2126 mins
431 2090 572 2138 habet,
607 2091 749 2129 eodem
780 2105 907 2138 anno,
947 2106 1024 2143 quo
1047 2093 1262 2130 Dulmonae
1292 2093 1335 2130 in
1366 2107 1462 2143 agro
1484 2093 1798 2131 Monasteriensi
1826 2094 1869 2130 in
1898 2093 2012 2130 coele-

299 2151 399 2182 stem
427 2146 604 2184 scholam
631 2148 818 2198 migravit
838 2148 1098 2186 Hei-mannus
1119 2149 1335 2196 Buschius,
1369 2149 1439 2187 sed
1468 2149 1727 2200 undeviginti
1748 2149 1833 2187 fere
1854 2162 2013 2188 menses

299 2201 421 2251 post).
480 2203 671 2253 Effigiem
699 2205 776 2242 viri
805 2204 910 2242 hanc
942 2205 1011 2243 dat
1040 2205 1269 2244 Ioachimus
1302 2203 1612 2244 Camerariusffl:

298 2277 445 2317 „Paulo
470 2282 552 2320 post
575 2281 677 2312 venit
702 2281 868 2322 Lipsiam
892 2281 1061 2313 Eur-icius
1081 2282 1236 2322 Cordus,
1264 2283 1386 2324 patria
1411 2286 1446 2314 et
1470 2283 1548 2324 ipse
1575 2279 1631 2325 [ut
1647 2281 1834 2325 Eobanus]
1861 2282 2011 2315 Hessia-

300 2343 381 2373 cus,
409 2338 515 2366 natus
542 2336 579 2366 in
603 2336 740 2377 viculo,
768 2337 827 2367 cui
851 2346 980 2368 nomen
1000 2336 1134 2378 Simus,
1163 2338 1264 2370 Vnde
1290 2341 1327 2369 et
1345 2338 1493 2370 Simusii
1518 2340 1797 2380 cognomentum
1817 2337 2012 2379 aliquando

297 2390 525 2422 assumebat:
557 2391 759 2433 Attulitque
783 2402 906 2424 secum
931 2393 1106 2425 Bucolica
1132 2404 1214 2433 sua,
1245 2404 1324 2436 quae
1349 2394 1486 2436 Lipsiae
1511 2394 1721 2426 volentibus
1747 2394 1872 2426 audire
1899 2395 2012 2436 expli—

297 2445 381 2477 cuit.
429 2447 518 2478 Eum
544 2448 696 2490 primum
720 2448 797 2480 vidi
827 2448 922 2490 apud
945 2449 1162 2491 Magistrum
1187 2460 1305 2481 meum
1334 2450 1528 2492 Georgium
1553 2448 1712 2481 Heltum.
1762 2450 1925 2491 Cumque
1953 2461 2010 2482 ca-

298 2505 442 2542 peretur
472 2504 612 2536 animus
643 2503 794 2545 puerilis
828 2506 1053 2537 sermonibus
1079 2505 1229 2537 eruditis
1261 2506 1378 2547 illius,
1414 2506 1598 2548 egregiam
1628 2517 1702 2538 rem
1729 2516 1809 2538 esse
1833 2507 2012 2548 suspicari

297 2558 389 2599 coepi
407 2558 613 2591 Po'eticam:
651 2561 744 2593 Nam
769 2560 834 2592 hos
851 2561 986 2592 Poetas
1010 2562 1190 2593 nominari
1208 2561 1410 2596 audiebam,
1457 2562 1527 2593 Hic
1546 2562 1684 2594 Cordus
1702 2565 1829 2604 postea
1845 2562 2009 2595 Medicus

298 2613 428 2654 faetus,
447 2625 524 2647 cum
545 2627 565 2648 a
583 2627 620 2648 se
639 2619 713 2648 tum
734 2615 862 2649 liberis
881 2617 1065 2659 egregiam
1083 2617 1226 2650 laudem
1245 2618 1419 2650 doctrinae
1437 2619 1594 2661 posteris
1611 2619 1772 2660 reliquit.
1809 2619 1898 2659 Quae
1916 2622 2013 2651 esset

384 2728 418 2767 8)
437 2728 578 2760 Krause
596 2739 630 2771 p,
645 2730 699 2764 27,
737 2729 912 2770 Equidem
931 2731 1077 2771 nuptias
1095 2730 1243 2763 biennio
1261 2731 1462 2764 trienniove
1480 2734 1561 2773 post
1579 2733 1788 2763 contractas
1812 2742 1892 2764 esse
1909 2735 2011 2773 puta-

383 2779 508 2811 verim.
608 2780 642 2821 9)
668 2781 810 2811 Krause
829 2791 862 2822 p.
878 2782 952 2813 100.
992 2781 1075 2823 Ipse
1097 2780 1232 2813 Cordus
1255 2784 1476 2814 rectoratum
1493 2782 1793 2824 Marburgensem
1815 2782 1872 2814 bis
1895 2783 2011 2824 gessit

385 2839 478 2860 anno
495 2830 672 2870 pestifero
688 2831 798 2872 1530„
811 2831 938 2862 iterum
957 2841 989 2865 a.
1005 2833 1102 2865 1532.
1131 2832 1272 2864 Krause
1290 2843 1326 2874 p.
1341 2833 1416 2864 104.
1434 2833 1508 2864 115.
1602 2833 1657 2873 10)
1672 2831 1834 2864 Gerardo
1851 2832 2009 2864 Gelden-

381 2879 495 2910 hauet
513 2889 540 2913 s,
557 2880 797 2922 Noviomago,
824 2881 1055 2914 historiarum
1080 2882 1303 2923 professore,
1330 2883 1386 2914 cui
1403 2883 1534 2915 iniuste
1555 2883 1683 2915 favere
1701 2886 1880 2914 rectorem
1898 2882 2007 2915 Seba-

383 2930 539 2961 stianum
564 2931 751 2963 Nucenum
777 2932 915 2964 Cordus
947 2933 1215 2974 suspicabatur.
1258 2934 1305 2968 cf.
1325 2934 1462 2966 Krause
1480 2945 1512 2976 p.
1532 2935 1606 2966 116.
1705 2933 1758 2973 11)
1785 2933 1909 2975 Epigr.
1926 2933 2008 2967 XII.

382 2991 415 3022 p.
434 2981 511 3012 504.
530 2980 584 3013 ed.
602 2982 772 3014 Meibom.
887 2982 941 3025 12)
973 2983 1010 3014 in
1034 2983 1253 3017 NarratIOne
1279 2984 1322 3017 de
1348 2985 1430 3017 Hel.
1449 2985 1538 3017 Eob.
1557 2985 1685 3018 Hesso.
1725 2984 1886 3018 Norimb.
1909 2985 2006 3017 1553.

381 3030 427 3065 8⁰,
445 3041 476 3072 p.
492 3029 593 3071 Biijb
613 3041 664 3072 sq„
