<?xml version="1.0" encoding="UTF-8"?>
<!DOCTYPE html PUBLIC "-//W3C//DTD XHTML 1.0 Transitional//EN"
    "http://www.w3.org/TR/xhtml1/DTD/xhtml1-transitional.dtd">
<html xmlns="http://www.w3.org/1999/xhtml" xml:lang="en" lang="en">
 <head>
  <title>
</title>
<meta http-equiv="Content-Type" content="text/html;charset=utf-8" />
  <meta name='ocr-system' content='tesseract 3.04.00' />
  <meta name='ocr-capabilities' content='ocr_page ocr_carea ocr_par ocr_line ocrx_word'/>
</head>
<body>
  <div class='ocr_page' id='page_1' title='image "./operaquaereperir02huttuoft/operaquaereperir02huttuoft_0425.png"; bbox 0 0 2119 3522; ppageno 0'>
   <div class='ocr_carea' id='block_1_1' title="bbox 643 227 1788 271">
    <p class='ocr_par' dir='ltr' id='par_1_1' title="bbox 643 227 1788 271">
     <span class='ocr_line' id='line_1_1' title="bbox 643 227 1788 271; baseline 0.003 -9"><span class='ocrx_word' id='word_1_1' title='bbox 643 241 845 263; x_wconf 64' lang='lat' dir='ltr'>MALLEonvs</span> <span class='ocrx_word' id='word_1_2' title='bbox 872 257 877 263; x_wconf 93' lang='lat'>.</span> <span class='ocrx_word' id='word_1_3' title='bbox 894 257 899 262; x_wconf 92' lang='lat'><strong><em>.</em></strong></span> <span class='ocrx_word' id='word_1_4' title='bbox 916 257 921 263; x_wconf 84' lang='lat'><strong>.</strong></span> <span class='ocrx_word' id='word_1_5' title='bbox 942 241 1226 264; x_wconf 66' lang='lat' dir='ltr'>immmorusscrvs.</span> <span class='ocrx_word' id='word_1_6' title='bbox 1285 227 1289 230; x_wconf 43' lang='lat'>⁵</span> <span class='ocrx_word' id='word_1_7' title='bbox 1696 227 1788 271; x_wconf 76' lang='lat'>411</span> 
     </span>
    </p>
   </div>
   <div class='ocr_carea' id='block_1_2' title="bbox 78 355 1794 510">
    <p class='ocr_par' dir='ltr' id='par_1_2' title="bbox 78 355 1794 510">
     <span class='ocr_line' id='line_1_2' title="bbox 78 355 1794 400; baseline 0.001 -12"><span class='ocrx_word' id='word_1_8' title='bbox 78 366 180 388; x_wconf 81' lang='lat' dir='ltr'><strong>sacre</strong></span> <span class='ocrx_word' id='word_1_9' title='bbox 205 355 338 398; x_wconf 84' lang='lat' dir='ltr'>pagine</span> <span class='ocrx_word' id='word_1_10' title='bbox 364 366 434 388; x_wconf 90' lang='lat' dir='ltr'>non</span> <span class='ocrx_word' id='word_1_11' title='bbox 458 357 608 398; x_wconf 83' lang='lat' dir='ltr'>ignarus</span> <span class='ocrx_word' id='word_1_12' title='bbox 634 356 811 389; x_wconf 86' lang='lat' dir='ltr'>secularis</span> <span class='ocrx_word' id='word_1_13' title='bbox 837 366 977 398; x_wconf 89' lang='lat' dir='ltr'>quoque</span> <span class='ocrx_word' id='word_1_14' title='bbox 1003 357 1231 399; x_wconf 82' lang='lat' dir='ltr'><strong>philosophie</strong></span> <span class='ocrx_word' id='word_1_15' title='bbox 1251 358 1483 390; x_wconf 85' lang='lat' dir='ltr'>doctissimus</span> <span class='ocrx_word' id='word_1_16' title='bbox 1500 359 1646 400; x_wconf 79' lang='lat' dir='ltr'>ingenio</span> <span class='ocrx_word' id='word_1_17' title='bbox 1665 361 1794 390; x_wconf 84' lang='lat' dir='ltr'>acutus</span> 
     </span>
     <span class='ocr_line' id='line_1_3' title="bbox 79 410 1794 457; baseline 0.002 -13"><span class='ocrx_word' id='word_1_18' title='bbox 79 412 222 453; x_wconf 88' lang='lat' dir='ltr'>eloquio</span> <span class='ocrx_word' id='word_1_19' title='bbox 247 410 366 443; x_wconf 89' lang='lat' dir='ltr'>clarus</span> <span class='ocrx_word' id='word_1_20' title='bbox 391 411 434 443; x_wconf 88' lang='lat' dir='ltr'>de</span> <span class='ocrx_word' id='word_1_21' title='bbox 460 413 572 443; x_wconf 87' lang='lat' dir='ltr'>variis</span> <span class='ocrx_word' id='word_1_22' title='bbox 597 411 704 443; x_wconf 88' lang='lat' dir='ltr'>rebus</span> <span class='ocrx_word' id='word_1_23' title='bbox 730 413 849 444; x_wconf 87' lang='lat' dir='ltr'>varios</span> <span class='ocrx_word' id='word_1_24' title='bbox 875 414 1024 455; x_wconf 79' lang='lat' dir='ltr'>scripsit</span> <span class='ocrx_word' id='word_1_25' title='bbox 1048 416 1230 446; x_wconf 86' lang='lat' dir='ltr'>tractatus</span> <span class='ocrx_word' id='word_1_26' title='bbox 1277 415 1332 446; x_wconf 86' lang='lat' dir='ltr'>De</span> <span class='ocrx_word' id='word_1_27' title='bbox 1359 415 1490 456; x_wconf 88' lang='lat' dir='ltr'>quibus</span> <span class='ocrx_word' id='word_1_28' title='bbox 1516 415 1700 456; x_wconf 82' lang='lat' dir='ltr'>hucusque</span> <span class='ocrx_word' id='word_1_29' title='bbox 1728 426 1794 457; x_wconf 82' lang='lat' dir='ltr'>ego</span> 
     </span>
     <span class='ocr_line' id='line_1_4' title="bbox 78 465 756 510; baseline -0.001 -10"><span class='ocrx_word' id='word_1_30' title='bbox 78 465 268 500; x_wconf 77' lang='lat' dir='ltr'>dumtaxat</span> <span class='ocrx_word' id='word_1_31' title='bbox 292 467 417 500; x_wconf 91' lang='lat' dir='ltr'>videre</span> <span class='ocrx_word' id='word_1_32' title='bbox 442 469 544 510; x_wconf 88' lang='lat' dir='ltr'>potui</span> <span class='ocrx_word' id='word_1_33' title='bbox 569 468 756 500; x_wconf 88' lang='lat' dir='ltr'>subiectos</span> 
     </span>
    </p>
   </div>
   <div class='ocr_carea' id='block_1_3' title="bbox 75 524 1798 2310">
    <p class='ocr_par' dir='ltr' id='par_1_3' title="bbox 79 524 1615 569">
     <span class='ocr_line' id='line_1_5' title="bbox 79 524 1615 569; baseline 0.001 -13"><span class='ocrx_word' id='word_1_34' title='bbox 79 524 213 556; x_wconf 88' lang='lat' dir='ltr'>Contra</span> <span class='ocrx_word' id='word_1_35' title='bbox 230 524 372 556; x_wconf 82' lang='lat' dir='ltr'>validos</span> <span class='ocrx_word' id='word_1_36' title='bbox 391 524 640 556; x_wconf 76' lang='lat' dir='ltr'>mendicantes</span> <span class='ocrx_word' id='word_1_37' title='bbox 956 525 981 556; x_wconf 91' lang='lat' dir='ltr'>li</span> <span class='ocrx_word' id='word_1_38' title='bbox 1001 535 1017 566; x_wconf 92' lang='lat' dir='ltr'>J</span> <span class='ocrx_word' id='word_1_39' title='bbox 1054 526 1269 558; x_wconf 78' lang='lat' dir='ltr'>Reuerendo</span> <span class='ocrx_word' id='word_1_40' title='bbox 1296 527 1332 558; x_wconf 90' lang='lat' dir='ltr'>in</span> <span class='ocrx_word' id='word_1_41' title='bbox 1359 526 1493 559; x_wconf 84' lang='lat' dir='ltr'>christo</span> <span class='ocrx_word' id='word_1_42' title='bbox 1518 527 1615 569; x_wconf 87' lang='lat' dir='ltr'>patri</span> 
     </span>
    </p>

    <p class='ocr_par' dir='ltr' id='par_1_4' title="bbox 79 579 1793 678">
     <span class='ocr_line' id='line_1_6' title="bbox 79 579 1793 623; baseline 0.001 -11"><span class='ocrx_word' id='word_1_43' title='bbox 79 580 215 613; x_wconf 82' lang='lat' dir='ltr'><strong>Contra</strong></span> <span class='ocrx_word' id='word_1_44' title='bbox 240 580 481 612; x_wconf 80' lang='lat' dir='ltr'>anachoretas</span> <span class='ocrx_word' id='word_1_45' title='bbox 505 579 711 621; x_wconf 85' lang='lat' dir='ltr'>beghardos</span> <span class='ocrx_word' id='word_1_46' title='bbox 735 580 928 623; x_wconf 84' lang='lat' dir='ltr'>beguinas-</span> <span class='ocrx_word' id='word_1_47' title='bbox 1057 582 1362 621; x_wconf 79' lang='lat' dir='ltr'>Quemadmodum</span> <span class='ocrx_word' id='word_1_48' title='bbox 1384 583 1619 615; x_wconf 82' lang='lat' dir='ltr'>beatissimus</span> <span class='ocrx_word' id='word_1_49' title='bbox 1638 583 1793 615; x_wconf 40' lang='lat' dir='ltr'>hieroni*</span> 
     </span>
     <span class='ocr_line' id='line_1_7' title="bbox 123 626 1321 678; baseline 0.002 -11"><span class='ocrx_word' id='word_1_50' title='bbox 123 646 191 677; x_wconf 90' lang='lat' dir='ltr'>que</span> <span class='ocrx_word' id='word_1_51' title='bbox 215 636 404 668; x_wconf 87' lang='lat' dir='ltr'>siluestres</span> <span class='ocrx_word' id='word_1_52' title='bbox 574 626 580 628; x_wconf 21' lang='lat' dir='ltr'>v</span> <span class='ocrx_word' id='word_1_53' title='bbox 956 638 982 668; x_wconf 89' lang='lat' dir='ltr'>li</span> <span class='ocrx_word' id='word_1_54' title='bbox 1001 647 1017 678; x_wconf 93' lang='lat' dir='ltr'>J</span> <span class='ocrx_word' id='word_1_55' title='bbox 1101 649 1177 669; x_wconf 90' lang='lat' dir='ltr'>mus</span> <span class='ocrx_word' id='word_1_56' title='bbox 1316 636 1321 641; x_wconf 71' lang='grc'><strong>”</strong></span> 
     </span>
    </p>

    <p class='ocr_par' dir='ltr' id='par_1_5' title="bbox 77 691 1727 736">
     <span class='ocr_line' id='line_1_8' title="bbox 77 691 1727 736; baseline 0.001 -12"><span class='ocrx_word' id='word_1_57' title='bbox 77 693 370 734; x_wconf 88' lang='lat' dir='ltr'>Descriptionem</span> <span class='ocrx_word' id='word_1_58' title='bbox 395 691 639 723; x_wconf 87' lang='lat' dir='ltr'>lolhardorum</span> <span class='ocrx_word' id='word_1_59' title='bbox 955 693 981 724; x_wconf 90' lang='lat' dir='ltr'>li</span> <span class='ocrx_word' id='word_1_60' title='bbox 1001 703 1018 734; x_wconf 94' lang='lat' dir='ltr'>J</span> <span class='ocrx_word' id='word_1_61' title='bbox 1054 695 1155 726; x_wconf 91' lang='lat' dir='ltr'>Nunc</span> <span class='ocrx_word' id='word_1_62' title='bbox 1183 694 1255 725; x_wconf 89' lang='lat' dir='ltr'>scio</span> <span class='ocrx_word' id='word_1_63' title='bbox 1281 692 1334 726; x_wconf 54' lang='lat' dir='ltr'>ve*</span> <span class='ocrx_word' id='word_1_64' title='bbox 1365 696 1450 735; x_wconf 87' lang='lat' dir='ltr'>quia</span> <span class='ocrx_word' id='word_1_65' title='bbox 1478 696 1546 727; x_wconf 81' lang='lat' dir='ltr'>istc</span> <span class='ocrx_word' id='word_1_66' title='bbox 1572 694 1727 736; x_wconf 85' lang='lat' dir='ltr'>populus</span> 
     </span>
    </p>

    <p class='ocr_par' dir='ltr' id='par_1_6' title="bbox 78 747 1625 790">
     <span class='ocr_line' id='line_1_9' title="bbox 78 747 1625 790; baseline 0.001 -10"><span class='ocrx_word' id='word_1_67' title='bbox 78 749 191 781; x_wconf 84' lang='lat' dir='ltr'>Glosa</span> <span class='ocrx_word' id='word_1_68' title='bbox 217 747 395 780; x_wconf 85' lang='lat' dir='ltr'>bullarum</span> <span class='ocrx_word' id='word_1_69' title='bbox 420 758 484 790; x_wconf 89' lang='lat' dir='ltr'>per</span> <span class='ocrx_word' id='word_1_70' title='bbox 509 748 715 789; x_wconf 84' lang='lat' dir='ltr'>beghardos</span> <span class='ocrx_word' id='word_1_71' title='bbox 743 777 748 780; x_wconf 94' lang='lat'>.</span> <span class='ocrx_word' id='word_1_72' title='bbox 956 750 982 780; x_wconf 94' lang='lat' dir='ltr'>li</span> <span class='ocrx_word' id='word_1_73' title='bbox 1002 758 1018 789; x_wconf 92' lang='lat' dir='ltr'>J</span> <span class='ocrx_word' id='word_1_74' title='bbox 1055 752 1125 782; x_wconf 88' lang='lat' dir='ltr'>Pro</span> <span class='ocrx_word' id='word_1_75' title='bbox 1151 750 1420 782; x_wconf 82' lang='lat' dir='ltr'>fundamentali</span> <span class='ocrx_word' id='word_1_76' title='bbox 1447 751 1625 782; x_wconf 84' lang='lat' dir='ltr'>bullarum</span> 
     </span>
    </p>

    <p class='ocr_par' dir='ltr' id='par_1_7' title="bbox 76 803 1654 848">
     <span class='ocr_line' id='line_1_10' title="bbox 76 803 1654 848; baseline 0.001 -12"><span class='ocrx_word' id='word_1_77' title='bbox 76 805 132 837; x_wconf 90' lang='lat' dir='ltr'>De</span> <span class='ocrx_word' id='word_1_78' title='bbox 157 805 305 846; x_wconf 86' lang='lat' dir='ltr'>negotio</span> <span class='ocrx_word' id='word_1_79' title='bbox 329 803 583 836; x_wconf 87' lang='lat' dir='ltr'>monachorum</span> <span class='ocrx_word' id='word_1_80' title='bbox 955 805 981 835; x_wconf 95' lang='lat' dir='ltr'>li</span> <span class='ocrx_word' id='word_1_81' title='bbox 1001 813 1017 845; x_wconf 96' lang='lat' dir='ltr'>J</span> <span class='ocrx_word' id='word_1_82' title='bbox 1056 805 1144 838; x_wconf 70' lang='lat' dir='ltr'>Rnd⁰</span> <span class='ocrx_word' id='word_1_83' title='bbox 1170 807 1206 837; x_wconf 89' lang='lat' dir='ltr'>in</span> <span class='ocrx_word' id='word_1_84' title='bbox 1233 806 1369 838; x_wconf 82' lang='lat' dir='ltr'>christo</span> <span class='ocrx_word' id='word_1_85' title='bbox 1395 807 1491 848; x_wconf 86' lang='lat' dir='ltr'>patri</span> <span class='ocrx_word' id='word_1_86' title='bbox 1518 817 1560 838; x_wconf 85' lang='lat' dir='ltr'>ac</span> <span class='ocrx_word' id='word_1_87' title='bbox 1586 804 1654 838; x_wconf 75' lang='lat' dir='ltr'>chio</span> 
     </span>
    </p>

    <p class='ocr_par' dir='ltr' id='par_1_8' title="bbox 76 859 1709 903">
     <span class='ocr_line' id='line_1_11' title="bbox 76 859 1709 903; baseline 0.001 -11"><span class='ocrx_word' id='word_1_88' title='bbox 76 861 132 892; x_wconf 90' lang='lat' dir='ltr'>De</span> <span class='ocrx_word' id='word_1_89' title='bbox 158 860 327 902; x_wconf 84' lang='lat' dir='ltr'>plebanis</span> <span class='ocrx_word' id='word_1_90' title='bbox 354 863 390 891; x_wconf 85' lang='lat' dir='ltr'>et</span> <span class='ocrx_word' id='word_1_91' title='bbox 415 860 612 902; x_wconf 82' lang='lat' dir='ltr'>relligiosis</span> <span class='ocrx_word' id='word_1_92' title='bbox 638 859 930 892; x_wconf 80' lang='lat' dir='ltr'>mendicantibus</span> <span class='ocrx_word' id='word_1_93' title='bbox 954 860 980 892; x_wconf 91' lang='lat' dir='ltr'>li</span> <span class='ocrx_word' id='word_1_94' title='bbox 1000 870 1016 901; x_wconf 89' lang='lat' dir='ltr'>J</span> <span class='ocrx_word' id='word_1_95' title='bbox 1054 863 1132 894; x_wconf 90' lang='lat' dir='ltr'>Non</span> <span class='ocrx_word' id='word_1_96' title='bbox 1159 866 1213 894; x_wconf 87' lang='lat' dir='ltr'>est</span> <span class='ocrx_word' id='word_1_97' title='bbox 1239 862 1332 893; x_wconf 90' lang='lat' dir='ltr'>enim</span> <span class='ocrx_word' id='word_1_98' title='bbox 1358 862 1475 903; x_wconf 86' lang='lat' dir='ltr'>pietas</span> <span class='ocrx_word' id='word_1_99' title='bbox 1500 863 1571 893; x_wconf 90' lang='lat' dir='ltr'>nisi</span> <span class='ocrx_word' id='word_1_100' title='bbox 1597 873 1617 893; x_wconf 85' lang='lat' dir='ltr'>a</span> <span class='ocrx_word' id='word_1_101' title='bbox 1644 862 1709 894; x_wconf 86' lang='lat' dir='ltr'>deo</span> 
     </span>
    </p>

    <p class='ocr_par' dir='ltr' id='par_1_9' title="bbox 76 910 1545 959">
     <span class='ocr_line' id='line_1_12' title="bbox 76 910 1545 959; baseline 0 -11"><span class='ocrx_word' id='word_1_102' title='bbox 76 917 132 948; x_wconf 90' lang='lat' dir='ltr'>De</span> <span class='ocrx_word' id='word_1_103' title='bbox 158 915 355 957; x_wconf 85' lang='lat' dir='ltr'>relligiosis</span> <span class='ocrx_word' id='word_1_104' title='bbox 379 910 631 957; x_wconf 80' lang='lat' dir='ltr'>proprietariis</span> <span class='ocrx_word' id='word_1_105' title='bbox 954 916 979 947; x_wconf 93' lang='lat' dir='ltr'>li</span> <span class='ocrx_word' id='word_1_106' title='bbox 1000 926 1016 957; x_wconf 94' lang='lat' dir='ltr'>J</span> <span class='ocrx_word' id='word_1_107' title='bbox 1054 918 1171 959; x_wconf 86' lang='lat' dir='ltr'>Super</span> <span class='ocrx_word' id='word_1_108' title='bbox 1195 917 1405 949; x_wconf 77' lang='lat' dir='ltr'>cathedram</span> <span class='ocrx_word' id='word_1_109' title='bbox 1431 918 1545 958; x_wconf 88' lang='lat' dir='ltr'>moysi</span> 
     </span>
    </p>

    <p class='ocr_par' dir='ltr' id='par_1_10' title="bbox 78 971 1560 1015">
     <span class='ocr_line' id='line_1_13' title="bbox 78 971 1560 1015; baseline 0.001 -11"><span class='ocrx_word' id='word_1_110' title='bbox 78 972 213 1005; x_wconf 82' lang='lat' dir='ltr'>Contra</span> <span class='ocrx_word' id='word_1_111' title='bbox 237 972 467 1014; x_wconf 84' lang='lat' dir='ltr'>negligentes</span> <span class='ocrx_word' id='word_1_112' title='bbox 494 971 655 1003; x_wconf 89' lang='lat' dir='ltr'>diuinum</span> <span class='ocrx_word' id='word_1_113' title='bbox 685 971 818 1004; x_wconf 87' lang='lat' dir='ltr'>cultum</span> <span class='ocrx_word' id='word_1_114' title='bbox 957 973 982 1004; x_wconf 92' lang='lat' dir='ltr'>li</span> <span class='ocrx_word' id='word_1_115' title='bbox 1001 981 1017 1012; x_wconf 94' lang='lat' dir='ltr'>J</span> <span class='ocrx_word' id='word_1_116' title='bbox 1056 973 1156 1005; x_wconf 81' lang='lat' dir='ltr'>ffelix</span> <span class='ocrx_word' id='word_1_117' title='bbox 1182 977 1218 1005; x_wconf 91' lang='lat' dir='ltr'>et</span> <span class='ocrx_word' id='word_1_118' title='bbox 1242 973 1370 1015; x_wconf 84' lang='lat' dir='ltr'>regula</span> <span class='ocrx_word' id='word_1_119' title='bbox 1397 976 1433 1005; x_wconf 87' lang='lat' dir='ltr'>et</span> <span class='ocrx_word' id='word_1_120' title='bbox 1458 985 1560 1015; x_wconf 80' lang='lat' dir='ltr'>exmp</span> 
     </span>
    </p>

    <p class='ocr_par' dir='ltr' id='par_1_11' title="bbox 75 1028 1622 1126">
     <span class='ocr_line' id='line_1_14' title="bbox 75 1028 1622 1062; baseline 0 -1"><span class='ocrx_word' id='word_1_121' title='bbox 75 1029 132 1061; x_wconf 90' lang='lat' dir='ltr'>De</span> <span class='ocrx_word' id='word_1_122' title='bbox 157 1039 331 1061; x_wconf 90' lang='lat' dir='ltr'>nouorum</span> <span class='ocrx_word' id='word_1_123' title='bbox 355 1028 555 1060; x_wconf 88' lang='lat' dir='ltr'>diuinorum</span> <span class='ocrx_word' id='word_1_124' title='bbox 574 1028 775 1060; x_wconf 87' lang='lat' dir='ltr'>officiorum</span> <span class='ocrx_word' id='word_1_125' title='bbox 795 1029 927 1061; x_wconf 88' lang='lat' dir='ltr'>consti·</span> <span class='ocrx_word' id='word_1_126' title='bbox 1057 1030 1098 1061; x_wconf 93' lang='lat' dir='ltr'>In</span> <span class='ocrx_word' id='word_1_127' title='bbox 1125 1029 1286 1061; x_wconf 85' lang='lat' dir='ltr'>ecclesia</span> <span class='ocrx_word' id='word_1_128' title='bbox 1311 1030 1512 1062; x_wconf 86' lang='lat' dir='ltr'>thuricensi</span> <span class='ocrx_word' id='word_1_129' title='bbox 1538 1033 1622 1062; x_wconf 89' lang='lat' dir='ltr'>sunt</span> 
     </span>
     <span class='ocr_line' id='line_1_15' title="bbox 122 1085 1018 1126; baseline -0.001 -9"><span class='ocrx_word' id='word_1_130' title='bbox 122 1086 269 1118; x_wconf 86' lang='lat' dir='ltr'>tucione</span> <span class='ocrx_word' id='word_1_131' title='bbox 956 1085 982 1117; x_wconf 92' lang='lat' dir='ltr'>li</span> <span class='ocrx_word' id='word_1_132' title='bbox 1002 1094 1018 1126; x_wconf 95' lang='lat' dir='ltr'>J</span> 
     </span>
    </p>

    <p class='ocr_par' dir='ltr' id='par_1_12' title="bbox 76 1140 1746 1240">
     <span class='ocr_line' id='line_1_16' title="bbox 76 1140 1746 1184; baseline 0 -10"><span class='ocrx_word' id='word_1_133' title='bbox 76 1141 132 1174; x_wconf 89' lang='lat' dir='ltr'>De</span> <span class='ocrx_word' id='word_1_134' title='bbox 164 1141 298 1174; x_wconf 88' lang='lat' dir='ltr'>oblatis</span> <span class='ocrx_word' id='word_1_135' title='bbox 329 1151 392 1183; x_wconf 90' lang='lat' dir='ltr'>pro</span> <span class='ocrx_word' id='word_1_136' title='bbox 422 1140 602 1173; x_wconf 90' lang='lat' dir='ltr'>beneficio</span> <span class='ocrx_word' id='word_1_137' title='bbox 634 1142 671 1172; x_wconf 89' lang='lat' dir='ltr'>in</span> <span class='ocrx_word' id='word_1_138' title='bbox 699 1142 930 1174; x_wconf 85' lang='lat' dir='ltr'>monasteriis</span> <span class='ocrx_word' id='word_1_139' title='bbox 1059 1142 1147 1174; x_wconf 91' lang='lat' dir='ltr'>Cum</span> <span class='ocrx_word' id='word_1_140' title='bbox 1173 1143 1379 1184; x_wconf 80' lang='lat' dir='ltr'>symoniace</span> <span class='ocrx_word' id='word_1_141' title='bbox 1406 1143 1602 1184; x_wconf 82' lang='lat' dir='ltr'>prauitatis</span> <span class='ocrx_word' id='word_1_142' title='bbox 1629 1143 1746 1174; x_wconf 78' lang='lat' dir='ltr'>rabies</span> 
     </span>
     <span class='ocr_line' id='line_1_17' title="bbox 122 1197 1021 1240; baseline 0 -11"><span class='ocrx_word' id='word_1_143' title='bbox 122 1197 361 1240; x_wconf 89' lang='lat' dir='ltr'>percipiendo</span> <span class='ocrx_word' id='word_1_144' title='bbox 959 1198 984 1229; x_wconf 91' lang='lat' dir='ltr'>li</span> <span class='ocrx_word' id='word_1_145' title='bbox 1005 1207 1021 1238; x_wconf 97' lang='lat' dir='ltr'>J</span> 
     </span>
    </p>

    <p class='ocr_par' dir='ltr' id='par_1_13' title="bbox 77 1253 1736 1296">
     <span class='ocr_line' id='line_1_18' title="bbox 77 1253 1736 1296; baseline -0.001 -9"><span class='ocrx_word' id='word_1_146' title='bbox 77 1255 132 1287; x_wconf 91' lang='lat' dir='ltr'>De</span> <span class='ocrx_word' id='word_1_147' title='bbox 160 1265 253 1286; x_wconf 87' lang='lat' dir='ltr'>anno</span> <span class='ocrx_word' id='word_1_148' title='bbox 274 1253 415 1294; x_wconf 89' lang='lat' dir='ltr'>jubileo</span> <span class='ocrx_word' id='word_1_149' title='bbox 441 1253 610 1295; x_wconf 85' lang='lat' dir='ltr'>dialogus</span> <span class='ocrx_word' id='word_1_150' title='bbox 957 1255 983 1287; x_wconf 92' lang='lat' dir='ltr'>li</span> <span class='ocrx_word' id='word_1_151' title='bbox 1003 1264 1019 1295; x_wconf 94' lang='lat' dir='ltr'>J</span> <span class='ocrx_word' id='word_1_152' title='bbox 1057 1254 1218 1288; x_wconf 85' lang='lat' dir='ltr'>Iubileus</span> <span class='ocrx_word' id='word_1_153' title='bbox 1245 1257 1306 1296; x_wconf 83' lang='lat' dir='ltr'>qui</span> <span class='ocrx_word' id='word_1_154' title='bbox 1331 1258 1505 1287; x_wconf 88' lang='lat' dir='ltr'>venturus</span> <span class='ocrx_word' id='word_1_155' title='bbox 1533 1258 1588 1287; x_wconf 89' lang='lat' dir='ltr'>est</span> <span class='ocrx_word' id='word_1_156' title='bbox 1612 1256 1736 1287; x_wconf 85' lang='lat' dir='ltr'>veniet</span> 
     </span>
    </p>

    <p class='ocr_par' dir='ltr' id='par_1_14' title="bbox 76 1302 1660 1407">
     <span class='ocr_line' id='line_1_19' title="bbox 76 1302 1660 1344; baseline -0.001 -1"><span class='ocrx_word' id='word_1_157' title='bbox 76 1312 132 1343; x_wconf 90' lang='lat' dir='ltr'>De</span> <span class='ocrx_word' id='word_1_158' title='bbox 163 1310 477 1342; x_wconf 80' lang='lat' dir='ltr'>benedictionibus</span> <span class='ocrx_word' id='word_1_159' title='bbox 510 1320 597 1342; x_wconf 87' lang='lat' dir='ltr'>aure</span> <span class='ocrx_word' id='word_1_160' title='bbox 628 1320 706 1342; x_wconf 89' lang='lat' dir='ltr'>cum</span> <span class='ocrx_word' id='word_1_161' title='bbox 737 1302 843 1342; x_wconf 50' lang='lat' dir='ltr'>sacro</span> <span class='ocrx_word' id='word_1_162' title='bbox 876 1311 930 1342; x_wconf 84' lang='lat' dir='ltr'>fa·</span> <span class='ocrx_word' id='word_1_163' title='bbox 1056 1313 1103 1344; x_wconf 90' lang='lat' dir='ltr'>Vt</span> <span class='ocrx_word' id='word_1_164' title='bbox 1129 1323 1149 1344; x_wconf 86' lang='lat' dir='ltr'>a</span> <span class='ocrx_word' id='word_1_165' title='bbox 1175 1312 1297 1344; x_wconf 88' lang='lat' dir='ltr'>fructu</span> <span class='ocrx_word' id='word_1_166' title='bbox 1324 1312 1490 1344; x_wconf 80' lang='lat' dir='ltr'>frument.</span> <span class='ocrx_word' id='word_1_167' title='bbox 1516 1315 1551 1343; x_wconf 84' lang='lat' dir='ltr'>et</span> <span class='ocrx_word' id='word_1_168' title='bbox 1575 1312 1660 1343; x_wconf 87' lang='lat' dir='ltr'>vino</span> 
     </span>
     <span class='ocr_line' id='line_1_20' title="bbox 123 1367 1019 1407; baseline 0 -9"><span class='ocrx_word' id='word_1_169' title='bbox 123 1367 262 1398; x_wconf 87' lang='lat' dir='ltr'>ciendis</span> <span class='ocrx_word' id='word_1_170' title='bbox 957 1367 983 1398; x_wconf 91' lang='lat' dir='ltr'>li</span> <span class='ocrx_word' id='word_1_171' title='bbox 1004 1376 1019 1407; x_wconf 93' lang='lat' dir='ltr'>J</span> 
     </span>
    </p>

    <p class='ocr_par' dir='ltr' id='par_1_15' title="bbox 76 1422 1695 1466">
     <span class='ocr_line' id='line_1_21' title="bbox 76 1422 1695 1466; baseline 0.001 -12"><span class='ocrx_word' id='word_1_172' title='bbox 76 1423 131 1455; x_wconf 91' lang='lat' dir='ltr'>De</span> <span class='ocrx_word' id='word_1_173' title='bbox 159 1422 368 1455; x_wconf 84' lang='lat' dir='ltr'>exorcismis</span> <span class='ocrx_word' id='word_1_174' title='bbox 823 1436 825 1438; x_wconf 89' lang='lat'>·</span> <span class='ocrx_word' id='word_1_175' title='bbox 954 1423 981 1454; x_wconf 92' lang='lat' dir='ltr'>li</span> <span class='ocrx_word' id='word_1_176' title='bbox 1003 1432 1017 1463; x_wconf 83' lang='lat' dir='ltr'>J</span> <span class='ocrx_word' id='word_1_177' title='bbox 1057 1426 1135 1464; x_wconf 80' lang='lat' dir='ltr'>Quo</span> <span class='ocrx_word' id='word_1_178' title='bbox 1162 1425 1255 1456; x_wconf 88' lang='lat' dir='ltr'>enim</span> <span class='ocrx_word' id='word_1_179' title='bbox 1281 1435 1395 1466; x_wconf 85' lang='lat' dir='ltr'>nuper</span> <span class='ocrx_word' id='word_1_180' title='bbox 1420 1428 1517 1456; x_wconf 85' lang='lat' dir='ltr'>mota</span> <span class='ocrx_word' id='word_1_181' title='bbox 1543 1425 1579 1455; x_wconf 87' lang='lat' dir='ltr'>in</span> <span class='ocrx_word' id='word_1_182' title='bbox 1604 1434 1695 1455; x_wconf 86' lang='lat' dir='ltr'>voce</span> 
     </span>
    </p>

    <p class='ocr_par' dir='ltr' id='par_1_16' title="bbox 77 1479 1605 1521">
     <span class='ocr_line' id='line_1_22' title="bbox 77 1479 1605 1521; baseline -0.001 -9"><span class='ocrx_word' id='word_1_183' title='bbox 77 1480 365 1512; x_wconf 83' lang='lat' dir='ltr'>Exorcismorum</span> <span class='ocrx_word' id='word_1_184' title='bbox 392 1489 455 1511; x_wconf 89' lang='lat' dir='ltr'>seu</span> <span class='ocrx_word' id='word_1_185' title='bbox 479 1479 738 1511; x_wconf 83' lang='lat' dir='ltr'>adunationum</span> <span class='ocrx_word' id='word_1_186' title='bbox 957 1480 983 1511; x_wconf 92' lang='lat' dir='ltr'>li</span> <span class='ocrx_word' id='word_1_187' title='bbox 1003 1488 1018 1519; x_wconf 95' lang='lat' dir='ltr'>J</span> <span class='ocrx_word' id='word_1_188' title='bbox 1056 1480 1122 1520; x_wconf 47' lang='grc' dir='ltr'>(ἐῶ</span> <span class='ocrx_word' id='word_1_189' title='bbox 1152 1480 1240 1512; x_wconf 87' lang='lat' dir='ltr'>deus</span> <span class='ocrx_word' id='word_1_190' title='bbox 1266 1491 1416 1521; x_wconf 75' lang='lat' dir='ltr'>magnus</span> <span class='ocrx_word' id='word_1_191' title='bbox 1442 1481 1605 1512; x_wconf 87' lang='lat' dir='ltr'>dominus</span> 
     </span>
    </p>

    <p class='ocr_par' dir='ltr' id='par_1_17' title="bbox 78 1534 1797 1576">
     <span class='ocr_line' id='line_1_23' title="bbox 78 1534 1797 1576; baseline -0.001 -8"><span class='ocrx_word' id='word_1_192' title='bbox 78 1537 134 1568; x_wconf 87' lang='lat' dir='ltr'>Dc</span> <span class='ocrx_word' id='word_1_193' title='bbox 159 1534 376 1568; x_wconf 85' lang='lat' dir='ltr'>credulitate</span> <span class='ocrx_word' id='word_1_194' title='bbox 403 1536 613 1568; x_wconf 87' lang='lat' dir='ltr'>demonibus</span> <span class='ocrx_word' id='word_1_195' title='bbox 640 1535 845 1567; x_wconf 67' lang='lat' dir='ltr'>adhibenda</span> <span class='ocrx_word' id='word_1_196' title='bbox 956 1536 982 1567; x_wconf 88' lang='lat' dir='ltr'>li</span> <span class='ocrx_word' id='word_1_197' title='bbox 1001 1544 1017 1576; x_wconf 92' lang='lat' dir='ltr'>J</span> <span class='ocrx_word' id='word_1_198' title='bbox 1055 1538 1234 1569; x_wconf 86' lang='lat' dir='ltr'>Dominus</span> <span class='ocrx_word' id='word_1_199' title='bbox 1258 1540 1381 1568; x_wconf 85' lang='lat' dir='ltr'>noster</span> <span class='ocrx_word' id='word_1_200' title='bbox 1403 1537 1526 1568; x_wconf 87' lang='lat' dir='ltr'>ihesus</span> <span class='ocrx_word' id='word_1_201' title='bbox 1545 1537 1626 1568; x_wconf 88' lang='lat' dir='ltr'>dum</span> <span class='ocrx_word' id='word_1_202' title='bbox 1643 1537 1679 1567; x_wconf 91' lang='lat' dir='ltr'>in</span> <span class='ocrx_word' id='word_1_203' title='bbox 1699 1540 1797 1568; x_wconf 86' lang='lat' dir='ltr'>terra</span> 
     </span>
    </p>

    <p class='ocr_par' dir='ltr' id='par_1_18' title="bbox 77 1592 1664 1633">
     <span class='ocr_line' id='line_1_24' title="bbox 77 1592 1664 1633; baseline -0.001 -8"><span class='ocrx_word' id='word_1_204' title='bbox 77 1592 132 1625; x_wconf 94' lang='lat' dir='ltr'>De</span> <span class='ocrx_word' id='word_1_205' title='bbox 159 1593 288 1624; x_wconf 87' lang='lat' dir='ltr'>arbore</span> <span class='ocrx_word' id='word_1_206' title='bbox 313 1592 487 1624; x_wconf 82' lang='lat' dir='ltr'>torculari</span> <span class='ocrx_word' id='word_1_207' title='bbox 955 1592 981 1623; x_wconf 92' lang='lat' dir='ltr'>li</span> <span class='ocrx_word' id='word_1_208' title='bbox 1001 1601 1017 1633; x_wconf 93' lang='lat' dir='ltr'>J</span> <span class='ocrx_word' id='word_1_209' title='bbox 1055 1593 1332 1625; x_wconf 85' lang='lat' dir='ltr'>Venerabilibus</span> <span class='ocrx_word' id='word_1_210' title='bbox 1359 1593 1512 1625; x_wconf 88' lang='lat' dir='ltr'>dominis</span> <span class='ocrx_word' id='word_1_211' title='bbox 1537 1593 1664 1624; x_wconf 77' lang='lat' dir='ltr'>rctori‘¹</span> 
     </span>
    </p>

    <p class='ocr_par' dir='ltr' id='par_1_19' title="bbox 76 1648 1755 1690">
     <span class='ocr_line' id='line_1_25' title="bbox 76 1648 1755 1690; baseline -0.001 -9"><span class='ocrx_word' id='word_1_212' title='bbox 76 1650 132 1681; x_wconf 89' lang='lat' dir='ltr'>De</span> <span class='ocrx_word' id='word_1_213' title='bbox 158 1648 386 1681; x_wconf 87' lang='lat' dir='ltr'>matrimonio</span> <span class='ocrx_word' id='word_1_214' title='bbox 956 1649 982 1680; x_wconf 91' lang='lat' dir='ltr'>li</span> <span class='ocrx_word' id='word_1_215' title='bbox 1002 1658 1018 1689; x_wconf 96' lang='lat' dir='ltr'>J</span> <span class='ocrx_word' id='word_1_216' title='bbox 1058 1649 1246 1681; x_wconf 88' lang='lat' dir='ltr'>Gloriosus</span> <span class='ocrx_word' id='word_1_217' title='bbox 1272 1649 1360 1681; x_wconf 89' lang='lat' dir='ltr'>deus</span> <span class='ocrx_word' id='word_1_218' title='bbox 1386 1650 1506 1681; x_wconf 83' lang='lat' dir='ltr'>omnia</span> <span class='ocrx_word' id='word_1_219' title='bbox 1531 1659 1755 1690; x_wconf 85' lang='lat' dir='ltr'>quecumque</span> 
     </span>
    </p>

    <p class='ocr_par' dir='ltr' id='par_1_20' title="bbox 75 1705 1796 1747">
     <span class='ocr_line' id='line_1_26' title="bbox 75 1705 1796 1747; baseline -0.001 -10"><span class='ocrx_word' id='word_1_220' title='bbox 75 1706 130 1737; x_wconf 88' lang='lat' dir='ltr'>De</span> <span class='ocrx_word' id='word_1_221' title='bbox 154 1705 251 1737; x_wconf 84' lang='lat' dir='ltr'>furto</span> <span class='ocrx_word' id='word_1_222' title='bbox 275 1705 509 1746; x_wconf 86' lang='lat' dir='ltr'>reliquiarum</span> <span class='ocrx_word' id='word_1_223' title='bbox 526 1705 563 1736; x_wconf 93' lang='lat' dir='ltr'>in</span> <span class='ocrx_word' id='word_1_224' title='bbox 581 1705 659 1737; x_wconf 84' lang='lat' dir='ltr'>loeo</span> <span class='ocrx_word' id='word_1_225' title='bbox 677 1705 929 1737; x_wconf 85' lang='lat' dir='ltr'>heremitarum</span> <span class='ocrx_word' id='word_1_226' title='bbox 954 1705 981 1737; x_wconf 87' lang='lat' dir='ltr'>li</span> <span class='ocrx_word' id='word_1_227' title='bbox 1000 1714 1016 1746; x_wconf 94' lang='lat' dir='ltr'>J</span> <span class='ocrx_word' id='word_1_228' title='bbox 1054 1706 1317 1737; x_wconf 84' lang='lat' dir='ltr'>Monasterium</span> <span class='ocrx_word' id='word_1_229' title='bbox 1335 1706 1485 1738; x_wconf 82' lang='lat' dir='ltr'>beatiss.</span> <span class='ocrx_word' id='word_1_230' title='bbox 1499 1706 1612 1737; x_wconf 87' lang='lat' dir='ltr'>marie</span> <span class='ocrx_word' id='word_1_231' title='bbox 1630 1706 1796 1747; x_wconf 77' lang='lat' dir='ltr'>virginis,</span> 
     </span>
    </p>

    <p class='ocr_par' dir='ltr' id='par_1_21' title="bbox 79 1761 1743 1804">
     <span class='ocr_line' id='line_1_27' title="bbox 79 1761 1743 1804; baseline -0.001 -10"><span class='ocrx_word' id='word_1_232' title='bbox 79 1761 216 1794; x_wconf 84' lang='lat' dir='ltr'>Contra</span> <span class='ocrx_word' id='word_1_233' title='bbox 241 1761 420 1804; x_wconf 83' lang='lat' dir='ltr'>quendam</span> <span class='ocrx_word' id='word_1_234' title='bbox 446 1761 640 1803; x_wconf 88' lang='lat' dir='ltr'>superbum</span> <span class='ocrx_word' id='word_1_235' title='bbox 671 1761 842 1794; x_wconf 87' lang='lat' dir='ltr'>clericum</span> <span class='ocrx_word' id='word_1_236' title='bbox 958 1761 984 1793; x_wconf 91' lang='lat' dir='ltr'>li</span> <span class='ocrx_word' id='word_1_237' title='bbox 1005 1770 1021 1802; x_wconf 94' lang='lat' dir='ltr'>J</span> <span class='ocrx_word' id='word_1_238' title='bbox 1058 1762 1163 1794; x_wconf 80' lang='lat' dir='ltr'>Felix</span> <span class='ocrx_word' id='word_1_239' title='bbox 1190 1765 1316 1794; x_wconf 87' lang='lat' dir='ltr'>cantor</span> <span class='ocrx_word' id='word_1_240' title='bbox 1342 1761 1496 1794; x_wconf 80' lang='lat' dir='ltr'>ecclesie</span> <span class='ocrx_word' id='word_1_241' title='bbox 1521 1762 1743 1793; x_wconf 84' lang='lat' dir='ltr'>thuricensis</span> 
     </span>
    </p>

    <p class='ocr_par' dir='ltr' id='par_1_22' title="bbox 77 1817 1631 1860">
     <span class='ocr_line' id='line_1_28' title="bbox 77 1817 1631 1860; baseline -0.001 -10"><span class='ocrx_word' id='word_1_242' title='bbox 77 1819 210 1850; x_wconf 84' lang='lat' dir='ltr'>Forma</span> <span class='ocrx_word' id='word_1_243' title='bbox 235 1817 498 1859; x_wconf 84' lang='lat' dir='ltr'>appellationis</span> <span class='ocrx_word' id='word_1_244' title='bbox 526 1821 653 1850; x_wconf 89' lang='lat' dir='ltr'>contra</span> <span class='ocrx_word' id='word_1_245' title='bbox 680 1817 902 1850; x_wconf 82' lang='lat' dir='ltr'>cardinalem</span> <span class='ocrx_word' id='word_1_246' title='bbox 956 1818 982 1849; x_wconf 92' lang='lat' dir='ltr'>li</span> <span class='ocrx_word' id='word_1_247' title='bbox 1002 1827 1019 1858; x_wconf 96' lang='lat' dir='ltr'>J</span> <span class='ocrx_word' id='word_1_248' title='bbox 1056 1818 1210 1860; x_wconf 80' lang='lat' dir='ltr'>Magnus</span> <span class='ocrx_word' id='word_1_249' title='bbox 1237 1821 1384 1850; x_wconf 86' lang='lat' dir='ltr'>sanctus</span> <span class='ocrx_word' id='word_1_250' title='bbox 1411 1818 1541 1860; x_wconf 87' lang='lat' dir='ltr'>paulus</span> <span class='ocrx_word' id='word_1_251' title='bbox 1566 1828 1631 1850; x_wconf 85' lang='lat' dir='ltr'>vas</span> 
     </span>
    </p>

    <p class='ocr_par' dir='ltr' id='par_1_23' title="bbox 75 1874 1798 1916">
     <span class='ocr_line' id='line_1_29' title="bbox 75 1874 1798 1916; baseline -0.001 -10"><span class='ocrx_word' id='word_1_252' title='bbox 75 1875 132 1906; x_wconf 90' lang='lat' dir='ltr'>De</span> <span class='ocrx_word' id='word_1_253' title='bbox 156 1874 328 1906; x_wconf 87' lang='lat' dir='ltr'>libertate</span> <span class='ocrx_word' id='word_1_254' title='bbox 353 1874 607 1906; x_wconf 82' lang='lat' dir='ltr'>ecclesiastica</span> <span class='ocrx_word' id='word_1_255' title='bbox 955 1874 981 1905; x_wconf 91' lang='lat' dir='ltr'>li</span> <span class='ocrx_word' id='word_1_256' title='bbox 1001 1883 1017 1914; x_wconf 93' lang='lat' dir='ltr'>J</span> <span class='ocrx_word' id='word_1_257' title='bbox 1054 1875 1221 1906; x_wconf 81' lang='lat' dir='ltr'>Viearius</span> <span class='ocrx_word' id='word_1_258' title='bbox 1245 1875 1438 1906; x_wconf 88' lang='lat' dir='ltr'>reuerendi</span> <span class='ocrx_word' id='word_1_259' title='bbox 1462 1875 1500 1905; x_wconf 89' lang='lat' dir='ltr'>in</span> <span class='ocrx_word' id='word_1_260' title='bbox 1525 1874 1658 1906; x_wconf 86' lang='lat' dir='ltr'>christo</span> <span class='ocrx_word' id='word_1_261' title='bbox 1684 1875 1798 1916; x_wconf 78' lang='lat' dir='ltr'>patris</span> 
     </span>
    </p>

    <p class='ocr_par' dir='ltr' id='par_1_24' title="bbox 77 1930 1476 1970">
     <span class='ocr_line' id='line_1_30' title="bbox 77 1930 1476 1970; baseline -0.001 -8"><span class='ocrx_word' id='word_1_262' title='bbox 77 1931 132 1962; x_wconf 92' lang='lat' dir='ltr'>De</span> <span class='ocrx_word' id='word_1_263' title='bbox 156 1931 253 1963; x_wconf 91' lang='lat' dir='ltr'>bona</span> <span class='ocrx_word' id='word_1_264' title='bbox 280 1933 315 1962; x_wconf 90' lang='lat' dir='ltr'>et</span> <span class='ocrx_word' id='word_1_265' title='bbox 340 1930 438 1962; x_wconf 88' lang='lat' dir='ltr'>mala</span> <span class='ocrx_word' id='word_1_266' title='bbox 464 1931 657 1962; x_wconf 84' lang='lat' dir='ltr'>occasione</span> <span class='ocrx_word' id='word_1_267' title='bbox 957 1931 982 1962; x_wconf 92' lang='lat' dir='ltr'>li</span> <span class='ocrx_word' id='word_1_268' title='bbox 1004 1939 1020 1970; x_wconf 93' lang='lat' dir='ltr'>J</span> <span class='ocrx_word' id='word_1_269' title='bbox 1057 1932 1126 1970; x_wconf 79' lang='lat' dir='ltr'>Qui</span> <span class='ocrx_word' id='word_1_270' title='bbox 1152 1932 1345 1963; x_wconf 87' lang='lat' dir='ltr'>occasione</span> <span class='ocrx_word' id='word_1_271' title='bbox 1373 1930 1416 1962; x_wconf 68' lang='lat' dir='ltr'>da</span> <span class='ocrx_word' id='word_1_272' title='bbox 1440 1932 1476 1961; x_wconf 92' lang='lat' dir='ltr'>in</span> 
     </span>
    </p>

    <p class='ocr_par' dir='ltr' id='par_1_25' title="bbox 77 1981 1598 2032">
     <span class='ocr_line' id='line_1_31' title="bbox 77 1981 1598 2032; baseline -0.002 -13"><span class='ocrx_word' id='word_1_273' title='bbox 77 1989 132 2019; x_wconf 92' lang='lat' dir='ltr'>De</span> <span class='ocrx_word' id='word_1_274' title='bbox 159 1987 341 2029; x_wconf 88' lang='lat' dir='ltr'>emptione</span> <span class='ocrx_word' id='word_1_275' title='bbox 367 1987 410 2018; x_wconf 90' lang='lat' dir='ltr'>de</span> <span class='ocrx_word' id='word_1_276' title='bbox 435 1981 497 2018; x_wconf 64' lang='lat' dir='ltr'>v“e⁶</span> <span class='ocrx_word' id='word_1_277' title='bbox 524 1988 604 2025; x_wconf 79' lang='lat' dir='ltr'>vin9</span> <span class='ocrx_word' id='word_1_278' title='bbox 630 1998 651 2029; x_wconf 91' lang='lat' dir='ltr'>p</span> <span class='ocrx_word' id='word_1_279' title='bbox 676 1997 714 2032; x_wconf 61' lang='lat' dir='ltr'>gg</span> <span class='ocrx_word' id='word_1_280' title='bbox 958 1987 984 2017; x_wconf 90' lang='lat' dir='ltr'>li</span> <span class='ocrx_word' id='word_1_281' title='bbox 1003 1995 1019 2025; x_wconf 95' lang='lat' dir='ltr'>J</span> <span class='ocrx_word' id='word_1_282' title='bbox 1058 1986 1123 2026; x_wconf 74' lang='lat' dir='ltr'>Qrii</span> <span class='ocrx_word' id='word_1_283' title='bbox 1154 1990 1322 2028; x_wconf 83' lang='lat' dir='ltr'>patenter</span> <span class='ocrx_word' id='word_1_284' title='bbox 1349 1987 1598 2018; x_wconf 83' lang='lat' dir='ltr'>accusatorius</span> 
     </span>
    </p>

    <p class='ocr_par' dir='ltr' id='par_1_26' title="bbox 78 2042 1021 2083">
     <span class='ocr_line' id='line_1_32' title="bbox 78 2042 1021 2083; baseline -0.002 -7"><span class='ocrx_word' id='word_1_285' title='bbox 78 2045 133 2076; x_wconf 88' lang='lat' dir='ltr'>De</span> <span class='ocrx_word' id='word_1_286' title='bbox 157 2042 350 2075; x_wconf 86' lang='lat' dir='ltr'>nobilitate</span> <span class='ocrx_word' id='word_1_287' title='bbox 959 2043 985 2074; x_wconf 89' lang='lat' dir='ltr'>li</span> <span class='ocrx_word' id='word_1_288' title='bbox 1005 2052 1021 2083; x_wconf 94' lang='lat' dir='ltr'>J</span> 
     </span>
    </p>

    <p class='ocr_par' dir='ltr' id='par_1_27' title="bbox 78 2099 1672 2141">
     <span class='ocr_line' id='line_1_33' title="bbox 78 2099 1672 2141; baseline -0.001 -10"><span class='ocrx_word' id='word_1_289' title='bbox 78 2100 133 2131; x_wconf 93' lang='lat' dir='ltr'>De</span> <span class='ocrx_word' id='word_1_290' title='bbox 161 2099 408 2131; x_wconf 86' lang='lat' dir='ltr'>contractibus</span> <span class='ocrx_word' id='word_1_291' title='bbox 436 2109 502 2140; x_wconf 90' lang='lat' dir='ltr'>que</span> <span class='ocrx_word' id='word_1_292' title='bbox 529 2100 697 2141; x_wconf 85' lang='lat' dir='ltr'>obstagia</span> <span class='ocrx_word' id='word_1_293' title='bbox 724 2099 894 2131; x_wconf 86' lang='lat' dir='ltr'>dicuntur</span> <span class='ocrx_word' id='word_1_294' title='bbox 955 2099 982 2130; x_wconf 90' lang='lat' dir='ltr'>li</span> <span class='ocrx_word' id='word_1_295' title='bbox 1003 2108 1019 2139; x_wconf 90' lang='lat' dir='ltr'>J</span> <span class='ocrx_word' id='word_1_296' title='bbox 1056 2099 1097 2130; x_wconf 90' lang='lat' dir='ltr'>Id</span> <span class='ocrx_word' id='word_1_297' title='bbox 1125 2099 1216 2141; x_wconf 89' lang='lat' dir='ltr'>quod</span> <span class='ocrx_word' id='word_1_298' title='bbox 1243 2099 1337 2141; x_wconf 85' lang='lat' dir='ltr'>apud</span> <span class='ocrx_word' id='word_1_299' title='bbox 1365 2110 1429 2131; x_wconf 86' lang='lat' dir='ltr'>nos</span> <span class='ocrx_word' id='word_1_300' title='bbox 1458 2109 1589 2130; x_wconf 88' lang='lat' dir='ltr'>nouum</span> <span class='ocrx_word' id='word_1_301' title='bbox 1617 2102 1672 2130; x_wconf 81' lang='lat' dir='ltr'>est</span> 
     </span>
    </p>

    <p class='ocr_par' dir='ltr' id='par_1_28' title="bbox 78 2154 1562 2197">
     <span class='ocr_line' id='line_1_34' title="bbox 78 2154 1562 2197; baseline -0.001 -10"><span class='ocrx_word' id='word_1_302' title='bbox 78 2156 133 2187; x_wconf 86' lang='lat' dir='ltr'>De</span> <span class='ocrx_word' id='word_1_303' title='bbox 161 2155 354 2187; x_wconf 84' lang='lat' dir='ltr'>docturatu</span> <span class='ocrx_word' id='word_1_304' title='bbox 380 2157 446 2193; x_wconf 79' lang='lat' dir='ltr'>[sic]</span> <span class='ocrx_word' id='word_1_305' title='bbox 473 2158 509 2187; x_wconf 89' lang='lat' dir='ltr'>in</span> <span class='ocrx_word' id='word_1_306' title='bbox 535 2156 701 2188; x_wconf 89' lang='lat' dir='ltr'>stulticia</span> <span class='ocrx_word' id='word_1_307' title='bbox 957 2154 1018 2196; x_wconf 90' lang='lat' dir='ltr'>liJ</span> <span class='ocrx_word' id='word_1_308' title='bbox 1056 2155 1161 2188; x_wconf 86' lang='lat' dir='ltr'>Dixit</span> <span class='ocrx_word' id='word_1_309' title='bbox 1186 2155 1362 2197; x_wconf 78' lang='lat' dir='ltr'>insipiens</span> <span class='ocrx_word' id='word_1_310' title='bbox 1392 2156 1428 2186; x_wconf 89' lang='lat' dir='ltr'>in</span> <span class='ocrx_word' id='word_1_311' title='bbox 1456 2155 1562 2187; x_wconf 82' lang='lat' dir='ltr'>corde</span> 
     </span>
    </p>

    <p class='ocr_par' dir='ltr' id='par_1_29' title="bbox 80 2210 1608 2253">
     <span class='ocr_line' id='line_1_35' title="bbox 80 2210 1608 2253; baseline 0 -11"><span class='ocrx_word' id='word_1_312' title='bbox 80 2210 217 2243; x_wconf 89' lang='lat' dir='ltr'>Contra</span> <span class='ocrx_word' id='word_1_313' title='bbox 241 2211 384 2252; x_wconf 86' lang='lat' dir='ltr'>iniquos</span> <span class='ocrx_word' id='word_1_314' title='bbox 411 2211 551 2244; x_wconf 90' lang='lat' dir='ltr'>iudices</span> <span class='ocrx_word' id='word_1_315' title='bbox 957 2211 984 2243; x_wconf 90' lang='lat' dir='ltr'>li</span> <span class='ocrx_word' id='word_1_316' title='bbox 1004 2220 1020 2251; x_wconf 92' lang='lat' dir='ltr'>J</span> <span class='ocrx_word' id='word_1_317' title='bbox 1060 2213 1192 2253; x_wconf 88' lang='lat' dir='ltr'>Gyrum</span> <span class='ocrx_word' id='word_1_318' title='bbox 1219 2212 1288 2244; x_wconf 90' lang='lat' dir='ltr'>celi</span> <span class='ocrx_word' id='word_1_319' title='bbox 1314 2212 1503 2243; x_wconf 88' lang='lat' dir='ltr'>circumiui</span> <span class='ocrx_word' id='word_1_320' title='bbox 1529 2211 1608 2242; x_wconf 89' lang='lat' dir='ltr'>sola</span> 
     </span>
    </p>

    <p class='ocr_par' dir='ltr' id='par_1_30' title="bbox 78 2267 1633 2310">
     <span class='ocr_line' id='line_1_36' title="bbox 78 2267 1633 2310; baseline -0.001 -11"><span class='ocrx_word' id='word_1_321' title='bbox 78 2269 134 2300; x_wconf 93' lang='lat' dir='ltr'>De</span> <span class='ocrx_word' id='word_1_322' title='bbox 160 2267 407 2300; x_wconf 86' lang='lat' dir='ltr'>consolatione</span> <span class='ocrx_word' id='word_1_323' title='bbox 432 2269 555 2310; x_wconf 84' lang='lat' dir='ltr'>inique</span> <span class='ocrx_word' id='word_1_324' title='bbox 581 2278 833 2310; x_wconf 89' lang='lat' dir='ltr'>oppressorum</span> <span class='ocrx_word' id='word_1_325' title='bbox 955 2268 983 2299; x_wconf 90' lang='lat' dir='ltr'>li</span> <span class='ocrx_word' id='word_1_326' title='bbox 1055 2268 1235 2300; x_wconf 84' lang='lat' dir='ltr'>Anxiatus</span> <span class='ocrx_word' id='word_1_327' title='bbox 1262 2271 1317 2299; x_wconf 86' lang='lat' dir='ltr'>est</span> <span class='ocrx_word' id='word_1_328' title='bbox 1342 2268 1378 2298; x_wconf 90' lang='lat' dir='ltr'>in</span> <span class='ocrx_word' id='word_1_329' title='bbox 1404 2278 1459 2298; x_wconf 88' lang='lat' dir='ltr'>mc</span> <span class='ocrx_word' id='word_1_330' title='bbox 1487 2268 1633 2308; x_wconf 77' lang='lat' dir='ltr'>spiritus</span> 
     </span>
    </p>
   </div>
   <div class='ocr_carea' id='block_1_4' title="bbox 78 2323 1799 2412">
    <p class='ocr_par' dir='ltr' id='par_1_31' title="bbox 78 2323 1799 2412">
     <span class='ocr_line' id='line_1_37' title="bbox 80 2323 1799 2366; baseline -0.001 -10"><span class='ocrx_word' id='word_1_331' title='bbox 80 2323 213 2356; x_wconf 85' lang='lat' dir='ltr'>Cetera</span> <span class='ocrx_word' id='word_1_332' title='bbox 244 2333 313 2364; x_wconf 88' lang='lat' dir='ltr'>quc</span> <span class='ocrx_word' id='word_1_333' title='bbox 350 2325 553 2366; x_wconf 89' lang='lat' dir='ltr'>composuit</span> <span class='ocrx_word' id='word_1_334' title='bbox 590 2324 636 2356; x_wconf 90' lang='lat' dir='ltr'>ad</span> <span class='ocrx_word' id='word_1_335' title='bbox 670 2324 844 2356; x_wconf 88' lang='lat' dir='ltr'>noticiam</span> <span class='ocrx_word' id='word_1_336' title='bbox 881 2334 998 2356; x_wconf 86' lang='lat' dir='ltr'>meam</span> <span class='ocrx_word' id='word_1_337' title='bbox 1036 2324 1192 2356; x_wconf 89' lang='lat' dir='ltr'>nondum</span> <span class='ocrx_word' id='word_1_338' title='bbox 1224 2328 1404 2356; x_wconf 84' lang='lat' dir='ltr'>venerunt</span> <span class='ocrx_word' id='word_1_339' title='bbox 1466 2323 1607 2355; x_wconf 80' lang='lat' dir='ltr'>Claruit</span> <span class='ocrx_word' id='word_1_340' title='bbox 1638 2327 1799 2365; x_wconf 82' lang='lat' dir='ltr'>tempore</span> 
     </span>
     <span class='ocr_line' id='line_1_38' title="bbox 78 2380 389 2412; baseline -0.003 0"><span class='ocrx_word' id='word_1_341' title='bbox 78 2380 201 2412; x_wconf 88' lang='lat' dir='ltr'>iubilei</span> <span class='ocrx_word' id='word_1_342' title='bbox 230 2380 389 2412; x_wconf 83' lang='lat' dir='ltr'>vltimi.“</span> 
     </span>
    </p>
   </div>
   <div class='ocr_carea' id='block_1_5' title="bbox 80 2459 1800 2905">
    <p class='ocr_par' dir='ltr' id='par_1_32' title="bbox 80 2459 1800 2905">
     <span class='ocr_line' id='line_1_39' title="bbox 80 2459 1797 2511; baseline -0.001 -13"><span class='ocrx_word' id='word_1_343' title='bbox 80 2467 471 2499; x_wconf 82' lang='lat' dir='ltr'>MAMMOTRECTVS.</span> <span class='ocrx_word' id='word_1_344' title='bbox 522 2461 670 2498; x_wconf 85' lang='lat' dir='ltr'>Mirum</span> <span class='ocrx_word' id='word_1_345' title='bbox 699 2461 861 2499; x_wconf 83' lang='lat' dir='ltr'>videtur</span> <span class='ocrx_word' id='word_1_346' title='bbox 889 2461 965 2499; x_wconf 87' lang='lat' dir='ltr'>hoc</span> <span class='ocrx_word' id='word_1_347' title='bbox 996 2474 1145 2498; x_wconf 82' lang='lat' dir='ltr'>nomen</span> <span class='ocrx_word' id='word_1_348' title='bbox 1166 2462 1207 2498; x_wconf 88' lang='lat' dir='ltr'>in</span> <span class='ocrx_word' id='word_1_349' title='bbox 1229 2461 1336 2511; x_wconf 83' lang='lat' dir='ltr'>Epp.</span> <span class='ocrx_word' id='word_1_350' title='bbox 1361 2459 1409 2498; x_wconf 91' lang='lat' dir='ltr'>O.</span> <span class='ocrx_word' id='word_1_351' title='bbox 1433 2461 1482 2497; x_wconf 88' lang='lat' dir='ltr'>V.</span> <span class='ocrx_word' id='word_1_352' title='bbox 1506 2473 1589 2496; x_wconf 87' lang='lat' dir='ltr'>non</span> <span class='ocrx_word' id='word_1_353' title='bbox 1611 2460 1689 2497; x_wconf 85' lang='lat' dir='ltr'>nisi</span> <span class='ocrx_word' id='word_1_354' title='bbox 1711 2465 1797 2496; x_wconf 84' lang='lat' dir='ltr'>tan-</span> 
     </span>
     <span class='ocr_line' id='line_1_40' title="bbox 82 2516 1796 2568; baseline -0.002 -13"><span class='ocrx_word' id='word_1_355' title='bbox 82 2531 203 2568; x_wconf 86' lang='lat' dir='ltr'>quam</span> <span class='ocrx_word' id='word_1_356' title='bbox 233 2531 467 2568; x_wconf 73' lang='lat' dir='ltr'>praenomen</span> <span class='ocrx_word' id='word_1_357' title='bbox 496 2518 578 2555; x_wconf 77' lang='lat' dir='ltr'>fieti</span> <span class='ocrx_word' id='word_1_358' title='bbox 610 2518 819 2555; x_wconf 85' lang='lat' dir='ltr'>cuiusdam</span> <span class='ocrx_word' id='word_1_359' title='bbox 840 2518 1172 2563; x_wconf 78' lang='lat' dir='ltr'>Bnntemantelli,</span> <span class='ocrx_word' id='word_1_360' title='bbox 1206 2516 1572 2566; x_wconf 81' lang='lat' dir='ltr'>Heidelbergensis</span> <span class='ocrx_word' id='word_1_361' title='bbox 1604 2516 1796 2565; x_wconf 80' lang='lat' dir='ltr'>magistri,</span> 
     </span>
     <span class='ocr_line' id='line_1_41' title="bbox 81 2569 1798 2624; baseline -0.002 -13"><span class='ocrx_word' id='word_1_362' title='bbox 81 2574 164 2624; x_wconf 84' lang='lat' dir='ltr'>legi</span> <span class='ocrx_word' id='word_1_363' title='bbox 197 2569 486 2622; x_wconf 64' lang='lat'>(1).49¹⁶.51⁶)‚</span> <span class='ocrx_word' id='word_1_364' title='bbox 521 2588 609 2611; x_wconf 86' lang='lat' dir='ltr'>cum</span> <span class='ocrx_word' id='word_1_365' title='bbox 641 2574 709 2610; x_wconf 89' lang='lat' dir='ltr'>illo</span> <span class='ocrx_word' id='word_1_366' title='bbox 742 2580 922 2624; x_wconf 83' lang='lat' dir='ltr'>tempore</span> <span class='ocrx_word' id='word_1_367' title='bbox 954 2574 1300 2619; x_wconf 74' lang='lat' dir='ltr'>Mammotroctus,</span> <span class='ocrx_word' id='word_1_368' title='bbox 1334 2572 1436 2610; x_wconf 84' lang='lat' dir='ltr'>liber</span> <span class='ocrx_word' id='word_1_369' title='bbox 1467 2572 1664 2609; x_wconf 75' lang='lat' dir='ltr'>minoritae</span> <span class='ocrx_word' id='word_1_370' title='bbox 1696 2572 1798 2608; x_wconf 80' lang='lat' dir='ltr'>Mar-</span> 
     </span>
     <span class='ocr_line' id='line_1_42' title="bbox 84 2627 1797 2680; baseline -0.002 -13"><span class='ocrx_word' id='word_1_371' title='bbox 84 2629 272 2675; x_wconf 83' lang='lat' dir='ltr'>chesinii,</span> <span class='ocrx_word' id='word_1_372' title='bbox 314 2629 529 2679; x_wconf 73' lang='lat' dir='ltr'>Regiensis</span> <span class='ocrx_word' id='word_1_373' title='bbox 560 2629 864 2680; x_wconf 83' lang='lat' dir='ltr'>Langobardi¹‚</span> <span class='ocrx_word' id='word_1_374' title='bbox 899 2630 1122 2667; x_wconf 82' lang='lat' dir='ltr'>secundum</span> <span class='ocrx_word' id='word_1_375' title='bbox 1152 2627 1405 2666; x_wconf 76' lang='lat' dir='ltr'>Fabricium2</span> <span class='ocrx_word' id='word_1_376' title='bbox 1437 2642 1472 2665; x_wconf 82' lang='lat' dir='ltr'>a.</span> <span class='ocrx_word' id='word_1_377' title='bbox 1501 2629 1619 2664; x_wconf 67' lang='lat'><strong>1466.</strong></span> <span class='ocrx_word' id='word_1_378' title='bbox 1648 2628 1797 2673; x_wconf 81' lang='lat' dir='ltr'>finitus,</span> 
     </span>
     <span class='ocr_line' id='line_1_43' title="bbox 82 2684 1798 2735; baseline -0.002 -12"><span class='ocrx_word' id='word_1_379' title='bbox 82 2691 206 2723; x_wconf 77' lang='lat' dir='ltr'>tantae</span> <span class='ocrx_word' id='word_1_380' title='bbox 237 2686 352 2724; x_wconf 83' lang='lat' dir='ltr'>famae</span> <span class='ocrx_word' id='word_1_381' title='bbox 384 2685 525 2731; x_wconf 84' lang='lat' dir='ltr'>fuerit,</span> <span class='ocrx_word' id='word_1_382' title='bbox 565 2691 609 2722; x_wconf 89' lang='lat' dir='ltr'>ut</span> <span class='ocrx_word' id='word_1_383' title='bbox 639 2686 717 2723; x_wconf 89' lang='lat' dir='ltr'>iam</span> <span class='ocrx_word' id='word_1_384' title='bbox 756 2692 851 2723; x_wconf 89' lang='lat' dir='ltr'>ante</span> <span class='ocrx_word' id='word_1_385' title='bbox 889 2686 1078 2724; x_wconf 81' lang='lat' dir='ltr'>saeculum</span> <span class='ocrx_word' id='word_1_386' title='bbox 1108 2698 1188 2723; x_wconf 72' lang='lat' dir='ltr'>xvi.</span> <span class='ocrx_word' id='word_1_387' title='bbox 1221 2691 1364 2735; x_wconf 81' lang='lat' dir='ltr'>quater</span> <span class='ocrx_word' id='word_1_388' title='bbox 1395 2690 1434 2721; x_wconf 89' lang='lat' dir='ltr'>et</span> <span class='ocrx_word' id='word_1_389' title='bbox 1471 2684 1626 2721; x_wconf 87' lang='lat' dir='ltr'>viciens</span> <span class='ocrx_word' id='word_1_390' title='bbox 1665 2684 1798 2733; x_wconf 64' lang='lat' dir='ltr'>prodi&lt;</span> 
     </span>
     <span class='ocr_line' id='line_1_44' title="bbox 82 2740 1798 2792; baseline -0.002 -13"><span class='ocrx_word' id='word_1_391' title='bbox 82 2740 214 2779; x_wconf 46' lang='lat' dir='ltr'>isset?</span> <span class='ocrx_word' id='word_1_392' title='bbox 267 2742 448 2779; x_wconf 86' lang='lat' dir='ltr'>continet</span> <span class='ocrx_word' id='word_1_393' title='bbox 479 2747 613 2779; x_wconf 77' lang='lat' dir='ltr'>autem</span> <span class='ocrx_word' id='word_1_394' title='bbox 644 2742 784 2779; x_wconf 84' lang='lat' dir='ltr'>miram</span> <span class='ocrx_word' id='word_1_395' title='bbox 816 2743 1038 2792; x_wconf 84' lang='lat' dir='ltr'>glossarum</span> <span class='ocrx_word' id='word_1_396' title='bbox 1070 2741 1446 2792; x_wconf 66' lang='lat' dir='ltr'>grammaffimlium,</span> <span class='ocrx_word' id='word_1_397' title='bbox 1489 2740 1798 2789; x_wconf 76' lang='lat' dir='ltr'>exegeticarum,</span> 
     </span>
     <span class='ocr_line' id='line_1_45' title="bbox 83 2797 1799 2848; baseline -0.002 -12"><span class='ocrx_word' id='word_1_398' title='bbox 83 2798 498 2848; x_wconf 84' lang='lat' dir='ltr'>orthographicarum,</span> <span class='ocrx_word' id='word_1_399' title='bbox 533 2798 909 2848; x_wconf 77' lang='lat' dir='ltr'>chronologicarum</span> <span class='ocrx_word' id='word_1_400' title='bbox 940 2799 1189 2848; x_wconf 83' lang='lat' dir='ltr'>aliarumque</span> <span class='ocrx_word' id='word_1_401' title='bbox 1222 2797 1273 2834; x_wconf 86' lang='lat' dir='ltr'>ad</span> <span class='ocrx_word' id='word_1_402' title='bbox 1301 2797 1592 2834; x_wconf 81' lang='lat' dir='ltr'>ecclesiasticas</span> <span class='ocrx_word' id='word_1_403' title='bbox 1625 2797 1799 2846; x_wconf 85' lang='lat' dir='ltr'>antiqui-</span> 
     </span>
     <span class='ocr_line' id='line_1_46' title="bbox 81 2852 1800 2905; baseline -0.002 -13"><span class='ocrx_word' id='word_1_404' title='bbox 81 2860 183 2893; x_wconf 85' lang='lat' dir='ltr'>tates</span> <span class='ocrx_word' id='word_1_405' title='bbox 216 2860 255 2892; x_wconf 85' lang='lat' dir='ltr'>et</span> <span class='ocrx_word' id='word_1_406' title='bbox 286 2854 337 2891; x_wconf 87' lang='lat' dir='ltr'>ad</span> <span class='ocrx_word' id='word_1_407' title='bbox 377 2854 456 2891; x_wconf 81' lang='lat' dir='ltr'>alia</span> <span class='ocrx_word' id='word_1_408' title='bbox 487 2855 755 2905; x_wconf 86' lang='lat' dir='ltr'>spectantium</span> <span class='ocrx_word' id='word_1_409' title='bbox 794 2855 1061 2905; x_wconf 83' lang='lat' dir='ltr'>farraginem,</span> <span class='ocrx_word' id='word_1_410' title='bbox 1094 2853 1366 2891; x_wconf 84' lang='lat' dir='ltr'>Vocabulario</span> <span class='ocrx_word' id='word_1_411' title='bbox 1399 2852 1591 2891; x_wconf 82' lang='lat' dir='ltr'>Guilelmi</span> <span class='ocrx_word' id='word_1_412' title='bbox 1623 2852 1800 2889; x_wconf 84' lang='lat' dir='ltr'>Britonis</span> 
     </span>
    </p>
   </div>
   <div class='ocr_carea' id='block_1_6' title="bbox 171 2946 1799 3120">
    <p class='ocr_par' dir='ltr' id='par_1_33' title="bbox 171 2946 1799 3120">
     <span class='ocr_line' id='line_1_47' title="bbox 172 2946 1799 3013; baseline -0.001 -16"><span class='ocrx_word' id='word_1_413' title='bbox 172 2965 203 3005; x_wconf 85' lang='lat'>1)</span> <span class='ocrx_word' id='word_1_414' title='bbox 224 2965 286 2997; x_wconf 86' lang='lat' dir='ltr'>sed</span> <span class='ocrx_word' id='word_1_415' title='bbox 305 2965 351 2997; x_wconf 90' lang='lat' dir='ltr'>cf.</span> <span class='ocrx_word' id='word_1_416' title='bbox 372 2965 483 2997; x_wconf 87' lang='lat' dir='ltr'>etiam</span> <span class='ocrx_word' id='word_1_417' title='bbox 503 2964 659 3006; x_wconf 77' lang='lat' dir='ltr'>Opzcseoli</span> <span class='ocrx_word' id='word_1_418' title='bbox 675 2966 710 2996; x_wconf 83' lang='grc' dir='ltr'>(ἰί</span> <span class='ocrx_word' id='word_1_419' title='bbox 725 2966 839 2996; x_wconf 63' lang='lat' dir='ltr'>macor—i</span> <span class='ocrx_word' id='word_1_420' title='bbox 855 2964 1010 2997; x_wconf 71' lang='lat' dir='ltr'>Sicilz&#39;ccrzi</span> <span class='ocrx_word' id='word_1_421' title='bbox 1026 2964 1108 2998; x_wconf 85' lang='lat' dir='ltr'>XII.</span> <span class='ocrx_word' id='word_1_422' title='bbox 1130 2966 1202 2996; x_wconf 78' lang='lat'>191.</span> <span class='ocrx_word' id='word_1_423' title='bbox 1301 2963 1333 3004; x_wconf 75' lang='lat'>2)</span> <span class='ocrx_word' id='word_1_424' title='bbox 1353 2963 1447 2994; x_wconf 87' lang='lat' dir='ltr'>Bibl.</span> <span class='ocrx_word' id='word_1_425' title='bbox 1466 2964 1550 3013; x_wconf 62' lang='lat' dir='ltr'>Lat3</span> <span class='ocrx_word' id='word_1_426' title='bbox 1569 2946 1659 2994; x_wconf 85' lang='lat' dir='ltr'>med.</span> <span class='ocrx_word' id='word_1_427' title='bbox 1681 2966 1717 2994; x_wconf 86' lang='lat' dir='ltr'>et</span> <span class='ocrx_word' id='word_1_428' title='bbox 1733 2963 1799 2996; x_wconf 91' lang='lat' dir='ltr'>inf.</span> 
     </span>
     <span class='ocr_line' id='line_1_48' title="bbox 171 3018 1799 3063; baseline -0.002 -10"><span class='ocrx_word' id='word_1_429' title='bbox 171 3024 230 3054; x_wconf 74' lang='lat' dir='ltr'>aet.</span> <span class='ocrx_word' id='word_1_430' title='bbox 250 3022 292 3054; x_wconf 93' lang='lat' dir='ltr'>V.</span> <span class='ocrx_word' id='word_1_431' title='bbox 311 3032 342 3063; x_wconf 89' lang='lat' dir='ltr'>p.</span> <span class='ocrx_word' id='word_1_432' title='bbox 363 3023 416 3053; x_wconf 87' lang='lat'>30.</span> <span class='ocrx_word' id='word_1_433' title='bbox 434 3032 484 3062; x_wconf 88' lang='lat' dir='ltr'>sq.</span> <span class='ocrx_word' id='word_1_434' title='bbox 505 3022 557 3055; x_wconf 82' lang='lat'>67.</span> <span class='ocrx_word' id='word_1_435' title='bbox 689 3020 721 3061; x_wconf 83' lang='lat'>3)</span> <span class='ocrx_word' id='word_1_436' title='bbox 740 3021 847 3052; x_wconf 85' lang='lat' dir='ltr'>Hain.</span> <span class='ocrx_word' id='word_1_437' title='bbox 866 3020 1051 3063; x_wconf 83' lang='lat' dir='ltr'>Repertor.</span> <span class='ocrx_word' id='word_1_438' title='bbox 1072 3025 1119 3052; x_wconf 78' lang='lat'>11⁰.</span> <span class='ocrx_word' id='word_1_439' title='bbox 1142 3021 1417 3052; x_wconf 66' lang='lat'>10551...10574.</span> <span class='ocrx_word' id='word_1_440' title='bbox 1469 3019 1525 3052; x_wconf 83' lang='lat' dir='ltr'>Cf.</span> <span class='ocrx_word' id='word_1_441' title='bbox 1544 3019 1686 3051; x_wconf 82' lang='lat' dir='ltr'>Panzcr</span> <span class='ocrx_word' id='word_1_442' title='bbox 1710 3018 1799 3051; x_wconf 84' lang='lat' dir='ltr'>Ann.</span> 
     </span>
     <span class='ocr_line' id='line_1_49' title="bbox 173 3077 745 3120; baseline 0 -12"><span class='ocrx_word' id='word_1_443' title='bbox 173 3081 247 3119; x_wconf 85' lang='lat' dir='ltr'>typ.</span> <span class='ocrx_word' id='word_1_444' title='bbox 266 3077 306 3108; x_wconf 87' lang='lat' dir='ltr'>V.</span> <span class='ocrx_word' id='word_1_445' title='bbox 326 3089 356 3120; x_wconf 87' lang='lat' dir='ltr'>p.</span> <span class='ocrx_word' id='word_1_446' title='bbox 378 3079 452 3109; x_wconf 68' lang='lat'>297,</span> <span class='ocrx_word' id='word_1_447' title='bbox 474 3088 526 3119; x_wconf 83' lang='lat' dir='ltr'>sq.</span> <span class='ocrx_word' id='word_1_448' title='bbox 554 3078 596 3111; x_wconf 88' lang='lat' dir='ltr'>X.</span> <span class='ocrx_word' id='word_1_449' title='bbox 616 3088 649 3119; x_wconf 80' lang='lat' dir='ltr'>p.</span> <span class='ocrx_word' id='word_1_450' title='bbox 670 3078 745 3109; x_wconf 67' lang='lat'>490.</span> 
     </span>
    </p>
   </div>
  </div>
 </body>
</html>
