2119 3522
314 193 408 237 714
820 206 1084 230 COMMENTARIVS
1107 206 1153 228 AD
1178 207 1249 229 EPP.
1267 207 1298 229 0.
1315 207 1348 229 v.
1372 207 1450 229 vor..
1466 207 1504 229 11.

309 269 394 309 Pag.
411 266 501 302 245.

309 324 328 354 8
352 319 581 362 parrochiam
604 319 762 363 missam]
787 318 1016 362 Messpfarie,
1039 317 1281 361 Messpfarrei.

312 380 352 409 10
375 376 491 409 victas
514 378 547 409 et
571 375 736 419 amictus]
762 375 805 408 ut
827 386 862 418 p.
880 374 990 407 21435.

353 431 482 464 divina
508 456 515 463 .
534 457 541 463 .
569 430 627 464 dei
649 430 717 473 yon]
742 428 789 463 Et
815 429 958 463 ‘divina
981 429 1119 474 gratia'
1146 429 1184 463 et
1211 429 1288 463 ‘dei
1304 430 1442 474 gratia‘
1469 428 1600 474 saepius
1617 429 1654 463 in
1670 429 1726 463 his
1743 429 1908 473 epistolis
1923 430 2014 475 legi—

397 487 474 528 tur,
504 485 569 519 sed
596 484 738 519 ‘divina
762 485 822 519 dei
846 484 984 529 gratia'
1010 496 1084 519 non
1107 484 1177 518 nisi
1201 484 1235 518 h.
1252 484 1278 521 1,

352 552 405 574 me
429 541 568 575 hercule
592 541 646 575 iel
669 541 809 575 medius
831 541 956 585 fidius]
983 540 1028 575 cf.
1046 540 1093 574 ad
1117 540 1299 574 23115·⁵¹1<{·

310 600 347 629 11
374 597 577 631 rarz'uscule
601 624 607 630 .
627 623 659 630 ..
686 597 864 640 avziciose]
891 595 998 630 Nova
1022 596 1190 640 puerilia.

309 655 349 685 12
374 652 653 694 affectionaliter
675 652 895 696 significare]
922 651 1139 694 affectuose,
1166 652 1299 693 amice,
1326 653 1483 696 yeneigst‚
1510 653 1674 697 yiinstigy,
1705 653 1771 687 mit
1798 653 1918 688 Gunst
1942 664 2015 689 ver-

396 708 546 741 melden.
576 708 813 750 affectiomie',
838 717 903 742 eon
927 708 1111 750 affezione.

310 767 349 797 13
373 763 545 797 steteritis
614 763 782 807 animali]
804 764 827 797 i.
846 774 877 798 e.
895 763 1030 805 valeas,
1050 774 1095 797 an
1113 763 1160 797 sis
1177 774 1264 798 sano
1283 774 1434 807 corpore
1454 763 1650 807 animoque
1668 775 1694 798 s.
1712 765 1848 798 mente.
1874 764 1919 799 cf.
1936 777 1970 798 v.
1984 768 2015 799 6.

311 822 349 852 15
375 819 614 863 Lactantius]
647 819 690 853 cf.
715 818 850 853 Institt.
869 819 982 853 divin.
998 832 1035 853 11.
1054 823 1084 854 9.
1106 832 1153 853 1v.
1171 824 1202 854 6.
1255 819 1428 853 Ceterum
1458 818 1643 853 Lactantii
1675 819 1746 854 1001
1776 820 1830 853 ita
1860 819 1907 854 ad
1936 830 2014 854 rem

395 875 595 919 pertinent,
621 876 663 909 ut
686 874 863 919 permulti
888 886 1073 909 sacrarum
1098 875 1362 920 scripturarum
1386 875 1459 909 loci
1483 875 1521 908 in
1544 875 1600 909 his
1626 875 1792 919 epistolis
1817 875 1978 920 allegati.

353 931 599 975 intentionum]
624 931 647 964 i.
666 941 696 964 e.
715 931 839 972 enixo,
871 930 1042 973 adsiduo,
1075 931 1255 976 diligenti.
1282 930 1382 974 quod
1407 930 1604 965 Arnoldice
1638 932 1811 965 convenit
1835 942 1919 965 cum
1943 931 2014 966 for-

396 986 485 1020 mali
510 987 558 1030 (q.
577 998 610 1020 v.
629 987 804 1030 cursoria)
828 986 1000 1024 lectione.
1033 987 1077 1021 cf.
1096 987 1141 1021 ad
1161 988 1242 1022 1817.
1261 988 1368 1021 25817.

310 1046 348 1076 16
375 1042 580 1087 Sapientia]
607 1043 644 1076 la
668 1041 859 1085 Sapienza.
886 1042 930 1076 cf.
949 1042 995 1076 ad
1023 1044 1132 1077 19727.

309 1101 437 1132 17...21
463 1102 663 1141 apportans
682 1125 690 1132 .
705 1125 712 1132 .
727 1125 735 1133 .
757 1098 943 1142 Gratiam]
968 1097 1055 1132 Haec
1081 1098 1229 1132 confuse
1256 1098 1420 1142 cogitata
1449 1098 1662 1143 perplexius
1686 1099 1786 1133 dicta
1810 1100 1905 1134 sunt.
1929 1110 2015 1133 nam

396 1153 551 1187 sociolus
581 1164 705 1188 secum
736 1153 901 1187 habebat
930 1153 1104 1197 epistolas
1130 1153 1169 1187 O.
1188 1153 1232 1187 V.
1251 1154 1491 1197 (‘apportans
1523 1154 1695 1199 epistolia
1723 1155 1910 1197 missiva’,
1943 1156 1966 1189 i.
1985 1166 2015 1189 e.

396 1209 609 1253 exemplum
635 1209 722 1243 edit.
743 1213 788 1251 1.‚
821 1209 921 1252 quod
946 1210 1002 1243 est
1025 1209 1123 1243 idem
1156 1210 1266 1253 atque
1294 1209 1507 1253 ‘impressus
1539 1211 1618 1244 arte
1650 1210 1892 1245 characterali
1922 1222 2016 1244 unus

394 1264 551 1298 libr-ulus
581 1265 738 1308 qui
758 1265 916 1308 intus’),
949 1276 1029 1308 quae
1061 1265 1212 1308 quidem
1245 1265 1453 1299 ‘hincinde'
1484 1265 1508 1299 i.
1526 1277 1556 1300 e.
1582 1266 1710 1300 ‘variis
1733 1266 1824 1301 locis
1855 1267 2015 1300 01510111-

394 1320 580 1364 poribus',
613 1321 655 1354 ut
684 1320 875 1364 inscriptio
901 1320 1154 1365 exemplorum
1189 1325 1284 1356 1...3.
1301 1321 1435 1364 habet)
1469 1321 1702 1366 ‘astipulata'
1737 1322 1780 1365 (1.
1798 1333 1828 1356 e.
1848 1322 1982 1356 ι11113300
1993 1323 2014 1364 ’,

394 1377 437 1409 ut
462 1376 618 1420 exempl.
639 1379 666 1410 1.
684 1376 829 1418 habet),
856 1376 920 1410 sed
942 1387 1015 1410 non
1043 1376 1128 1410 ‘sibi
1148 1377 1184 1419 (i.
1203 1388 1233 1411 e.
1251 1377 1437 1420 sociolo)',
1464 1377 1529 1411 sed
1555 1377 1619 1411 ‘ad
1640 1405 1647 1411 .
1663 1405 1692 1412 ..
1713 1377 1908 1412 Ortvinum
1927 1377 2015 1412 Gra-

395 1432 507 1465 tium’
534 1432 650 1466 11113300
683 1433 798 1466 erant.
823 1432 900 1476 ipse
926 1432 1111 1466 Arnoldus
1142 1432 1307 1467 nondum
1331 1432 1477 1467 viderat
1502 1433 1714 1477 exemplum
1739 1433 1804 1476 (cf.
1823 1432 2015 1477 Conspeet.

396 1487 557 1522 chronol.
581 1500 615 1532 p.
638 1492 709 1522 140.
728 1488 761 1521 (1.
779 1492 809 1522 9.
828 1488 921 1532 Aug.
941 1498 971 1521 a.
992 1490 1126 1531 1516.)‚
1160 1488 1223 1522 sed
1249 1489 1403 1523 sociolus
1435 1489 1498 1532 qui
1527 1489 1567 1522 id
1595 1489 1774 1530 habebat,
1806 1488 2015 1523 mirabilem

395 1554 474 1577 rem
500 1545 533 1577 ei
558 1545 784 1578 narraverat.

308 1603 346 1633 17
374 1600 538 1642 epistolia
559 1626 566 1634 .
583 1627 611 1633 ..
632 1600 853 1644 astipulata]
888 1601 1071 1644 ‘epistolae
1098 1628 1127 1635 ..
1153 1600 1263 1634 variis
1295 1602 1333 1635 et
1362 1601 1451 1635 10013
1484 1602 1522 1635 et
1550 1600 1781 1644 temporibus
1811 1601 1948 1635 missae'
1975 1601 2017 1634 ut

394 1655 514 1699 prima
539 1655 710 1699 exempla
733 1656 882 1697 habent,
910 1656 985 1690 sive
1013 1656 1186 1690 ι1110111100
1207 1683 1214 1690 .
1230 1684 1258 1689 ..
1280 1656 1510 1699 destinatae',
1536 1657 1578 1690 ut
1602 1668 1635 1690 v.
1650 1660 1703 1690 22.
1717 1667 1768 1700 sq.
1787 1657 1851 1691 est.
1902 1656 2016 1690 ‘Asti-

394 1710 541 1754 pulata’
573 1711 608 1745 h.
632 1711 655 1744 l.
679 1712 840 1755 positum
873 1722 950 1746 esse
982 1711 1130 1745 videtur
1160 1723 1201 1745 00
1233 1712 1262 1745 31
1293 1712 1538 1757 compositum
1571 1713 1667 1746 esset
1703 1723 1746 1746 ex
1779 1713 1828 1746 aa
1860 1713 1898 1746 et
1925 1713 2016 1755 stips

396 1766 636 1809 (Beisteueiy;
660 1767 776 1811 possis
802 1768 927 1801 autem
957 1767 1022 1801 has
1047 1768 1158 1802 tricas
1189 1768 1302 1802 etiam
1327 1768 1377 1801 sic
1404 1768 1595 1810 extricare,
1628 1767 1795 1812 stipulari
1822 1768 1917 1810 (sich
1941 1779 2015 1802 ver-

392 1823 560 1866 spreehen
586 1823 710 1866 Iassen)
736 1834 802 1867 pro
828 1824 973 1867 passivo
999 1823 1194 1867 sumpsisse
1221 1824 1453 1867 scriptorem3
1486 1823 1572 1858 inde
1599 1823 1862 1867 ‘adstipulare'
1881 1840 1924 1852 =
1940 1824 2017 1858 sich

393 1888 598 1913 zusammen
634 1880 865 1922 i·erspreehen
901 1879 1020 1922 Zassen.
1061 1899 1103 1903 —
1139 1879 1309 1914 Diefenb.
1335 1879 1491 1914 Glossar.
1516 1879 1774 1923 ‚,Astipulare,
1813 1879 2014 1923 astipolau,

394 1934 571 1978 astiplari‚
594 1962 622 1968 ..
644 1935 873 1979 asstipulare,
895 1962 925 1970 ..
944 1936 1136 1977 iomar-ten,
1160 1936 1302 1978 helffen,
1327 1935 1497 1977 behelfen,
1515 1936 1718 1979 besteti'gyeii,
1743 1946 1811 1979 eyn
1828 1938 2015 1969 testameiit

393 1991 552 2032 macheu,
576 1991 719 2034 qeloben
742 1992 807 2025 mit
831 1991 971 2025 Ieenden
995 1992 1081 2025 oder
1104 1992 1169 2025 mit
1195 1991 1273 2025 dem
1297 1991 1424 2033 mund,
1448 1991 1669 2036 i·e7·ii·illi'qeti
1689 1991 1763 2025 ..“.

306 2050 345 2079 19
370 2050 448 2080 arte
477 2047 735 2091 charaeta-ali]
771 2047 1030 2092 typographia.
1085 2047 1283 2082 Character
1318 2058 1392 2081 non
1428 2046 1547 2080 solum
1582 2047 1684 2091 ligno
1720 2046 1919 2081 metallove
1956 2058 2014 2081 ex-

392 2112 518 2146 pressa
549 2102 613 2136 sed
639 2104 769 2146 quovis
801 2102 927 2145 modo,
962 2103 1074 2137 etiam
1098 2114 1210 2137 manu
1242 2104 1379 2147 scripta
1408 2103 1544 2137 litterae
1575 2103 1694 2137 forma
1724 2103 1789 2136 est.
1838 2102 2013 2137 Catholic.

394 2157 614 2201 „charae-to,
641 2160 713 2201 tas,
739 2161 762 2193 i.
781 2170 810 2193 e.
829 2159 987 2193 scribere
1014 2160 1051 2193 et
1076 2170 1097 2193 a
1121 2159 1312 2193 character
1342 2159 1482 2193 dictum
1513 2160 1604 2193 est.“
1651 2157 1753 2192 Nihil
1777 2157 1825 2191 ad
1848 2169 1926 2192 rem
1950 2169 2014 2192 no-

393 2215 505 2248 stram
530 2214 636 2257 facit,
671 2214 771 2258 quod
794 2215 894 2249 istud
919 2214 1131 2255 charactare
1157 2226 1177 2249 0
1203 2214 1330 2249 Graeco
1357 2211 1527 2259 χαράττω
1553 2214 1813 2249 deducendum
1838 2215 1928 2248 erat.
1969 2214 2014 2248 cf.

393 2269 563 2305 Diefenb.
583 2269 739 2304 Glossar.
759 2271 843 2304 artt.
862 2270 1024 2313 Carater,
1052 2270 1270 2305 Charaxare.

305 2329 344 2358 21
371 2326 457 2360 talis
476 2353 483 2359 .
500 2353 528 2359 ..
549 2326 838 2370 iiztelliyendum]
864 2326 928 2360 ille
955 2326 1249 2370 (sociolus)1nihi
1273 2327 1434 2369 rettulit,
1460 2327 1526 2361 wie
1550 2326 1620 2360 mir
1636 2326 1741 2369 jener
1764 2335 1810 2360 zu
1833 2326 2014 2360 versteheii

391 2382 541 2426 yeyeben
564 2382 638 2415 hai.

303 2441 345 2472 23
371 2438 549 2472 etiam
570 2438 682 2482 inias]
708 2439 891 2482 recepisti,
918 2438 1105 2472 inseruisti
1128 2448 1249 2472 meam
1275 2448 1422 2481 quoque
1449 2437 1660 2482 epistolam:
1687 2437 1714 2471 1.
1734 2441 1783 2471 10.

303 2496 346 2527 24
369 2493 476 2527 valde
489 2520 496 2527 .
512 2520 519 2528 .
535 2520 541 2527 .
556 2493 792 2538 stupefactas]
810 2495 889 2528 sehr
905 2494 1195 2529 wmaerbarlich
1213 2497 1386 2528 erstaunt.
1434 2493 1562 2528 Potius
1579 2492 1749 2538 stupidus
1766 2492 1884 2527 factus
1901 2504 2013 2537 quam
2038 2503 2041 2505 ·

392 2549 619 2593 stupefactus
645 2560 698 2591 es,
724 2549 898 2584 Arnolde.

304 2609 346 2639 25
370 2605 625 2650 sesquipedali]
651 2606 696 2639 cf.
716 2607 823 2641 19811.
843 2607 881 2639 et
903 2616 977 2649 seq.
996 2618 1027 2639 v.
1043 2610 1095 2640 29.

303 2664 345 2693 26
370 2660 570 2695 habueritis
593 2662 684 2696 seire
709 2662 783 2706 ete]
809 2660 987 2705 profiteor
1011 2661 1169 2706 gratiam
1194 2662 1264 2696 tibi
1287 2673 1346 2696 me
1371 2662 1575 2696 relaturum
1601 2672 1690 2696 esse.

304 2720 345 2750 27
364 2727 432 2759 per
457 2718 580 2762 totum]
606 2717 763 2761 penitus.
811 2717 978 2751 Fortasse
1003 2718 1122 2751 totam
1147 2718 1347 2752 Alexandri
1371 2718 1521 2752 tertiam
1545 2718 1691 2762 partem
1716 2716 1938 2761 perlegerat.

303 2774 346 2805 28
371 2772 574 2817 artificiolo]
599 2772 740 2807 Blande
766 2785 849 2807 cum
874 2775 1101 2817 praeceptore
1128 2784 1192 2808 suo
1216 2774 1372 2818 poeticae
1396 2773 1561 2817 loquitur
1585 2773 1709 2816 stipes

349 2827 455 2861 aliter
477 2828 636 2873 stilatzcs]
667 2828 808 2863 scilicet
834 2829 1018 2863 scribendi
1043 2830 1121 2863 arte
1151 2829 1344 2864 excellens.
1394 2829 1526 2863 Stilare
1554 2839 1621 2873 pro
1648 2827 1790 2862 ‘stilum
1819 2827 2010 2863 emittere'

394 2883 587 2927 usurpavit
611 2884 760 2928 quidem
779 2884 999 2926 Columella,
1026 2884 1090 2919 sed
1115 2885 1229 2919 verbo
1253 2886 1322 2927 ita,
1349 2887 1392 2919 ut
1407 2884 1592 2919 Arnoldus
1609 2884 1708 2927 fecit,
1734 2894 1843 2918 nemo
1860 2883 1931 2918 nisi
1948 2883 2011 2928 qui

395 2938 449 2971 ‘in
474 2938 653 2982 qualitate
679 2940 846 2974 animali'
874 2951 947 2974 non
971 2940 1066 2975 bene
1091 2941 1247 2983 steterit,
1273 2941 1330 2974 uti
1352 2940 1485 2985 potuit.
