2119 3522
320 224 410 267 1⁴88
720 237 885 259 ADDENDA
910 237 951 257 ET
975 236 1187 258 EMENDANDA
1211 236 1257 257 AD
1283 236 1380 259 11V'r'r.
1399 236 1469 258 OPP.
1495 236 1572 258 ΥΟΕ.
1590 236 1613 257 Ῑ.

316 350 419 383 XX*.
460 351 547 382 Cum
573 347 726 382 XIIlssss.
745 359 788 380 ex
821 349 946 381 eodem
978 349 1154 391 principis
1185 349 1326 381 Alberti
1357 348 1654 390 chartophylacio
1688 349 1774 380 mihi
1805 350 2020 381 transmissa

315 412 370 438 est
395 407 471 438 haec
497 405 653 447 epistola
679 406 755 436 sine
782 404 890 436 dubio
909 404 1055 436 Alberto
1073 404 1415 445 Brandenburgensi
1439 415 1554 446 nuper
1579 404 1854 446 archiepiscopo
1872 405 2022 446 Mogun—

312 464 388 493 tino
416 462 515 493 facto
543 460 607 503 [cf.
627 460 777 495 v01.111.
797 471 830 502 p.
849 457 942 501 353]
971 461 1125 501 scripta,
1154 461 1255 492 cuius
1279 461 1470 502 inscriptio
1496 471 1566 492 non
1593 463 1704 492 extat.

312 631 398 670 I'ag.
418 631 471 662 34.
493 632 576 660 ante
602 640 636 660 n.
653 628 771 660 XXII.
791 629 909 659 insere
934 625 1056 658 XXV.
1083 627 1192 659 Hessi
1217 627 1262 659 ad
1281 626 1503 669 Capnioncm
1529 628 1634 669 epist.
1654 627 1686 661 d.
1705 629 1736 662 6,
1754 627 1832 661 Ian.
1854 628 1947 660 1515.
1967 638 2019 659 re-

404 685 553 726 petitam
579 684 650 716 vol.
668 685 695 715 I.
714 695 749 726 p.
768 685 834 715 453
847 684 964 715 ...455

313 746 402 786 Pag.
424 747 476 777 39.
494 756 526 779 v.
542 747 572 777 4.
595 745 639 777 ad
666 754 892 781 MARQVARDO
918 755 963 775 DE
989 754 1174 776 nA'rsrmx
1201 743 1352 775 adnota:
1385 743 1431 775 cf.
1451 743 1521 776 vol.
1540 744 1587 778 II.
1607 754 1639 785 p.
1659 745 1733 778 161.
1752 755 1804 775 vv.
1822 751 1864 775 35.
1883 753 1958 786 sqq.
1986 747 2022 776 et

402 801 446 832 ad
465 812 516 832 vv.
536 810 661 833 11...21.
682 800 762 832 vide
780 810 874 832 varr.
893 799 993 834 lectt.
1013 799 1082 832 vol.
1099 800 1167 832 III.
1185 811 1218 842 p.
1233 810 1308 831 xxx.
1329 800 1544 840 exscriptas.

312 863 404 904 Pag,
420 864 474 894 40.
496 866 581 894 ante
607 873 702 894 num.
722 862 851 894 XXVI.
871 862 992 893 insere
1017 861 1115 892 XXV
1125 859 1155 895 ³².
1181 861 1332 893 Roberti
1350 860 1545 902 Wingfield
1571 861 1616 892 ad
1641 861 1838 893 Henricum
1861 871 1947 892 vm.
1967 872 2020 903 ep.

401 918 524 950 datam
543 920 595 951 20.
614 918 701 953 Mai,
721 919 816 950 1515.
834 918 1027 959 repetitam
1046 917 1114 949 vol.
1136 919 1177 950 V.
1196 928 1230 958 p.
1249 917 1324 948 506.
1350 916 1449 952 XXV
1459 914 1513 950 *ἢ
1531 916 1632 948 Croti
1658 917 1703 948 ad
1722 917 1921 948 Matianum
1947 918 2021 958 epi—

404 974 535 1006 stolam
563 974 595 1006 (1.
616 976 668 1008 11.
686 974 764 1006 Iun.
784 973 831 1013 (a.
851 973 962 1013 1515.)
983 973 1172 1015 scriptam,
1201 982 1305 1013 quam
1331 971 1508 1004 edidimus
1533 972 1601 1004 vol.
1618 973 1683 1004 ΙΙΙ.
1701 983 1734 1014 p.
1752 973 1827 1004 543.
1847 983 1898 1014 sq.

311 1035 366 1067 Ad
392 1046 500 1077 pagg.
518 1037 668 1069 40...54.
689 1035 735 1067 cf.
754 1045 849 1066 varr.
869 1034 967 1067 lectt.
994 1045 1036 1066 ex
1062 1034 1218 1066 Hutteni
1244 1034 1470 1075 autographo
1496 1034 1735 1075 transcriptas
1759 1034 1833 1067 vol.
1851 1034 1915 1066 III.
1935 1045 2020 1076 pag.

401 1102 491 1122 xxn.
509 1102 620 1122 XXIII.

313 1154 403 1194 Pag.
420 1154 475 1184 43.
495 1152 540 1184 ad
557 1153 575 1191 ξ
593 1154 648 1185 32.
667 1151 877 1184 adnotanda
903 1151 984 1183 vide
1010 1151 1079 1183 vol.
1097 1151 1163 1182 III.
1181 1162 1214 1193 p.
1234 1152 1309 1184 544.
1330 1161 1406 1193 sqq.

311 1214 399 1255 Pag.
416 1215 471 1245 45.
490 1214 534 1245 ad
552 1214 570 1252 ξ
589 1215 642 1246 56.
664 1213 754 1244 adde
773 1217 911 1244 notam:
937 1214 1132 1254 Postquam
1159 1223 1237 1254 quae
1264 1212 1400 1244 habere
1426 1212 1557 1244 debeat
1580 1213 1802 1245 universitas
1826 1212 1936 1255 plena
1962 1224 2020 1245 ex-

400 1270 521 1311 posuit
551 1268 776 1300 Mosellanus
809 1268 932 1308 (ΡΕΤΚΙ
959 1278 1169 1300 MOSELLANI
1203 1269 1473 1310 PROTEGnN-lsis
1504 1278 1743 1309 PAEDOLOGIA,
1774 1269 1844 1300 iam
1876 1269 2020 1308 iterum,
2079 1298 2082 1299 γ

401 1336 471 1357 vna
493 1323 497 1367 Ι
521 1335 600 1357 cum
626 1324 772 1356 scholiis
797 1324 834 1355 in
859 1324 938 1356 loco
956 1324 1129 1366 appositis
1146 1325 1259 1366 edita,
1283 1322 1288 1364 Ι
1311 1324 1467 1356 adiectis
1492 1325 1641 1366 insuper
1658 1334 1832 1357 D1ALOG1S
1855 1324 1860 1366 Ι
1882 1325 2020 1357 duobus

400 1387 461 1414 ete.
512 1381 555 1412 In
575 1383 643 1421 fine
669 1381 822 1421 Lipsiae,
849 1391 892 1412 ex
918 1380 1069 1412 officina
1094 1380 1301 1412 Melchioris
1326 1379 1503 1412 Lottheri.
1528 1378 1533 1421 Ι
1554 1380 1657 1411 Anno
1682 1376 1789 1412 dfiico
1814 1380 1862 1414 M.
1880 1379 1924 1412 D.
1941 1380 2019 1411 XX.

398 1437 444 1468 4⁰.
461 1447 566 1479 pagg.
584 1436 733 1478 E4.sq.)
752 1437 804 1467 ita
822 1436 957 1477 pergit:
983 1437 1231 1478 „Quanquam
1251 1439 1371 1467 autem
1392 1435 1626 1476 Gymnasium
1653 1436 1846 1476 eiusmodi,
1872 1436 2021 1467 minoris

399 1494 538 1534 negotii
565 1496 622 1524 est
647 1492 869 1532 describere,
904 1501 1009 1532 quam
1034 1502 1185 1534 usquam
1216 1492 1398 1530 invenire,
1430 1491 1477 1523 ad
1508 1492 1759 1533 praeseriptam
1784 1495 1906 1524 tamen
1931 1493 2019 1523 ima—

400 1550 519 1590 ginem
548 1548 727 1580 accedunt
758 1548 816 1579 hic
841 1548 879 1578 in
904 1548 1024 1580 vicino
1050 1548 1148 1588 sitae,
1182 1557 1307 1578 mpsm
1325 1546 1354 1578 &
1371 1556 1654 1580 WITTENBERGA.
1703 1547 1780 1579 Nec
1806 1558 2019 1579 ERPHVRDIA

401 1606 568 1646 cuiquam
593 1608 648 1636 est
674 1603 924 1646 aspernanda,
950 1604 999 1636 Vt
1023 1614 1091 1635 nec
1109 1613 1304 1635 BASILAEA.
1348 1602 1464 1644 Super
1488 1612 1611 1634 omnes
1635 1612 1722 1635 vero
1748 1603 1855 1634 trium
1880 1603 2019 1645 lingua-

399 1671 475 1691 rum
500 1660 727 1701 professione
754 1661 857 1692 floret
883 1669 1094 1699 LOVAMVM,
1121 1658 1245 1690 schola
1269 1658 1327 1690 vel
1352 1658 1420 1690 hoc
1444 1659 1588 1691 nomine
1614 1659 1770 1690 omnium
1796 1658 2020 1691 foelieissima

400 1716 491 1758 quod
523 1726 691 1758 magnum
722 1715 823 1746 illum
855 1718 892 1746 et
922 1716 1114 1756 sapientiae
1145 1718 1181 1747 et
1212 1714 1428 1756 eloquentiae
1459 1714 1658 1756 principem
1689 1715 1801 1747 habet
1831 1724 2017 1747 ERASMVM.

397 1773 444 1803 Et
476 1781 651 1803 summum
676 1770 767 1802 illud
799 1770 1063 1803 eeclesiasticae
1094 1770 1286 1812 dignitatis
1317 1773 1563 1802 ornamentum
1588 1780 1776 1802 ALBERTvs
1809 1770 2018 1812 ραι-(11113115,

397 1838 565 1869 magnum
593 1826 763 1868 quiddam
787 1827 986 1868 Moguntiae
1011 1836 1085 1858 suae
1109 1826 1268 1858 molitur.
1319 1825 1422 1866 Quod
1451 1827 1483 1858 si
1513 1827 1753 1868 processerit,
1785 1827 1854 1858 erit
1883 1836 1953 1868 quo
1978 1836 2017 1858 se

398 1884 595 1915 Germania
619 1883 751 1915 exteris
779 1882 985 1914 hominibus
1009 1882 1214 1915 venditet.“

309 1947 424 1988 Pagg.
444 1946 594 1979 97...99.
612 1950 661 1976 11⁰.
681 1946 731 1979 12.
749 1945 932 1976 recentius
957 1955 1074 1986 neque
1092 1944 1183 1976 satis
1209 1943 1274 1975 fide
1291 1943 1437 1984 dignum
1463 1944 1636 1985 scriptum
1657 1954 1736 1976 esse
1762 1948 1884 1975 monet
1908 1944 2017 1975 etiam

396 2012 431 2037 v,
451 2001 495 2033 cl.
514 2001 704 2033 Staelinus:
731 2001 767 2031 in
795 2011 836 2032 co
855 2001 955 2042 (pag.
973 2002 1026 2033 98.
1044 2011 1073 2031 v.
1087 2001 1146 2041 20.)
1166 2004 1299 2042 pur-ter
1325 1999 1417 2030 alios
1436 2010 1575 2032 errores
1602 2001 1713 2031 etiam
1740 1999 1869 2031 falsum
1888 2010 2017 2032 nomen

397 2058 675 2099 Ilollzyd'72Ii719erz
700 2067 764 2098 pro
789 2057 884 2088 iusto
910 2057 1053 2098 Konyen
1078 2057 1246 2090 occurrit.
1290 2056 1335 2089 cf.
1354 2055 1451 2086 infra
1476 2055 1521 2087 ad
1547 2066 1580 2097 p.
1599 2056 1674 2088 248.
1694 2056 1770 2087 249.

308 2120 397 2161 Pag.
416 2121 489 2151 139.
509 2130 539 2150 v.
553 2126 568 2150 ·2
588 2117 658 2160 (26.)
680 2118 813 2149 scribe:
832 2117 1051 2149 Domminici
1070 2116 1147 2160 (pro
1165 2116 1362 2157 Dominici)
1382 2117 1471 2162 etin
1488 2117 1584 2148 notis
1601 2120 1683 2158 post
1700 2117 1919 2148 Domminici
1939 2118 1968 2148 1.
1983 2118 2016 2149 2.

398 2175 507 2207 adde:
533 2179 647 2215 recte,
673 2175 780 2206 metri
804 2184 917 2206 causa
941 2185 1011 2205 mm.

309 2238 396 2279 Pag.
417 2239 491 2269 153.
511 2237 557 2268 ad
574 2248 603 2268 v.
618 2244 659 2268 13.
678 2237 766 2268 adde
790 2237 906 2268 adnot.
923 2232 1051 2278 Reyst]
1085 2236 1109 2266 i.
1130 2245 1160 2266 e.
1178 2234 1323 2276 Reysch
1349 2243 1376 2265 s.
1400 2234 1552 2274 Reisch,
1585 2233 1628 2265 de
1655 2243 1725 2275 quo
1750 2233 1822 2266 vid.
1841 2233 1919 2265 Ind.
1939 2234 2014 2267 bio-

397 2292 522 2334 graph.
542 2296 609 2324 art.
628 2292 773 2324 Reisch.
800 2291 870 2324 vol.
889 2291 968 2324 VII.
986 2301 1020 2332 p.
1038 2291 1114 2324 452.
1366 2311 1373 2313 >

307 2355 396 2395 Pag.
418 2355 491 2386 154.
518 2357 603 2385 ante
627 2364 721 2385 num.
738 2353 887 2385 LXVII.
904 2353 1044 2384 insere:
1074 2350 1227 2383 LXV1*.
1246 2351 1386 2383 Alberti
1412 2350 1511 2383 arch.
1535 2351 1630 2393 Mog.
1655 2350 1703 2383 ad
1725 2350 1960 2382 Franciscum
1988 2351 2014 2385 I.

396 2411 569 2443 Francor.
588 2419 710 2451 regem
736 2408 808 2440 litt.
826 2407 859 2439 d.
880 2407 912 2439 d.
931 2409 986 2440 20.
1004 2406 1101 2448 Sept.
1121 2417 1155 2439 a.
1174 2408 1271 2441 1517,
1291 2406 1408 2438 editas
1433 2405 1501 2439 vol.
1520 2406 1560 2441 V.
1578 2417 1611 2447 p.
1631 2407 1707 2439 507.
1726 2415 1780 2448 sq.

306 2472 395 2513 Pag,
414 2472 487 2504 175.
507 2473 591 2502 ante
616 2480 710 2504 num.
729 2469 949 2501 LXXXIIII.
966 2469 1103 2499 insere:
1128 2467 1357 2499 LXXX111*.
1376 2467 1531 2498 Hutteni
1556 2467 1601 2498 ad
1625 2467 1748 2499 Ioach.
1766 2466 1811 2499 de
1827 2467 2013 2500 Moltzhan

397 2538 450 2569 ep.
466 2537 545 2559 cum
563 2537 690 2559 novem
708 2525 793 2557 aliis
813 2525 897 2557 edit.
911 2523 982 2557 vol.
997 2523 1044 2556 ΙΙ.
1059 2534 1092 2565 p.
1105 2524 1313 2561 477...483.‚
1339 2523 1468 2564 quibus
1486 2522 1663 2554 Moltzani
1681 2522 1727 2554 ad
1739 2523 1972 2555 Franciscum
1986 2524 2014 2556 Ι.

396 2594 519 2625 regem
544 2583 640 2614 infra
666 2581 713 2614 ad
736 2581 784 2613 ΙΙ.
803 2592 836 2622 p.
855 2581 930 2615 480.
950 2579 1171 2621 transcripta
1197 2578 1352 2621 epistola
1376 2578 1571 2610 inserenda
1597 2582 1663 2612 est.

309 2646 396 2686 Pag.
417 2646 491 2676 184.
509 2649 593 2677 ante
625 2654 719 2675 num.
739 2642 917 2674 LXXXV.
936 2641 1101 2683 ponenda
1132 2643 1188 2672 est
1217 2640 1374 2682 epistola
1400 2650 1506 2681 quam
1531 2640 1597 2672 sub
1622 2649 1718 2671 num.
1737 2639 1898 2673 CXXIII.
1917 2641 2014 2673 infra

396 2712 429 2742 p.
444 2702 521 2735 268.
537 2701 658 2742 posui:
683 2710 767 2731 nam
793 2709 837 2730 ea
862 2698 919 2729 die
947 2699 998 2729 15.
1017 2698 1103 2730 Mai.
1122 2707 1152 2728 a.
1171 2698 1266 2729 1518.
1289 2694 1376 2739 [non
1393 2689 1508 2738 ‘1519.]
1530 2696 1664 2738 scripta
1683 2706 1763 2728 esse
1781 2696 1937 2728 videtur.
1964 2697 2011 2728 cf.

395 2756 472 2788 Ind.
490 2766 575 2788 serr.
594 2755 664 2788 vol.
684 2756 766 2787 VII.
785 2759 835 2787 n0.
855 2764 1000 2785 xxxxn.

306 2818 394 2859 Pag.
413 2818 487 2849 187.
506 2818 529 2851 i.
547 2818 572 2849 f.
591 2818 728 2849 insere:
752 2813 958 2848 LXXXV*.
977 2814 1139 2856 Spiegeli
1164 2814 1209 2845 ad
1234 2814 1422 2845 Erasmum
1447 2813 1529 2845 Rot.
1551 2823 1605 2854 ep.
1626 2813 1657 2845 d.
1673 2814 1727 2847 31.
1742 2813 1832 2855 Aug.
1854 2825 1886 2845 a.
1904 2815 2011 2854 1518.,

396 2884 502 2915 quam
528 2873 689 2905 dedimus
714 2873 784 2907 vol.
802 2872 863 2904 IV.
881 2882 915 2913 p.
936 2871 1012 2903 687.
1031 2880 1085 2911 sq.
1374 2865 1378 2867 “

307 2936 394 2975 Pag.
411 2936 487 2968 213.
506 2935 551 2966 ad
578 2938 650 2966 not.
670 2936 722 2966 16.
743 2933 853 2966 adde:
879 2933 982 2964 Anno
1009 2933 1108 2964 1508.
1126 2932 1163 2963 in
1189 2931 1310 2963 album
1336 2929 1436 2962 acad.
1456 2929 1628 2962 Heidelb.
1646 2939 1772 2961 nomen
1797 2929 2010 2971 inscriptum

396 2993 451 3020 est
477 2989 676 3021 ‘Iohannes
708 2989 751 3020 de
782 2989 989 3029 XVirsperg,
1024 2987 1113 3019 Can.
1132 2987 1264 3021 eccles,
1283 2984 1482 3028 Ratispon.’
1526 2985 1674 3020 Cf.10a.
1693 2985 1846 3017 Schwab
1873 2984 2007 3026 Syllab.

397 3045 540 3076 Rector.
558 3044 692 3086 Hdlbg.
714 3045 809 3078 1780.
826 3044 878 3075 4⁰.
898 3054 931 3085 p.
948 3044 1003 3077 86.
