2119 3522
252 230 347 274 532
770 243 1031 266 COMMENTARIVS
1055 243 1101 264 AD
1126 243 1197 264 EPP.
1216 243 1246 265 o.
1264 242 1296 265 v.
1321 242 1398 265 voL.
1416 242 1438 264 1.

251 304 427 389 Pag’D9i'ez
446 354 535 387 WB.
554 366 584 386 v.
604 354 692 397 huf]
718 353 929 397 infligentes
953 354 1067 387 risum
1090 353 1343 397 spectantibus
1367 354 1584 387 moveant“.
1632 353 1727 388 Satis
1756 354 1869 388 etiam
1892 364 1956 388 no-

338 414 417 444 tum
444 411 499 444 est
523 410 633 443 aliam
656 409 834 451 buffonis,
867 409 979 443 aliam
1003 409 1196 453 pulcinelli
1219 420 1414 453 personam
1440 420 1528 443 esse.

248 472 287 501 31
313 466 498 508 sufficiens
522 466 559 498 in
584 465 710 508 aliqua
733 465 903 499 doctrina
918 465 1067 509 proprie
1086 464 1281 498 dicebatur
1304 464 1368 508 qui
1391 464 1560 499 tirocinio
1580 464 1747 509 deposito
1770 466 1814 499 ut
1829 465 1958 499 acade-

338 522 440 554 micae
465 521 657 564 dignitatis
675 520 920 564 adipiscendae
939 520 1072 565 dignus
1088 520 1305 562 haberetur,
1331 520 1419 555 satis
1435 521 1618 564 promptae
1637 520 1854 555 eruditionis
1878 531 1958 564 spe-

337 577 455 610 cimen
477 576 705 618 exhibuerat,
725 576 801 610 sive
819 578 861 610 ut
878 587 961 610 cum
977 576 1166 610 hodiernis
1184 576 1296 610 etiam
1313 577 1496 621 magistris
1513 576 1647 610 nostris
1663 576 1868 620 loquamur,
1895 576 1959 620 qui

336 633 373 665 in
400 631 567 665 examine
593 632 663 665 rite
689 633 887 674 steterant,
914 642 1097 675 „persona
1114 633 1202 676 apta
1219 633 1307 666 nata
1324 632 1370 666 ad
1388 632 1552 666 fiendum
1571 632 1735 674 doct0r“,
1761 633 1804 666 ut
1820 633 1876 666 est
1892 634 1959 666 3³¹.

336 687 508 721 Ceterum
521 686 747 721 Reuchlinus
761 689 799 721 et
810 688 848 721 in
862 688 1001 722 oculari
1013 688 1163 732 speculo
1178 689 1216 722 et
1228 687 1409 732 imprimis
1421 688 1459 721 in
1475 687 1696 723 Germanica
1708 688 1958 722 declaratione

337 743 427 787 [Ind.
442 754 525 776 scrr.
539 746 634 786 p.75.
645 754 696 787 sq.
711 755 833 777 n.v111.
851 743 911 786 m]
925 754 998 778 non
1015 754 1088 778 uno
1105 743 1186 778 loco
1204 743 1341 778 diserte
1358 744 1584 787 protestatus
1602 746 1692 786 erat,
1711 754 1748 778 se
1765 754 1839 778 non
1856 743 1958 777 theo-

334 800 441 843 logize
456 798 519 832 sed
533 798 621 831 iuris
637 802 644 816 ‘
654 799 852 833 saecularis'
868 800 923 841 (in
936 800 1133 834 weltlielzen
1145 800 1301 842 rechten)
1313 799 1500 834 doctorem
1516 800 1554 834 et
1567 810 1644 834 esse
1659 801 1698 834 et
1708 800 1838 834 haberi
1851 799 1958 834 velle.

246 860 286 889 32
313 856 444 889 librum
475 855 565 888 satis
594 855 872 899 theoloyiealem]
911 855 1111 899 Speculum
1143 855 1290 890 oculare
1326 857 1417 899 puto
1449 855 1652 898 indicatur,
1684 866 1758 890 non
1790 866 1881 899 opus
1913 855 1958 888 de

334 910 448 944 verbo
473 910 639 952 mirifico,
667 910 713 945 ad
738 911 837 954 quod
861 911 1203 946 Antireuchlinistae
1230 912 1310 945 tum
1335 911 1485 947 omnino
1510 922 1584 946 non
1608 911 1868 956 respiciebant.

293 966 510 1009 nominavit]
537 977 584 1000 sc.
602 966 671 1000 iste
697 966 785 1000 bufo
810 967 995 1001 nobilista.

246 1027 288 1057 34
314 1022 508 1065 casem-ius]
534 1021 734 1056 monachus
758 1022 983 1064 mendicans,
1011 1024 1070 1056 cui
1086 1034 1152 1066 pro
1171 1023 1408 1066 eleemosyna
1425 1033 1549 1057 caseos
1567 1023 1654 1057 dare
1672 1034 1855 1067 pauperes
1879 1035 1958 1056 mu-

335 1077 496 1111 lierculae
513 1077 687 1111 rusticive
706 1078 883 1112 solebant.
908 1078 1005 1112 unde
1023 1079 1103 1112 tum
1121 1079 1358 1112 Kc'isemo'nch.
1391 1079 1434 1112 cf.
1453 1091 1487 1122 p.
1503 1083 1578 1114 228.
1597 1093 1626 1113 v.
1641 1089 1666 1113 5.
1708 1078 1959 1120 „Terminarii

335 1133 515 1177 (Ducang.
533 1133 567 1167 h.
586 1135 633 1176 v.)
659 1133 758 1177 apud
785 1134 931 1168 ordines
964 1134 1218 1168 mendicantes
1252 1134 1442 1176 dicuntur,
1470 1135 1533 1178 qui
1558 1134 1739 1168 habendis
1761 1145 1828 1178 per
1851 1145 1959 1178 agros

333 1190 465 1232 cuique
484 1189 683 1222 conventui
700 1189 866 1223 addictos
881 1190 1117 1224 concionibus
1131 1190 1373 1224 destinantur.
1398 1190 1538 1224 habent
1551 1190 1649 1224 enim
1663 1190 1799 1234 singuli
1812 1190 1959 1224 ordines

332 1245 479 1278 illorum
498 1245 700 1278 conventus
718 1244 944 1279 circumiecti
960 1245 1138 1279 territorii
1163 1256 1294 1289 pagos,
1321 1246 1420 1279 intra
1442 1257 1533 1290 quos
1551 1246 1734 1280 duntaxat
1757 1245 1958 1288 eleemosy-

334 1311 398 1334 nas
423 1299 598 1344 colligere
623 1300 749 1342 liceat,
776 1312 821 1335 ne
847 1312 930 1334 cum
955 1301 1097 1335 iactura
1122 1302 1285 1335 caritatis
1303 1303 1341 1335 et
1356 1302 1522 1345 periculo
1545 1302 1708 1336 scandali
1725 1302 1863 1336 mutuis
1881 1301 1958 1335 offi-

332 1357 432 1389 ciant
455 1356 697 1390 commodis⁴‘.
745 1356 891 1391 Invidia
915 1357 1096 1391 eiusmodi
1121 1357 1366 1391 caseariorum
1391 1357 1451 1391 vel
1476 1358 1513 1391 in
1537 1358 1777 1402 proverbium
1802 1357 1905 1391 abiit.

245 1416 287 1446 24
312 1412 572 1455 commensales]
599 1411 709 1446 modo
734 1413 975 1456 generaliter,
1003 1414 1044 1446 ut
1068 1413 1102 1446 h.
1120 1413 1160 1454 1.,
1195 1413 1245 1446 sic
1270 1413 1508 1457 appellantur
1532 1413 1579 1447 ad
1605 1413 1762 1447 eandem
1793 1423 1959 1447 mensam

333 1467 544 1502 adsidentes
570 1470 587 1509 (
594 1468 625 1500 T
626 1468 861 1512 isclzyeozossen
863 1471 901 1511 ),
933 1469 1043 1503 modo
1069 1468 1279 1513 specialiter
1303 1469 1477 1511 bursarii,
1509 1469 1546 1502 in
1572 1470 1683 1503 bursa
1707 1479 1872 1502 mensam
1896 1468 1959 1502 ha-

332 1525 463 1557 bentes
489 1523 770 1568 (Kostycmyer).
809 1524 853 1557 cf.
870 1524 916 1558 ad
941 1535 1025 1569 pag.
1043 1526 1132 1558 26¹⁷.
1156 1524 1201 1558 de
1234 1524 1438 1558 domicellis
1469 1524 1593 1559 adnot.
1611 1524 1781 1559 Diefenb.
1800 1524 1958 1558 Glossar.

334 1578 646 1621 „Commensalis‚
673 1580 787 1621 tisch-,
812 1580 1060 1624 tctfel-yeselle,
1085 1581 1304 1624 kostyevyer,
1327 1581 1492 1623 υηῖεβεν,
1516 1581 1796 1615 commensaill.“

242 1640 284 1669 35
312 1635 554 1679 ιεεαηᾱαῖτιφη]
581 1636 641 1669 ein
664 1636 820 1677 selecmcl,
845 1637 964 1670 ccasio
990 1637 1122 1682 ruine'.
1156 1636 1311 1670 Gemma
1336 1648 1369 1681 g.

286 1690 450 1734 simplex]
484 1692 547 1734 qui
578 1691 645 1733 „in
675 1691 779 1725 nulla
808 1692 985 1726 facultate
1017 1694 1208 1735 promotus
1239 1692 1300 1726 vel
1331 1692 1564 1736 qualificatus
1597 1694 1682 1726 est“
1714 1704 1749 1736 p.
1770 1693 1859 1734 18³„
1894 1692 1958 1736 qui

334 1757 485 1790 „neque
511 1748 567 1781 est
590 1749 780 1791 promotus
804 1758 924 1791 neque
951 1747 1184 1791 qualificatus
1210 1748 1247 1781 in
1272 1748 1351 1782 iure
1369 1748 1431 1782 vel
1446 1748 1484 1781 in
1503 1749 1685 1791 artibus“,
1714 1749 1838 1782 16³·S‘1-
1857 1748 1956 1792 quod

334 1801 485 1845 quidem
510 1802 555 1836 de
580 1803 745 1838 Hutteno
772 1814 900 1837 verum
926 1815 998 1838 non
1024 1806 1096 1846 est,
1124 1806 1166 1838 ut
1181 1805 1361 1849 probatur
1377 1804 1483 1839 Hutt.
1502 1803 1595 1848 Opp.
1614 1804 1640 1838 I.
1658 1816 1692 1847 p.
1711 1808 1741 1838 5.
1760 1816 1838 1848 sqq.
1856 1816 1889 1838 n.
1907 1817 1955 1846 11.,

333 1858 397 1891 sed
421 1869 550 1891 verum
576 1861 632 1893 est
655 1859 776 1903 ipsum
794 1859 1003 1894 Huttenum
1020 1861 1157 1905 passim
1175 1860 1398 1905 significasse
1424 1860 1567 1894 nullum
1592 1860 1749 1904 gradum
1775 1859 1956 1894 academi-

334 1925 416 1948 cum
442 1925 479 1947 se
506 1915 683 1959 adeptum
709 1926 798 1949 esse.
847 1915 898 1950 Cf.
916 1916 1013 1950 infra
1035 1916 1081 1950 ad
1108 1920 1180 1951 105.
1207 1917 1400 1961 ‘gradibus
1423 1918 1557 1960 aptos’.

285 1970 570 2005 «irrecereoztz'alzsss
594 1981 713 2005 coram
737 1981 811 2008 uno
836 1972 894 2015 m]
920 1973 1097 2016 magistro
1123 1972 1340 2007 irreverens.

242 2029 328 2069 Pag.
350 2027 411 2063 10.

248 2087 264 2116 1
292 2083 428 2127 cruny]
455 2093 524 2116 sec.
543 2082 668 2117 Ioann.
686 2083 784 2117 VIII.
803 2087 855 2118 48.

293 2138 489 2181 diabolum]
519 2138 774 2173 ‘daemonium'
800 2140 913 2174 habet
938 2139 1112 2185 Vulgata.

244 2200 262 2227 2
291 2194 435 2228 realiter
460 2195 597 2238 eaepecl.]
624 2194 716 2229 Fere
742 2197 784 2229 ut
807 2206 873 2229 nos
900 2197 1146 2240 ‘argumentis
1173 2196 1219 2229 ad
1244 2196 1432 2230 hominem
1459 2196 1623 2240 aliquem
1648 2196 1846 2237 refutare',
1880 2196 1953 2229 evi-

336 2249 558 2283 dentissimis
584 2252 811 2295 argumentis
836 2252 1028 2296 repellere.

242 2310 261 2339 3
286 2305 470 2349 trufator.]
507 2305 651 2349 Truffa,
683 2306 777 2341 Gall.
796 2308 925 2349 truffe;
955 2308 1076 2350 Posse,
1114 2308 1401 2350 Wimlbeutelei;
1432 2309 1587 2342 verbum
1619 2306 1770 2342 truffare
1802 2308 1955 2350 (tv-ufar,

332 2361 489 2404 truffer),
508 2362 611 2396 einen
628 2372 706 2396 zum
727 2363 843 2397 besten
860 2364 986 2405 haben,
1012 2363 1213 2397 deductum
1232 2375 1253 2398 a
1270 2376 1304 2398 v.
1321 2364 1468 2406 trisola,
1493 2363 1586 2398 Gall.
1604 2364 1731 2406 truffe,
1756 2363 1835 2397 Lat..
1853 2364 1956 2397 tuber

331 2416 532 2450 secundum
546 2417 635 2451 Diez
649 2417 837 2461 Etymw.
852 2423 971 2462 p.432.
988 2419 1044 2453 ed.
1059 2424 1090 2453 3.
1124 2423 1131 2436 ⁴
1142 2419 1266 2461 Trufa,
1281 2420 1429 2463 trupha,
1447 2419 1569 2461 truffa,
1585 2420 1772 2462 tuseherie,
1789 2419 1953 2462 duss‘eo-ie,

332 2473 455 2517 betruy
483 2483 511 2506 o.
531 2473 687 2518 biebery,
718 2501 724 2506 .
745 2501 750 2507 .
781 2475 946 2517 bosshait'
970 2474 1140 2509 Diefenb.
1159 2475 1316 2510 Glossar.
1370 2476 1439 2519 Ap.
1457 2475 1620 2519 Ducang.
1638 2475 1777 2520 legitur
1800 2475 1952 2517 trufare,

330 2528 481 2563 truffare
500 2529 560 2563 vel
575 2528 719 2563 truffari
736 2546 779 2557 =
795 2529 969 2573 illudere,
995 2530 1136 2565 fallere.
1161 2531 1287 2575 ibique
1304 2530 1476 2565 truffator
1493 2542 1575 2565 cum
1594 2532 1793 2573 baratator,
1811 2532 1954 2572 abusor,

330 2586 575 2629 comparatur.
623 2584 792 2620 Diefenb.
809 2585 924 2620 Gloss.
940 2588 1006 2620 art.
1027 2587 1212 2629 ‘trufator‚
1231 2587 1344 2631 yeclce,
1357 2588 1527 2628 maselzer,
1542 2587 1666 2630 leclcer,
1680 2588 1839 2622 leicher'.
1862 2587 1952 2620 Tru-

331 2640 419 2683 fare,
435 2642 596 2683 truuare,
610 2642 786 2683 teuseleen,
798 2646 949 2684 spotten,
963 2643 1153 2685 bespotten,
1167 2644 1355 2688 betrieyen.
1373 2643 1510 2687 ⁹flecken.
1529 2643 1707 2686 belaehen,
1721 2643 1868 2685 leichen,
1881 2643 1953 2687 qei-

332 2696 406 2738 len,
429 2698 564 2730 mstoe‘n'.

281 2752 474 2794 procedere
496 2753 538 2786 in
562 2753 682 2797 factis]
710 2765 791 2797 quae
818 2755 858 2787 ut
883 2756 1015 2798 coepta
1040 2755 1125 2788 sunt
1147 2757 1331 2798 prosequi.

243 2811 262 2837 8
288 2807 472 2841 nnn-(laris
487 2809 638 2853 selzubis]
657 2809 844 2844 Selzcmben
861 2820 930 2844 von
946 2810 1190 2853 IIIarclerpeIZ,
1208 2810 1354 2844 schubae
1374 2821 1418 2844 ex
1434 2811 1588 2845 melium
1604 2810 1765 2855 pellibus
1782 2812 1953 2844 consutae.

339 2862 525 2896 Incertum
543 2865 616 2905 est,
640 2867 765 2898 utriun
781 2866 968 2900 mar-daris
981 2864 1256 2900 Straussfederio
1275 2866 1321 2900 sit
1338 2867 1534 2911 genetivus
1550 2866 1709 2900 nominis
1727 2867 1808 2910 (pro
1825 2866 1951 2908 melis),

335 2928 381 2950 an
399 2917 469 2951 abl.
487 2918 663 2953 adiectivi
679 2921 876 2955 marcloerus
894 2923 973 2965 (pro
990 2922 1168 2964 melinis):
1196 2922 1315 2956 voluit
1331 2922 1713 2956 Mem-der-Schauben.
1761 2948 1782 2963 „
1794 2920 1951 2963 Schiibe,

333 2973 455 3017 lmzyes
478 2973 624 3018 faltz'yes
641 2975 755 3010 Kleid
770 2977 836 3019 fiir
851 2980 1004 3011 infamer
1021 2978 1101 3011 uml
1116 2978 1252 3020 frauen
1270 2978 1329 3021 (cf.
1348 2978 1452 3021 Jope,
1470 2977 1617 3021 Juppe).
1642 2977 1742 3010 Mhd.
1756 2975 1848 3009 WB.
1866 2976 1901 3010 h.
1918 2988 1950 3010 v.

332 3029 400 3072 Ap.
420 3029 459 3062 F
459 3030 550 3062 risen
573 3029 665 3063 WB.
685 3033 740 3065 est
756 3032 790 3065 h.
808 3044 840 3065 v.
891 3060 909 3073 ,‚
923 3032 1101 3074 S'elzaube,
1129 3034 1207 3067 εἰπε
1225 3034 1357 3067 Tracht
1379 3043 1448 3067 vonv
1472 3033 1601 3076 lcmyeoz
1621 3032 1820 3073 Kleidern,
1838 3031 1949 3075 palla,
