2119 3522
284 222 381 267 384
771 237 878 258 mnnx
902 234 1154 257 B10GRAPmcvs
1177 235 1218 256 ET
1244 234 1485 259 ONOMASTICVS.

283 359 535 398 GRIMANVS,
571 350 797 388 cardinalis
819 350 947 387 sancti
968 349 1107 387 Marci.
1156 349 1426 395 „Dominicus
1450 349 1686 397 Grimanus,
1719 349 1891 389 Antonii
1912 351 1990 389 Ve-

284 415 465 446 netorum
497 407 607 444 ducis
638 406 910 457 pientissimus
940 405 1062 452 filius,
1104 411 1222 442 natus
1254 406 1292 443 d.
1311 406 1375 443 21.
1394 406 1472 443 Iul.
1489 420 1524 444 a.
1544 407 1664 444 1463.
1685 404 1733 457 [9]
1801 408 1887 445 ‘vix
1922 408 1990 444 tri·

281 465 475 514 gesimum
507 475 631 512 agens
663 463 831 499 annum'
866 458 998 511 [immo
1031 462 1275 499 tricesimum
1304 458 1481 512 tertium]
1507 461 1689 499 diaconis
1719 463 1867 512 primo,
1899 476 1993 500 mox

280 519 526 570 presbyteris
557 516 828 555 cardinalibus
860 517 1084 567 adscriptus
1116 523 1187 554 est.
1246 517 1416 555 Praefuit
1447 517 1639 555 diaconus
1671 518 1850 556 ecclesiae
1871 518 1991 558 s.Ni-

281 575 384 612 colai
411 575 517 611 inter
544 573 758 623 imagines,
790 578 829 610 et
850 572 1065 624 presbyter
1085 573 1262 611 ecclesiis
1285 586 1315 611 s.
1334 573 1460 611 Marci
1482 579 1522 612 et
1542 587 1573 612 s.
1590 574 1749 612 Nieolai
1769 575 1876 612 inter
1895 574 1990 613 ima-

281 631 393 680 gines
421 661 428 667 .
450 661 457 667 .
478 659 485 667 .
516 628 836 666 Patriarchatum
858 628 1165 679 Aquileiensem
1188 625 1252 679 [ab
1274 628 1510 667 Alexandro
1532 630 1697 668 PP.V1.
1717 630 1754 667 d.
1775 631 1839 667 13.
1853 626 1990 680 Febr]

280 699 387 724 anno
412 686 531 723 1498.
557 714 593 722 ..
623 684 700 721 sibi
740 684 918 722 delatum
955 698 1108 723 summa
1145 684 1364 735 prudentia
1400 686 1515 723 rexit.
1574 686 1743 723 Praefuit
1780 686 1992 736 episcopus

280 742 458 779 ecclesiis
478 740 706 778 Albanensi
736 754 782 777 ae
802 740 1038 787 Portuensi,
1075 741 1315 779 Urbinatem
1346 747 1385 779 et
1409 740 1677 780 Oenetensem
1705 742 1893 780 ecclesias
1924 741 1992 779 ad-

279 797 566 835 ministrandas
595 797 771 846 suscepit.
800 810 836 833 a.
857 797 976 836 1514.
997 796 1035 834 d.
1055 798 1159 836 2.m.
1177 797 1297 847 Maii3
1339 803 1379 834 at
1408 803 1499 848 post
1529 811 1600 836 sex
1630 811 1758 836 annos
1791 796 1992 836 Ceneten-

278 867 361 891 sem
391 853 663 908 renunciavit,
695 858 733 890 et
755 858 846 903 post
869 859 956 890 octo
978 852 1230 891 Urbinatem.
1257 884 1263 890 .
1284 884 1291 892 .
1314 884 1322 891 .
1354 853 1467 891 Vixit
1489 867 1617 892 annos
1638 866 1736 894 LXII.
1758 866 1916 892 menses
1936 865 1993 893 VI.

281 909 366 947 dies
387 921 477 948 vm.
539 907 650 947 Obiit
670 920 798 946 XXVII.
821 907 996 959 Augusti
1016 909 1222 948 MDXX111.“
1265 909 1330 947 Sic
1353 908 1602 948 Ciaconius¹.
1640 910 1712 948 sed
1734 910 1775 947 hi
1797 909 1995 961 epitaphii

279 966 455 1012 numeri,
488 965 557 1016 qui
585 965 679 1002 iusti
709 963 835 1011 sunt'2,
869 978 952 1002 non
974 966 1223 1003 conveniunt
1252 979 1340 1002 cum
1360 965 1537 1004 indicato
1559 967 1687 1004 natali
1709 966 1792 1013 die,
1826 966 1898 1004 sed
1918 979 1994 1003 nec

281 1035 369 1059 cum
391 1035 436 1059 eo
459 1021 567 1072 quod
588 1018 880 1059 Friedl'ander3
910 1021 1087 1071 scripsit:
1120 1034 1200 1068 „er
1221 1024 1330 1058 stirht
1356 1022 1473 1059 1524.
1497 1024 1602 1059 nicht
1624 1023 1765 1068 1523,
1798 1026 1865 1059 mie
1885 1022 1990 1058 Mar-

281 1080 385 1114 chesi
402 1081 439 1114 in
461 1080 531 1114 den
552 1079 818 1124 Prolonotarzj
844 1081 1109 1124 partecz'pcmti
1136 1084 1218 1126 saqt
1231 1078 1267 1114 “.
1325 1077 1377 1114 In
1399 1078 1571 1128 epistola
1591 1078 1808 1115 Reuchlini
1828 1078 1880 1115 ad
1903 1076 1992 1115 Gri-

279 1147 442 1171 manum
473 1133 510 1171 d.
529 1134 592 1170 15.
611 1133 686 1170 Iul.
707 1146 742 1169 a.
764 1134 881 1171 1515.
900 1131 1070 1183 scripta⁴
1091 1133 1157 1170 bic
1177 1163 1200 1180 ‚,
1214 1145 1323 1170 nunc
1350 1134 1490 1183 capitis
1512 1135 1590 1171 mei
1613 1134 1834 1171 duumvir“
1855 1133 1992 1184 appel-

279 1190 403 1227 latur:
433 1189 542 1226 hunc
564 1189 670 1226 enim
699 1188 888 1226 adiuncto
919 1189 1116 1226 cardinali
1136 1188 1420 1227 Anconitano5
1449 1189 1533 1228 Leo
1555 1190 1609 1227 X.
1634 1203 1723 1227 cum
1743 1189 1992 1227 Reuchlinus

282 1244 377 1295 (pro
415 1258 493 1295 quo
532 1250 616 1282 tum
654 1245 869 1295 imperator
907 1245 1214 1296 compluresque
1254 1245 1483 1284 Germaniae
1522 1246 1744 1296 principes,
1789 1251 1873 1283 tum
1910 1259 1991 1283 non

279 1301 381 1338 nulli
413 1301 589 1339 ecclesiae
621 1301 809 1351 primates
849 1307 888 1338 et
920 1302 1098 1352 episcopi
1130 1315 1218 1339 cum
1249 1316 1396 1352 magna
1432 1302 1652 1339 civitatium
1682 1302 1993 1352 inlustriumque

278 1358 455 1394 virorum
486 1357 601 1408 copia
630 1356 981 1407 intercesserantss)
1016 1371 1176 1396 causam
1207 1371 1319 1396 suam
1349 1358 1400 1395 ad
1429 1358 1579 1396 curiam
1598 1358 1824 1396 Romanam
1856 1358 1992 1396 devol-

278 1414 420 1460 visset,
461 1413 521 1450 illi
558 1413 850 1463 cognoscendae
887 1414 1145 1464 praefecerat:
1187 1415 1320 1464 itaque
1357 1414 1525 1464 publicis
1556 1414 1699 1452 litteris
1732 1414 1937 1454 d.8.Iun.
1955 1428 1991 1452 a.

281 1470 400 1509 1514.
426 1467 554 1507 datis⁷
585 1476 624 1507 et
643 1469 931 1506 Hochstratum
963 1476 1001 1508 et
1024 1470 1294 1508 Reuehlinum
1316 1470 1483 1509 Romam
1515 1471 1666 1508 citavit.
1725 1470 1992 1508 Hochstratus

279 1538 404 1563 ovans
434 1539 479 1563 ac
502 1525 652 1562 divitiis
675 1525 725 1563 ad
748 1525 983 1575 largitiones
1007 1526 1216 1564 faciendas
1239 1532 1404 1563 onustus
1426 1528 1555 1573 venit,
1589 1532 1630 1564 at
1658 1539 1741 1564 non
1761 1527 1882 1576 longe
1904 1532 1994 1576 post

278 1587 322 1618 ut
353 1582 472 1633 lupus
506 1581 623 1619 hians
656 1580 882 1630 discessit³;
928 1582 1155 1620 Reuchlino
1192 1589 1236 1620 ut
1274 1596 1346 1632 per
1376 1580 1699 1632 procuratorem⁹
1741 1596 1824 1620 rem
1854 1588 1994 1633 ageret

278 1643 443 1688 propter
472 1638 628 1675 senium
667 1651 901 1675 concessum
937 1645 1009 1676 est.
1069 1638 1305 1677 Grimanum
1334 1639 1562 1676 Reuchlino
1601 1639 1750 1677 favisse
1786 1638 1865 1676 alia
1895 1651 1992 1689 quo-

279 1706 357 1743 que
390 1693 629 1731 documenta
644 1691 668 1712 ¹⁰
699 1694 936 1741 ostendunt,
984 1695 1160 1746 itemque
1192 1695 1397 1733 extollitur
1426 1708 1461 1741 p.
1476 1700 1539 1730 233
1552 1693 1575 1713 ’ἓ
1607 1700 1646 1733 et
1677 1696 1719 1732 in
1748 1694 1992 1733 Hochstrato

279 1756 425 1788 ovante
455 1747 650 1800 passim¹¹.
1512 1752 1519 1756 “

371 1827 401 1866 1)
421 1826 515 1859 Vitae
539 1825 697 1868 pontific.
714 1826 781 1858 ΙΙΙ.
798 1838 832 1869 p.
855 1829 929 1860 180.
950 1828 1027 1861 442.
1148 1829 1185 1865 2)
1201 1828 1247 1859 cf.
1267 1828 1375 1859 etiam
1396 1828 1534 1860 adnott.
1558 1828 1602 1860 ad
1624 1828 1725 1861 Hutt.
1748 1827 1839 1870 Opp.
1860 1838 1893 1870 p.
1914 1829 1991 1860 381.

367 1881 401 1923 3)
422 1881 586 1923 Beitrci'gye
609 1893 667 1913 :ur
685 1882 1043 1925 Reformationsyesch.
1075 1883 1194 1915 Berlin
1215 1885 1310 1916 1837.
1328 1883 1374 1917 8⁰.
1394 1895 1427 1926 p.
1444 1886 1496 1917 38.
1613 1884 1648 1925 4)
1667 1884 1712 1915 cf.
1729 1894 1839 1926 supra
1863 1894 1897 1926 p.
1917 1885 1992 1916 138.

369 1938 502 1980 Consp.
516 1938 674 1972 chronol.
694 1938 738 1969 ad
757 1938 788 1970 d.
810 1939 871 1970 cit.
965 1940 999 1978 5)
1018 1940 1064 1973 cf.
1079 1949 1188 1981 supra.
1206 1943 1274 1974 art.
1290 1940 1466 1980 Acconis,
1486 1941 1580 1973 Petr.
1596 1939 1649 1975 de.
1742 1941 1777 1981 6)
1797 1940 1844 1974 cf.
1861 1939 1992 1982 Consp.

368 1994 546 2033 chronol.,
567 2004 677 2035 supra
702 2004 734 2035 p.
757 1996 830 2026 134.
850 2005 926 2036 sqq.
1044 1995 1076 2034 7)
1097 1996 1143 2029 cf.
1161 1995 1248 2027 ibid.
1269 2006 1301 2036 p.
1323 1998 1397 2028 132.
1417 1995 1461 2028 ad
1482 1996 1515 2030 d.
1532 1997 1563 2028 8.
1582 1997 1658 2030 Iun.
1681 1997 1776 2028 1514.
1890 1996 1926 2037 8)
1945 1996 1991 2030 cf.

367 2050 433 2092 Ep.
449 2049 492 2082 Ο.
506 2050 547 2083 V.
566 2050 612 2084 II.
631 2052 684 2082 53.
705 2060 783 2081 cum
809 2061 932 2082 comm.
1056 2052 1090 2093 9)
1109 2052 1155 2085 cf,
1174 2051 1268 2083 infra
1293 2055 1360 2084 art.
1379 2051 1500 2086 Wick.
1631 2051 1686 2092 10)
1711 2051 1794 2084 vide
1817 2052 1992 2094 imprimis

367 2104 497 2147 Consp.
518 2105 677 2141 chronol,
697 2110 768 2141 not.
783 2107 813 2141 6,
830 2108 890 2140 cit.
985 2108 1040 2147 11)
1059 2117 1089 2139 e.
1108 2118 1160 2149 gr.
1178 2108 1218 2146 ἓξ
1233 2109 1285 2142 27.
1302 2109 1355 2141 29.
1371 2109 1423 2140 35.
1440 2109 1493 2140 51.
1511 2108 1548 2139 in
1562 2108 1664 2143 Hutt.
1678 2108 1771 2150 Opp.
1787 2108 1849 2141 VI.
1869 2119 1901 2150 p.
1915 2109 1991 2140 472.

366 2163 443 2194 474.
461 2172 513 2203 sq.
531 2163 606 2193 479.

279 2248 527 2287 GROCINVS,
561 2255 644 2279 non
665 2242 863 2289 Ioannes,
896 2249 939 2280 ut
966 2256 1000 2288 p.
1017 2248 1058 2278 53
1070 2241 1098 2261 ²²
1126 2244 1295 2294 legitur,
1328 2244 1400 2281 sed
1423 2243 1683 2290 Guilielmus,
1716 2244 1992 2282 Bristoliensis

278 2297 457 2347 Anglus,
491 2296 694 2347 „¹praeter
723 2298 937 2349 theologiae
968 2300 1261 2349 professionem
1291 2301 1334 2337 in
1366 2301 1473 2338 omui
1504 2313 1653 2350 genere
1688 2300 1992 2351 disciplinarum

278 2365 404 2403 usque
435 2353 487 2390 ad
517 2354 789 2392 morositatem
821 2361 958 2393 exacte
989 2362 1187 2395 versatus,
1220 2357 1251 2393 is
1281 2363 1434 2402 tamen,
1481 2362 1524 2393 ut
1555 2356 1606 2393 ad
1637 2356 1803 2394 multam
1832 2362 1991 2394 aetatem

278 2409 378 2446 vixit
410 2405 605 2459 [decessit
634 2423 670 2447 a.
696 2411 816 2447 1522.
840 2412 1098 2460 octogenario
1135 2409 1303 2462 maior],
1344 2413 1399 2449 ita
1439 2410 1562 2449 nihil²
1593 2413 1783 2463 scriptum
1813 2412 1990 2463 reliquit.

278 2470 450 2502 attactus
481 2465 660 2516 paralysi
690 2466 780 2516 plus
811 2468 942 2504 minus
974 2481 1125 2505 annum
1156 2468 1241 2518 ipse
1273 2468 1349 2505 sibi
1378 2473 1580 2518 superstes
1613 2469 1737 2506 fuit“.
1782 2469 1990 2519 „primum

278 2522 319 2557 in
350 2520 502 2571 Anglia
533 2521 683 2560 Graecae
719 2522 869 2572 linguae
907 2523 1136 2561 rudimenta
1176 2524 1328 2561 didicit.
1379 2530 1470 2575 post
1506 2525 1548 2561 in
1586 2524 1748 2563 Italiam
1784 2525 1990 2575 profectus

278 2576 434 2614 audivit
462 2590 635 2615 summos
670 2578 805 2625 viros',
845 2580 1045 2630 praecipue
1076 2580 1326 2617 Demetrium
1358 2579 1680 2631 Chalcondylam
1719 2587 1758 2618 et
1786 2580 1990 2631 Angelum

278 2632 536 2671 Politianum.
586 2634 726 2671 Multis
746 2635 844 2672 locis
864 2636 1055 2673 Erasmus
1077 2637 1152 2673 viri
1172 2649 1302 2674 mores
1326 2636 1629 2687 doctrinamque
1650 2636 1840 2674 laudibus
1862 2637 1986 2683 effert,

279 2701 397 2738 quem
428 2696 640 2739 patronum
663 2703 824 2741 quoque
845 2698 1213 2742 praeceptoremque
1236 2706 1351 2730 suum
1373 2694 1414 2730 in
1438 2694 1608 2744 epistola
1630 2693 1682 2731 ad
1702 2693 1989 2730 Wentfordum

370 2832 401 2872 1)
430 2833 571 2864 Erasmi
595 2834 707 2865 verba
732 2838 833 2876 sunt,
861 2846 890 2870 a.
915 2837 1010 2867 1524.
1029 2836 1176 2879 scripta.
1286 2836 1319 2877 2)
1344 2837 1411 2869 hoc
1437 2837 1661 2870 Erasmicnm
1686 2835 1815 2869 ‘nihil'
1841 2847 1911 2869 non
1935 2837 1988 2869 ita

368 2887 494 2919 stricte
520 2889 769 2930 accipiendum
797 2895 867 2923 est:
894 2903 975 2924 nam
1001 2896 1132 2935 praeter
1158 2892 1332 2935 epistolas
1359 2893 1433 2925 alia
1457 2904 1597 2936 quoque
1617 2893 1807 2936 opuscula,
1835 2893 1988 2925 Tracta-

369 2949 441 2974 tum
467 2947 593 2975 contra
610 2944 799 2978 hostiolum
818 2947 868 2979 Io.
888 2948 1064 2989 lViclevi,
1092 2949 1391 2988 Grammaticam,
1418 2949 1586 2992 vulgaria
1604 2959 1792 2991 puerorum
1813 2949 1988 2991 epigram·

369 3002 466 3031 mata
491 3000 653 3031 nominat
678 3001 808 3033 Iijcher
832 3014 865 3035 v.
885 3002 1087 3039 Grocinius.
1137 3006 1234 3044 Quos
1259 3005 1349 3037 idem
1382 3007 1470 3038 citat
1495 3006 1623 3046 libros,
1657 3005 1801 3037 Woodii
1826 3004 1986 3037 Athenas

368 3054 592 3087 Oxonienses
618 3059 652 3102 et
679 3057 846 3099 Knight's
871 3059 934 3091 life
962 3060 1000 3091 of
1025 3060 1145 3100 Colet,
1174 3061 1260 3092 mihi
1287 3061 1332 3093 ad
1357 3072 1482 3093 manus
1507 3071 1577 3093 non
1602 3064 1694 3094 sunt.
