2119 3522
599 245 649 266 EP.
664 242 706 266 31.
736 244 999 267 W‘ILLIBRORDVS
1024 245 1137 266 NICETI
1163 244 1294 266 COLPIO.
1703 225 1798 271 589

89 303 175 343 Pag.
195 301 259 337 47.
1218 303 1304 343 Pag.
1319 304 1371 334 46.
1391 313 1419 333 v.
1434 309 1466 333 ‘20
1542 302 1627 343 Pag.
1641 302 1696 333 47.
1713 312 1745 333 v.
1758 308 1801 334 15.

175 354 324 389 Statuta
357 355 503 389 reform.
523 356 589 389 fac..
608 357 674 389 art.
694 355 819 390 Ubior.
840 356 884 399 [a.
905 357 1013 399 1522]
1033 367 1062 390 c.
1082 360 1135 390 32.
1167 383 1206 397 „.
1227 383 1233 388 .
1259 355 1455 389 statuimus
1485 356 1529 389 ut
1557 354 1724 400 magistri
1754 354 1802 389 ad

175 411 392 445 facultatem
417 411 553 444 artium
578 411 719 454 recepti
743 411 853 445 modo
884 413 1057 456 regentes
1082 412 1119 445 et
1143 411 1223 445 vice
1249 422 1315 444 sua
1346 410 1530 445 ordinarie
1561 410 1802 455 praesidentes

175 466 347 500 similiter
370 466 537 511 magistri
570 466 715 500 emeriti
741 466 930 510 quondam
952 466 1046 501 hanc
1079 467 1309 511 provinciam
1334 467 1495 511 experti,
1528 466 1601 500 sint
1625 468 1663 500 et
1686 466 1801 500 nomi-

174 523 311 556 nentur
335 523 421 556 actu
438 523 610 566 regentes
626 522 664 555 in
682 522 860 557 facultate
878 523 1030 565 artium,
1055 522 1217 566 reliquos
1233 523 1428 567 magistros
1444 523 1614 567 receptos
1631 522 1695 566 qui
1718 523 1804 566 post

174 578 333 622 primam
358 577 633 622 praesidentiam
665 578 839 611 neutrum
869 578 1001 612 horum
1025 578 1185 620 faciunt,
1215 589 1283 612 nec
1309 577 1397 612 olim
1421 577 1606 621 fecerunt,
1632 578 1802 612 volumus

176 633 358 678 appellari
382 645 456 668 non
481 634 689 678 regentes“.

85 694 104 724 3
131 689 281 733 quidam
307 690 431 724 doctor
453 690 477 723 i.
496 689 535 733 22]
560 688 798 732 Reuchlinus,
825 691 888 734 qui
913 690 950 724 in
969 690 1192 724 Defensione
1220 690 1310 734 [Ind.
1329 701 1414 725 ΞΟΠ.
1431 702 1465 734 p.
1485 695 1536 725 80.
1555 702 1589 723 n.
1607 691 1694 734 xum]
1720 690 1802 724 illos

175 745 361 779 Articulos
385 745 550 779 vellicat.

85 806 106 835 4
129 802 308 845 formalis]
335 801 378 835 cf.
397 801 444 835 ad
468 813 502 845 p.
522 803 633 835 258¹7.
653 803 691 836 et
714 814 748 846 p.
768 803 878 836 285²&
896 806 960 836 287
969 804 1006 834 2⁴.

87 862 105 892 7
130 857 381 900 studitorz'um]
411 857 660 899 ‘Studorium,
688 858 747 891 ein
771 857 914 891 stadim·
936 859 1014 900 722(ss
1038 859 1124 892 oder
1149 860 1204 893 eiu
1232 859 1374 893 studim·
1396 859 1545 892 kamer'.
1588 859 1745 893 Gemma
1768 871 1802 903 g.

176 912 348 947 Studium
380 914 418 946 et
448 912 651 946 studiolum
682 924 749 957 pro
780 913 963 953 conclavi,
1002 914 1065 947 ubi
1098 914 1283 957 studetur,
1320 915 1435 947 habet
1471 915 1583 948 etiam
1615 914 1802 959 Ducange.

85 973 105 1004 8
130 969 446 1011 combibilationes]
474 968 517 1002 cf.
537 968 615 1001 Ind.
633 968 751 1013 biogr.
769 980 803 1012 p.
823 973 897 1003 347.
917 971 984 1003 art.
1003 969 1280 1004 Coinls›ibilator.

87 1029 128 1060 10
152 1026 194 1059 in
217 1028 319 1059 mort.
339 1036 371 1059 ιι.
477 1024 638 1068 confess]
666 1024 710 1058 cf.
728 1025 775 1058 ad
796 1029 836 1059 3-2
850 1026 884 1058 ¹⁰.
923 1025 1056 1060 Sextus
1080 1037 1195 1068 casus,
1221 1026 1259 1059 in
1279 1036 1352 1069 quo
1370 1026 1450 1069 quis
1474 1027 1600 1070 potest
1622 1037 1697 1060 non
1720 1038 1803 1071 pro-

175 1080 255 1126 prio
280 1080 463 1115 sacerdoti
487 1081 672 1123 confiteri,
700 1092 770 1115 sec.
790 1081 968 1115 Antonini
991 1081 1086 1116 Flor.
1105 1081 1335 1116 Summulam
1362 1082 1407 1124 (l.
1426 1093 1454 1116 c.
1473 1084 1517 1124 4.)
1545 1083 1600 1116 est
1630 1082 1803 1124 „ratione

175 1137 288 1171 studii
312 1138 355 1171 ut
379 1138 553 1178 scolares,
588 1136 732 1171 etiamsi
757 1148 830 1171 non
856 1137 929 1170 sint
952 1137 1131 1171 moraturi
1161 1138 1232 1171 nisi
1255 1149 1324 1182 per
1347 1150 1485 1172 annum
1509 1138 1546 1171 in
1571 1138 1710 1180 studio,
1744 1138 1804 1172 vel

175 1193 263 1237 quia
292 1204 365 1227 non
396 1193 538 1227 habent
560 1192 644 1237 plus
671 1192 715 1226 de
742 1193 861 1237 spatio
894 1193 950 1237 [cf.
969 1193 1016 1227 ad
1041 1195 1142 1238 31¹2]
1168 1194 1229 1228 vel
1260 1193 1306 1227 ab
1339 1193 1512 1238 episcopo
1538 1194 1598 1228 vel
1628 1193 1802 1238 capitulo,

175 1248 220 1283 de
247 1249 349 1283 cuius
374 1249 529 1283 licentia
552 1249 604 1281 ibi
629 1249 731 1286 sunt,
765 1249 826 1282 vel
852 1249 940 1292 quia
963 1250 1013 1283 sic
1039 1249 1256 1294 disponunt,
1284 1250 1344 1284 vel
1370 1250 1415 1284 de
1440 1250 1637 1294 parrochia
1659 1250 1698 1283 in
1721 1261 1803 1294 par-

174 1305 339 1339 rochiam
363 1305 565 1338 mutantur.
587 1304 773 1348 [sequitur
798 1305 842 1338 de
874 1305 1099 1349 parlamenti
1122 1305 1235 1340 Paris.
1253 1306 1441 1351 potestate
1473 1306 1661 1340 studiosos
1686 1306 1803 1340 absol-

174 1360 302 1395 vendi:
329 1361 394 1395 sed
420 1371 508 1402 „rex
525 1360 682 1404 parisius
699 1372 771 1393 non
790 1361 905 1394 habet
928 1363 1152 1405 potestatem
1177 1362 1215 1395 in
1233 1362 1498 1406 spiritualibus,
1524 1373 1592 1396 nec
1616 1362 1653 1395 in
1672 1362 1804 1396 ceteris

175 1417 346 1462 partibus
363 1416 519 1461 regni“.]

86 1478 124 1507 11
151 1473 428 1518 Bonaventura]
455 1473 499 1507 cf.
519 1473 598 1508 [nd.
616 1473 733 1517 biogr.
753 1485 787 1517 p.
806 1477 881 1508 316.
900 1473 932 1506 h.
952 1475 1018 1507 art.

86 1534 127 1565 13
153 1530 314 1574 caremus]
340 1529 519 1575 Ducange
546 1529 728 1572 „Carena
778 1530 811 1572 1)
838 1529 920 1563 Vox
950 1530 1110 1564 formata
1141 1541 1185 1564 ex
1211 1531 1452 1576 quadragena
1477 1531 1537 1565 vel
1571 1542 1615 1566 ex
1647 1542 1802 1575 quaren-

174 1587 272 1628 tana,
299 1586 583 1631 quadragesima
606 1597 701 1630 pars.
750 1588 782 1629 2)
810 1586 961 1628 Carena,
989 1586 1142 1629 carrina,
1169 1587 1491 1632 quadragesimale
1515 1587 1713 1630 ieiunium,
1740 1598 1803 1621 seu

174 1642 326 1687 publica
354 1642 586 1687 poenitentia
616 1643 661 1676 ab
693 1642 865 1686 episcopo
898 1642 1040 1676 clericis
1073 1644 1112 1677 et
1142 1643 1246 1677 laicis
1278 1645 1343 1678 aut
1372 1644 1418 1678 ab
1450 1643 1585 1678 abbate
1614 1643 1804 1677 monachis

175 1698 325 1741 indicta,
352 1709 426 1742 qua
450 1699 532 1742 quis
556 1698 722 1732 ieiunare
748 1698 866 1743 spatio
892 1703 935 1733 40
953 1698 1097 1733 dierum
1122 1700 1282 1734 tenetur.
1323 1700 1396 1734 loa.
1414 1699 1459 1734 de
1484 1699 1615 1734 Ianua:
1643 1699 1805 1734 Carrena

176 1756 214 1789 et
247 1755 399 1799 publica
436 1755 658 1798 poenitentia
689 1756 727 1788 et
763 1754 1005 1799 quadragena
1041 1755 1141 1789 idem
1180 1757 1275 1790 sunt.
1329 1755 1542 1790 Burchardo
1573 1755 1637 1789 lib.
1657 1760 1706 1790 19.
1725 1767 1754 1790 c.
1773 1760 1803 1790 5.

176 1811 327 1846 Carrina
363 1810 474 1854 (alias
512 1810 665 1853 Carina)
703 1811 758 1845 est
793 1810 937 1844 dicrum
974 1815 1017 1845 40
1054 1812 1312 1846 continuorum
1349 1812 1529 1846 ieiunium
1564 1812 1602 1845 in
1637 1823 1733 1856 pane
1767 1812 1805 1846 et

175 1878 271 1911 aqua
289 1894 295 1901 .
317 1894 323 1901 .
342 1894 348 1901 .
369 1895 374 1900 .
413 1868 448 1910 3)
467 1866 610 1901 Carena
635 1867 691 1901 cst
715 1867 829 1901 etiam
854 1866 1020 1901 remissio
1046 1878 1109 1901 seu
1135 1867 1370 1913 indulgentia
1388 1867 1569 1902 eiusmodi
1584 1871 1629 1902 40
1646 1868 1801 1910 dierum,

175 1934 257 1967 quae
283 1934 304 1956 a
328 1923 495 1957 Romano
520 1923 695 1967 pontifice
722 1923 783 1957 vel
808 1923 853 1956 ab
880 1923 1062 1967 episcopis
1087 1924 1304 1969 indulgetur
1330 1953 1335 1957 .
1356 1952 1361 1957 .
1382 1952 1388 1957 .
1415 1924 1671 1969 Quadragena,
1702 1924 1802 1958 idem

175 1979 274 2023 quod
289 1978 448 2021 Carena,
466 1979 703 2025 indulgentia
718 1984 761 2015 40
779 1980 923 2014 dierum
938 1982 1025 2013 ...“.
1075 1979 1153 2013 Hoc
1172 1991 1279 2014 sensu
1299 1981 1360 2023 (3.)
1378 1980 1412 2014 h.
1426 1980 1448 2014 l.
1466 1991 1602 2014 nomen
1620 1980 1802 2024 accipien-

175 2035 263 2069 dum
282 2046 358 2070 esse
376 2035 614 2070 manifestum
633 2037 698 2070 est.
772 2035 1041 2071 Vocabularius
1057 2036 1095 2069 in
1112 2036 1146 2069 h.
1165 2048 1197 2070 v.
1216 2047 1289 2070 non
1307 2037 1474 2080 sequitur
1489 2037 1667 2071 Ioannem
1685 2036 1730 2070 de
1748 2036 1802 2070 la—

174 2102 258 2134 nua,
283 2091 347 2125 sed
364 2103 562 2136 perperam
579 2092 693 2126 habet
707 2106 714 2125 ε
741 2092 882 2126 Carena
899 2092 1034 2125 dicitur
1051 2103 1073 2125 a
1090 2093 1256 2126 carentia
1270 2093 1462 2126 hominum
1479 2093 1541 2127 vel
1557 2092 1779 2127 cibariorum
1796 2120 1802 2125 .

174 2158 260 2181 nam
284 2158 351 2191 per
375 2152 418 2182 40
442 2148 521 2182 dies
544 2148 713 2182 ieiunant
737 2148 774 2181 in
797 2159 894 2193 pane
921 2149 958 2182 et
982 2160 1079 2192 aqua
1097 2176 1103 2182 .
1123 2149 1161 2182 et
1183 2148 1425 2182 includuntur
1447 2149 1485 2182 in
1511 2149 1634 2192 aliquo
1660 2150 1802 2183 secreto

174 2203 255 2237 loco
269 2204 374 2237 iuxta
386 2204 592 2247 ecclesiam,
607 2204 672 2238 ubi
686 2216 759 2238 non
772 2204 914 2238 habent
927 2205 1151 2239 consortium
1165 2204 1367 2245 hominum,
1384 2205 1426 2238 ut
1437 2205 1544 2239 notat
1556 2205 1801 2250 bern[ardus].

129 2259 246 2294 Hewr.
262 2260 308 2294 de
323 2259 476 2305 Hassia]
503 2260 547 2294 cf.
565 2260 643 2294 Ind.
662 2260 778 2305 biogr.
797 2272 831 2304 p.
851 2264 926 2295 388.
947 2261 1013 2294 art.
1032 2260 1170 2295 Hassia.

87 2320 128 2350 14
156 2315 328 2360 Vernem]
355 2316 398 2351 cf.
417 2316 495 2350 Iud.
512 2317 630 2362 biogr.
648 2329 683 2361 p.
701 2321 776 2351 495.
794 2317 828 2350 h.
848 2318 914 2350 art.

86 2376 127 2407 15
150 2373 249 2407 viam
274 2373 456 2417 antiquar.
475 2374 550 2417 etc]
576 2373 896 2407 nominalistarum
915 2375 953 2407 et
969 2374 1203 2408 realistarum
1220 2374 1448 2409 methodum.
1474 2374 1583 2409 aliter
1600 2386 1712 2419 supra
1728 2376 1801 2410 38¹.

175 2428 220 2463 cf.
234 2427 312 2462 Ind.
327 2429 444 2474 biogr.
464 2430 547 2463 artt.
565 2429 694 2463 Scotus
712 2430 790 2473 (qui
808 2429 879 2463 fuit
895 2430 1129 2464 realistarum
1148 2430 1209 2464 fax
1225 2432 1424 2475 tubaque),
1443 2430 1618 2464 Albertus
1635 2430 1802 2476 Magnus.

174 2484 288 2519 Plane
301 2484 373 2518 huc
388 2486 578 2529 pertinent
595 2498 675 2529 quae
692 2486 924 2520 Camerarius
941 2486 978 2519 in
996 2486 1075 2520 vita
1086 2485 1385 2520 Melanchthonis
1401 2486 1512 2531 (Lips.
1530 2490 1625 2522 1566.
1640 2489 1686 2522 8⁰.
1699 2499 1734 2531 p.
1751 2491 1802 2521 16.

175 2542 214 2575 et
229 2544 283 2575 21.
301 2542 369 2584 sq.)
387 2541 548 2585 scripsit:
576 2541 820 2586 „Theologiae
845 2542 925 2575 tum
950 2543 1107 2577 materia
1131 2553 1205 2577 non
1223 2554 1334 2577 sacrae
1351 2543 1468 2577 literae
1487 2543 1525 2576 et
1541 2543 1731 2587 scripturae
1749 2542 1802 2576 di-

174 2596 269 2630 vinae
295 2598 411 2639 erant,
438 2597 503 2631 sed
528 2597 698 2641 quaedam
725 2598 888 2632 obscurae
914 2599 952 2632 ct
977 2599 1131 2642 spinosae
1162 2598 1418 2642 intricataeque
1445 2598 1680 2642 quaestiones,
1714 2609 1801 2642 qua-

175 2663 258 2686 rum
281 2652 479 2698 nugatoria
502 2652 709 2687 subtilitate
736 2654 1005 2688 exercebantur
1029 2654 1215 2698 ingenia“.
1264 2654 1404 2696 „Erant
1427 2655 1507 2688 tum
1532 2654 1656 2688 studia
1678 2654 1802 2688 Philo*

176 2708 324 2753 sophiae,
351 2720 426 2752 qua
441 2708 646 2753 Theologia
669 2709 941 2752 involvebatur,
968 2710 1078 2744 scissa
1101 2710 1139 2742 in
1157 2709 1247 2744 duas
1264 2709 1449 2753 praecipue
1466 2711 1602 2754 partes,
1639 2710 1802 2752 Quarum

175 2775 249 2798 una
280 2763 398 2798 veluti
428 2763 659 2798 Platonicam
691 2764 736 2798 de
768 2764 874 2798 Idaeis
905 2776 968 2798 seu
1005 2765 1130 2800 formis
1160 2765 1354 2799 abstractis
1385 2766 1637 2810 separatisque
1669 2767 1715 2800 ab
1745 2767 1800 2809 iis,

176 2830 333 2864 quorum
362 2819 479 2853 moles
510 2830 705 2864 corporum
736 2820 900 2854 sensibus
931 2820 1190 2862 subiiceretur‚
1229 2821 1451 2855 sententiam
1481 2821 1667 2856 tuebatur.
1714 2822 1801 2857 Haec

176 2875 221 2910 de
248 2887 290 2910 eo
311 2875 411 2920 quod
435 2875 619 2920 generalis
637 2875 813 2920 cogitatio
839 2876 1131 2920 comprehendit,
1158 2878 1200 2910 ut
1216 2876 1425 2920 Hominem,
1444 2877 1693 2922 Animantem,
1720 2879 1801 2923 pul-

176 2931 416 2975 critudinem,
449 2932 562 2966 etiam
588 2932 768 2977 spondam
793 2933 905 2976 atque
930 2932 1152 2974 mensulam,
1185 2932 1273 2977 quia
1295 2934 1431 2968 natura
1455 2934 1493 2968 et
1522 2945 1580 2969 res
1604 2934 1801 2980 singularis

177 2987 429 3030 constituitur,
462 2987 596 3022 Reales
621 2988 682 3022 isti
714 2989 800 3022 sunt
822 2988 1013 3022 nominati.
1061 2988 1191 3023 Altera
1219 3000 1305 3034 pars
1328 2989 1568 3025 Aristotelem
1597 2991 1716 3037 magis
1747 3002 1800 3026 se-

176 3055 291 3088 quens
317 3045 478 3087 speciem
504 3045 611 3079 istam
639 3044 684 3079 de
710 3044 753 3078 iis
771 3055 852 3088 quae
877 3055 980 3078 suam
1006 3046 1175 3079 naturam
1201 3046 1281 3090 ipsa
1304 3046 1496 3089 haberent,
1523 3047 1703 3082 universis
1728 3047 1799 3081 col-
