2119 3522
665 231 715 255 ΕΡ.
729 228 772 255 58.
804 230 882 255 mvs
905 231 1071 256 PERLIRVS
1094 231 1253 255 oR'rvmo.
1719 211 1812 258 751

98 286 183 331 Pag.
201 286 294 325 277.
1171 290 1259 333 Pag.
1273 291 1349 322 276.
1368 300 1399 322 v.
1413 297 1445 321 34
1463 315 1470 321 .
1486 314 1492 321 .
1508 314 1516 321 .
1533 289 1620 332 Pag.
1634 291 1710 322 277.
1728 300 1758 322 v.
1772 297 1815 322 21.

189 369 196 376 .
216 370 223 376 .
241 369 250 377 .
276 343 340 386 qui
367 343 560 387 proposita
584 341 710 386 aliqua
734 343 896 378 dictione
924 354 968 377 ea
992 354 1038 377 an
1068 354 1204 378 nomen
1237 343 1285 377 sit
1308 343 1369 377 vel
1392 343 1549 377 verbum
1579 343 1700 377 aliave
1730 353 1816 387 pars

189 398 366 432 orationis
390 398 496 431 iuxta
520 397 727 431 doctrinam
744 397 881 432 Donati
907 400 945 432 et
960 398 1122 443 Remigii
1146 409 1214 444 per
1230 398 1499 433 diffinicionum
1523 398 1815 443 assignacionem

188 453 317 487 valent
341 452 544 486 diiudicare
570 453 609 486 et
632 463 714 486 eam
746 453 784 486 in
809 453 1063 488 accidentibus
1093 455 1166 488 suis
1192 454 1430 497 declinando,
1463 454 1713 499 coniugando,
1739 465 1814 488 mo-

187 508 326 551 vendo,
359 508 627 553 comparando,
660 519 776 553 genus
801 509 1023 554 assignando
1049 511 1087 544 et
1110 510 1207 552 aliis,
1241 521 1483 554 quaecumque
1514 510 1589 544 sint
1617 510 1698 553 illa,
1732 521 1813 544 con-

186 564 367 608 gruitates
392 564 553 607 denique
584 574 652 608 per
682 563 830 608 regulas
854 565 1064 609 generales,
1097 566 1280 611 regimina
1311 566 1349 600 et
1377 566 1674 600 construcciones
1704 576 1814 610 expe—

186 619 266 654 dire
293 621 331 654 et
354 619 503 664 regulas
526 619 744 653 Allexandri
769 620 816 654 ad
841 620 987 665 singula
1010 621 1190 665 praedicta
1214 622 1403 666 adaptare.
1450 622 1492 655 In
1516 621 1640 666 parvis
1664 621 1814 665 loycali-

186 676 254 709 bus
279 701 287 709 .
313 702 321 710 .
344 702 352 710 .
377 676 442 719 qui
481 675 518 709 in
558 675 779 709 tractatibus
819 676 1137 720 supposicionum,
1185 677 1490 721 ampliacionum,
1527 677 1812 719 restrictionum,

188 731 488 775 appellacionum
529 730 799 775 exponibilium
839 732 878 764 et
909 732 1263 775 consequenciarum
1302 733 1527 777 generaliter
1558 743 1596 766 se
1638 732 1813 777 expedire

187 788 342 830 possunt
367 813 375 821 .
393 813 401 820 .
419 813 427 821 .
445 813 452 820 .
501 785 574 820 Sed
605 786 643 819 in
668 786 795 820 vetere
827 787 906 820 arte
932 812 940 820 .
959 813 966 820 .
984 813 992 821 .
1018 788 1082 831 qui
1113 787 1203 831 quid
1227 798 1380 831 nomen,
1413 789 1502 832 quid
1527 788 1683 822 verbum
1714 788 1814 832 apud

185 842 333 885 loycum
365 841 587 885 propositio,
622 852 703 884 quae
736 841 862 885 qualia
886 842 1026 885 quanta
1050 843 1089 876 et
1111 842 1148 875 in
1175 854 1249 886 qua
1271 844 1429 878 materia
1452 844 1516 887 sit,
1543 855 1584 878 ac
1610 844 1708 878 circa
1732 854 1813 877 eam

185 897 460 941 opposiciones,
491 896 611 941 leges,
644 897 902 931 conversiones
928 898 967 931 et
991 897 1087 941 aequi
1111 898 1315 942 pollencias
1345 899 1482 941 sciunt,
1515 900 1553 933 et
1575 899 1643 933 1100
1668 909 1741 942 quo
1767 898 1814 932 ad

186 953 469 997 periermenias,
501 953 566 986 sed
592 963 664 996 quo
696 952 744 986 ad
779 952 914 986 librum
938 952 1125 996 Porphirii
1156 953 1402 988 diffiniciones
1432 955 1596 998 quinque
1627 953 1813 987 universa-

187 1009 289 1050 lium,
317 1010 355 1042 et
378 1008 538 1042 termino
555 1007 746 1052 proposito
764 1018 811 1042 an
829 1009 1036 1043 universale
1054 1009 1291 1053 praedicabile
1308 1021 1436 1054 genus,
1459 1011 1592 1053 speeies
1617 1010 1652 1054 [5³
1670 1009 1723 1046 Z.:
1743 1010 1813 1053 sss],

184 1063 396 1098 differentia
420 1064 481 1098 vel
505 1064 607 1098 aliud
631 1063 897 1097 universalium
930 1065 993 1106 sit,
1028 1066 1067 1099 et
1090 1076 1162 1108 quo
1188 1065 1235 1099 ad
1266 1066 1403 1100 librum
1426 1065 1811 1110 praedicamentorum,

184 1119 284 1163 quod
310 1121 348 1154 et
378 1131 460 1164 quae
492 1120 567 1153 sint
598 1119 1059 1163 antepraedicamentorum
1090 1131 1180 1154 vera
1209 1121 1499 1165 praedicamenta
1530 1122 1568 1155 et
1597 1121 1813 1165 postpraedi-

185 1177 372 1218 camenta‚
405 1176 443 1209 et
473 1175 511 1209 in
543 1185 616 1219 quo
648 1175 937 1219 praedicamento
968 1177 1015 1211 sit
1045 1177 1226 1211 terminus
1256 1177 1316 1211 vel
1346 1178 1481 1211 natura
1516 1188 1584 1221 per
1612 1177 1812 1210 terminum

183 1231 392 1276 significata
417 1232 455 1265 et
479 1231 553 1265 alia
570 1258 578 1265 .
596 1258 603 1265 .
621 1231 821 1275 generalia.
862 1231 903 1265 In
929 1242 1026 1266 nova
1049 1233 1158 1276 loyca
1181 1234 1437 1277 competenter
1453 1233 1544 1267 scire
1563 1232 1703 1266 debent
1719 1232 1809 1276 quid

184 1287 421 1331 sillogismus,
448 1287 539 1330 quid
564 1286 706 1329 modus,
733 1287 823 1330 quid
848 1287 968 1332 figura
993 1290 1064 1330 est,
1092 1290 1131 1323 et
1154 1288 1313 1323 formare
1337 1288 1375 1322 in
1401 1289 1501 1322 omni
1531 1288 1651 1332 figura
1675 1289 1714 1322 et
1736 1298 1812 1322 mo-

184 1343 240 1376 dis
264 1342 502 1387 sillogismos,
529 1343 567 1376 et
591 1342 678 1386 quid
706 1342 877 1377 induccio
902 1343 1067 1378 enthime
1093 1345 1132 1377 et
1155 1345 1356 1387 eoeemplum
1381 1344 1454 1388 [Z.:
1482 1345 1603 1388 exfii],
1637 1345 1675 1378 et
1698 1344 1735 1377 in
1760 1344 1812 1377 eis

183 1398 343 1432 formare
369 1399 459 1442 apta
483 1398 666 1441 exempla.
715 1397 755 1431 Ι11
781 1393 937 1442 physica
960 1399 1098 1433 sufficit
1120 1400 1401 1444 generalissima
1425 1400 1603 1444 cognicio.

183 1454 250 1488 art.
272 1458 322 1489 10.
342 1454 540 1498 „Reputat
568 1453 725 1488 facultas
755 1454 895 1488 arcium
921 1454 1051 1498 dignos
1082 1455 1296 1499 magisterio
1322 1455 1385 1499 qui
1417 1466 1454 1489 se
1485 1456 1580 1490 bene
1610 1455 1751 1489 habent
1774 1456 1811 1487 in

183 1511 312 1544 vetere
338 1511 437 1552 arte,
463 1509 501 1542 in
526 1519 624 1543 nova
647 1509 785 1554 logica,
819 1510 857 1543 in
881 1510 1121 1555 philozophia
1144 1511 1316 1553 naturali,
1343 1511 1380 1544 in
1406 1511 1649 1555 metaphisica
1673 1511 1711 1544 et
1733 1511 1812 1554 phi—

183 1565 353 1610 losophia
388 1565 521 1600 morali
552 1566 826 1609 competentem
865 1566 903 1600 et
932 1576 1005 1600 non
1037 1567 1143 1600 curat
1176 1566 1215 1600 in
1246 1577 1291 1600 ea
1326 1567 1432 1610 parte
1468 1566 1654 1601 mitiorem
1690 1566 1811 1600 facere

183 1622 497 1664 declaracionem,
530 1621 619 1665 quia
641 1621 764 1655 nullus
795 1621 832 1655 in
859 1622 1000 1656 artibus
1025 1622 1200 1656 alciorem
1225 1623 1382 1667 gradum
1413 1622 1627 1668 magisterio
1651 1622 1811 1656 nancisci

182 1680 307 1723 potest
323 1705 331 1713 .
350 1705 358 1712 .
369 1681 401 1713 “.

96 1739 135 1769 10
158 1745 234 1769 ‘non
257 1735 349 1769 satis
372 1734 552 1778 complev.]
579 1733 688 1768 Statt.
706 1734 784 1768 citt.
799 1733 842 1768 V.
860 1737 890 1768 2.
909 1733 959 1777 (Z.
977 1746 1012 1778 p.
1030 1738 1107 1769 443.
1125 1737 1192 1778 sq.)
1218 1733 1418 1778 „Decanus
1435 1735 1502 1768 sub
1520 1745 1585 1768 suo
1602 1734 1810 1768 iuramento

182 1791 296 1825 debet
321 1801 398 1825 esse
424 1791 596 1824 astrictus
620 1791 789 1834 tempore
815 1790 1100 1834 dispensationis
1125 1801 1290 1834 quaerere
1316 1790 1377 1824 vel
1402 1791 1516 1834 quaeri
1537 1790 1659 1824 facere
1685 1800 1812 1824 omnes

181 1847 393 1891 promoveri
423 1846 592 1881 volentes
622 1846 660 1879 in
691 1846 786 1880 libro
817 1846 1089 1890 complencium
1120 1846 1324 1888 facultatis,
1363 1847 1401 1880 et
1430 1846 1592 1880 studiose
1623 1846 1811 1889 inquirere

181 1903 227 1937 de
253 1902 434 1947 quolibet,
459 1913 506 1937 an
534 1902 623 1936 istas
646 1901 825 1936 lectiones
850 1903 889 1936 et
913 1902 1104 1944 exercicia,
1131 1903 1226 1936 sicut
1249 1902 1287 1935 in
1312 1912 1378 1935 sua
1401 1902 1552 1936 scedula
1567 1901 1810 1946 consignavit,

182 1958 429 2003 compleverit
453 1959 492 1992 et
523 1958 628 1992 iuxta
658 1958 799 1992 statuta
824 1958 1011 1992 audiverit
1035 1959 1074 1992 et
1103 1958 1338 2000 satisfecerit,
1370 1958 1587 2002 nullamque
1611 1958 1810 1992 lectionem

180 2015 336 2050 totalem
361 2015 426 2049 aut
449 2014 673 2049 exercicium
698 2013 814 2048 totale
839 2014 1058 2058 neglexerit.
1107 2013 1229 2058 Siquis
1254 2015 1380 2048 autem
1404 2024 1447 2048 ex
1474 2013 1703 2048 auditoribus
1727 2024 1809 2058 pro-

180 2070 374 2105 movendis
397 2070 648 2105 tollerabilem
673 2069 862 2104 defectum
887 2070 1061 2105 habuerit
1085 2071 1124 2104 et
1140 2070 1440 2115 dispensabilem,
1467 2069 1702 2114 dispensetur
1725 2080 1809 2103 cum

181 2127 314 2162 eodem
338 2153 347 2161 .
366 2153 373 2160 .
392 2153 400 2161 .
430 2126 481 2160 sic
519 2126 619 2170 quod
654 2126 960 2160 baccalariandus
995 2139 1058 2169 xv,
1097 2126 1371 2171 magistr-andus
1402 2138 1472 2159 m
1508 2136 1651 2169 grossos
1690 2125 1812 2159 solvat

179 2193 247 2228 pro
284 2182 574 2227 dispensacione.
630 2181 668 2216 Si
700 2183 825 2217 autem
861 2183 1057 2227 negligens
1092 2182 1174 2227 quis
1211 2181 1361 2216 omnino
1398 2181 1511 2216 fuerit
1535 2209 1542 2215 .
1567 2209 1575 2216 .
1600 2208 1625 2225 .,
1661 2181 1709 2215 sit
1743 2181 1809 2214 im-

179 2239 365 2284 peditus.“

91 2297 132 2329 12
157 2295 288 2339 timaae]
313 2294 514 2329 Pulchrum
540 2295 596 2329 est
619 2294 688 2329 hoc
712 2295 1033 2338 baccalaureandi,
1060 2295 1125 2339 qui
1144 2294 1293 2329 Catonis
1316 2294 1481 2328 ‘vendax
1502 2294 1541 2328 et
1557 2294 1681 2327 emax’
1708 2293 1808 2326 certe

179 2361 253 2385 non
278 2350 433 2395 legerat,
458 2350 523 2385 sed
547 2351 674 2386 tamen
690 2351 848 2386 insciens
865 2362 1004 2395 sequax
1028 2351 1148 2385 factus
1174 2351 1239 2394 est,
1265 2351 1459 2385 inventum
1486 2352 1566 2394 (pro
1592 2349 1807 2393 ‘timidus⁷),

179 2407 245 2442 sed
268 2406 459 2451 pulchrius
484 2409 523 2441 et
546 2408 668 2441 totum
692 2418 830 2442 novum
856 2408 912 2442 est
935 2407 1103 2452 magistri

92 2467 131 2498 13
156 2463 327 2508 iynomoe]
353 2473 421 2506 pro
449 2463 673 2507 ‘ignorans',
699 2463 947 2506 inlitteratus,
973 2463 1085 2507 plane
1111 2463 1291 2497 indoctus,

93 2523 132 2554 15
156 2520 281 2554 univi).
299 2519 407 2552 valde
422 2519 663 2564 minorentur]
690 2519 735 2553 cf.
755 2523 832 2562 259,
850 2529 877 2553 4.
891 2532 937 2562 sq.
955 2529 997 2554 23.

91 2580 131 2610 17
156 2574 361 2618 rebellavit]
389 2573 562 2618 Suspicor
586 2575 655 2609 hoc
680 2575 836 2609 verbum
862 2576 967 2619 quasi
993 2576 1089 2609 esset
1111 2576 1339 2610 widerbellen
1364 2575 1588 2618 (relati-are),
1613 2574 1648 2608 11.
1665 2573 1688 2608 l.
1706 2585 1807 2608 usur-

179 2631 309 2675 patum
328 2640 416 2664 esse.
443 2630 678 2673 „Rebellare,
704 2630 931 2672 rebellisare,
948 2631 1230 2673 widerstreiten,
1254 2631 1422 2673 -fechte‘n,
1449 2631 1620 2675 -krieqen,
1643 2630 1808 2671 -treiben,

180 2686 345 2728 -streben,
370 2685 537 2730 -spemeiy
561 2696 592 2720 0.
611 2687 751 2731 -wertiy
774 2687 865 2729 sein,
891 2690 1067 2730 —streuem
1095 2688 1324 2722 —strubbelnf‘
1355 2686 1524 2721 Diefenb.
1545 2686 1702 2721 Glossar.
1720 2686 1754 2719 h.
1774 2698 1807 2720 v.

91 2747 132 2778 18
156 2744 220 2778 hoe
242 2743 322 2777 volo
345 2742 500 2786 servare]
525 2741 634 2775 huius
658 2742 802 2776 iniuriae
819 2753 968 2786 poenam
985 2753 1140 2786 sumam,
1166 2753 1315 2787 poenam
1332 2743 1428 2784 lues3
1455 2744 1497 2776 ut
1519 2738 1705 2785 Hodieque
1730 2742 1805 2775 vol-

178 2810 246 2844 gus
271 2799 340 2833 das
361 2798 437 2832 will
460 2797 518 2832 ich
543 2797 604 2831 dir
627 2798 809 2841 aufheben
833 2799 887 2834 bis
904 2819 957 2833 —.
990 2798 1095 2840 Quod
1120 2798 1230 2833 hodie
1248 2798 1339 2832 mihi
1362 2797 1548 2840 intrivisti‚
1574 2798 1611 2831 in
1637 2798 1806 2832 examine

179 2854 249 2888 tibi
273 2853 508 2888 exedendum
533 2853 613 2887 erit.

91 2914 131 2945 19
150 2910 238 2954 pati
259 2910 482 2953 reiicioozem]
508 2909 531 2943 i.
549 2920 579 2943 e.
597 2909 848 2952 reiectionem,
875 2910 975 2944 reici.
1023 2909 1076 2945 Cf.
1095 2910 1296 2945 ‘reiicitus’
1322 2912 1375 2945 4⁵.

88 2970 128 3001 21
155 2976 232 3000 ‘non
254 2966 384 3000 habent
410 2992 416 2999 .
436 2992 442 2999 .
462 2992 468 2998 .
495 2965 718 3010 bacularios]
751 2965 962 2999 Secundum
993 2966 1127 3000 Iuliani
1157 2967 1245 3011 imp.
1268 2966 1307 3000 L.
1325 2971 1356 3001 5.
1373 2966 1440 3001 Th.
1465 2965 1502 3001 C.
1520 2967 1566 3002 de
1590 2967 1744 3002 medicis
1769 2968 1807 3002 et

178 3021 446 3066 professoribus
485 3034 560 3055 xm.
584 3026 614 3056 3.
640 3024 701 3066 [ε
726 3021 763 3055 L.
789 3025 819 3056 7.
845 3021 931 3056 Iust.
957 3021 1043 3055 Cod.
1069 3022 1114 3056 de
1152 3022 1385 3066 professor-ib.
1411 3024 1449 3057 et
1486 3023 1639 3057 medicis
1670 3035 1703 3057 X.
1730 3024 1801 3068 52]
