2119 3522
695 234 870 257 GRIMANVS
896 250 903 257 .
917 250 925 258 .
940 251 948 259 .
975 235 1186 258 GRONINGEN.
1702 216 1798 261 385

81 365 116 388 a.
142 350 262 389 1515.
285 350 434 400 scripta
461 349 629 395 salutat,
670 351 820 401 quique
862 352 1013 401 primus
1045 351 1151 388 inter
1176 350 1395 388 Reuchlini
1424 349 1621 400 Anglicos
1653 350 1799 387 amicos

80 404 347 444 nominatur?
395 405 459 442 Ex
479 405 601 443 Italia
632 419 815 444 reversus
840 407 1040 444 Grocinus
1071 407 1242 457 primum
1265 406 1426 444 Graecas
1456 406 1612 444 litteras
1635 404 1797 453 Oxonii,

80 469 163 499 tum
183 462 364 499 Londini
386 461 437 499 ad
459 475 488 500 s,
506 461 626 499 Pauli
647 462 791 509 aedem,
817 464 880 500 eui
900 463 1078 500 Ioannes
1097 461 1260 500 Coletus
1285 462 1461 500 decanus
1484 463 1663 513 praefuit,
1687 462 1798 500 theo-

78 519 227 569 logiam
260 518 408 555 ‹locuit.
473 516 573 555 Cum
603 517 760 556 Thoma
791 519 964 557 Linacro
999 518 1283 569 Gnilelmoque
1313 519 1539 564 Latimero,
1574 531 1673 569 quos
1705 519 1800 556 item

79 575 270 611 Erasmus
309 587 401 611 suos
438 574 583 610 amieos
615 586 721 624 saepe
752 573 962 624 praedicat,
1006 574 1205 612 Groeinus
1236 574 1468 612 Aristotelis
1501 588 1624 625 opera
1654 574 1800 612 Latine

81 631 202 668 edere
233 630 310 667 sibi
341 635 624 680 proposuerat,
661 631 770 681 quod
801 637 936 669 tamen
969 644 1068 681 opus
1100 643 1308 680 nunquam
1339 631 1502 681 prodiit.

170 706 203 745 3)
221 707 355 738 Illustr.
374 706 482 737 viror.
503 705 548 736 ad
567 706 757 737 Reuchlin.
775 717 853 748 epp.
874 707 970 740 1519.
988 707 1034 738 4⁰.
1054 717 1135 748 pag.
1156 710 1248 738 ΗΠΒ-

81 794 353 823 GRONINGEN
382 799 413 825 s,
438 785 641 835 Grening,
674 786 892 832 Martinus,
927 787 1057 836 patria
1078 786 1328 832 Bromensis,
1364 800 1383 823 e
1413 792 1533 836 gente
1559 800 1647 837 quae
1669 787 1802 825 adhuc

80 843 135 880 ibi
174 843 307 889 floret,
349 842 541 888 „iurista,
585 842 724 879 doctor
755 841 967 888 Senensis,
1010 847 1054 879 ut
1095 842 1180 891 ipse
1222 842 1336 888 dicit,
1380 843 1476 880 satis
1508 849 1730 892 praetensus
1763 850 1802 880 et

79 898 290 949 superbus.
339 899 424 948 ipse
459 897 579 935 debet
608 898 818 935 latinisare
841 897 1059 948 Speculum
1091 898 1269 944 oculare,
1306 904 1344 935 et
1375 904 1436 935 est
1464 899 1584 936 valde
1613 912 1800 949 praesum-

80 961 267 1006 ptuosus,
302 955 397 1005 quia
428 954 537 1004 cupit
566 954 710 992 videri.
758 954 884 1004 aliqui
914 954 1086 992 laudant
1117 955 1241 992 eum“
1267 953 1317 1001 (p.
1337 959 1413 989 203.
1434 955 1456 990 i.
1474 956 1496 990 f.
1519 960 1595 990 204.
1613 955 1730 1005 init),
1764 962 1803 992 et

80 1025 114 1056 p.
132 1016 207 1047 263.
224 1012 246 1046 i.
263 1012 286 1046 f.
317 1016 413 1057 „est
433 1024 537 1047 unus
569 1010 671 1047 alius
696 1007 861 1061 [Romae]
894 1011 1048 1048 scilicet
1081 1010 1220 1047 doctor
1241 1010 1441 1048 Martinus
1465 1010 1705 1061 Groningen
1735 1012 1803 1061 qui

82 1067 202 1105 (lebet
232 1067 452 1104 transferre
484 1066 703 1117 Speculum
742 1067 914 1105 oculare.
969 1081 1043 1117 ego
1074 1067 1258 1104 intellexi
1297 1067 1405 1117 quod
1444 1068 1636 1117 magister
1666 1073 1805 1105 noster

80 1124 253 1162 Iacobus
287 1123 400 1160 (labit
432 1123 467 1160 ei
499 1129 659 1160 centum
693 1123 858 1160 ducatos
890 1124 931 1160 in
964 1123 1118 1160 occulto
1151 1123 1260 1173 quod
1300 1123 1529 1160 falsificabit
1558 1123 1628 1174 Sp,
1652 1138 1730 1170 oc.,
1765 1129 1804 1160 et

80 1181 113 1217 si
146 1180 283 1226 faciet,
325 1185 421 1216 tunc
454 1180 564 1216 eritis
595 1179 780 1217 victores.
837 1185 876 1217 et
906 1193 1024 1230 spero
1057 1179 1166 1231 quod
1198 1180 1266 1217 ille
1299 1180 1440 1217 doctor
1470 1180 1640 1217 faciet“.
1702 1180 1803 1231 Spes

81 1236 249 1286 probum
280 1236 517 1286 Philippum
548 1236 722 1273 Sartoris
761 1236 921 1273 fefellit.
982 1236 1203 1286 Postquam
1235 1235 1399 1286 Speeuli
1439 1237 1611 1274 ocularis
1651 1236 1700 1274 ab
1741 1249 1802 1273 ac-

81 1298 263 1330 cusatore
302 1292 548 1328 Hoclistrato
591 1291 789 1329 iudicibus
827 1292 1021 1330 Romanis
1064 1293 1310 1342 propositam
1350 1292 1538 1330 Latinam
1575 1294 1803 1330 versionem

81 1348 264 1386 WViekius
301 1347 520 1385 Reuchlini
564 1354 801 1398 procurator
844 1349 979 1385 multis
1022 1349 1121 1385 locis
1167 1349 1308 1385 falsam
1355 1362 1440 1386 esse
1470 1347 1799 1395 ''a‹lfir1naverat¹,

83 1404 562 1451 „Revereridissimorum
594 1404 769 1441 iudicum
805 1405 846 1441 in
878 1404 977 1441 urbe
1008 1405 1136 1442 Roma
1168 1405 1278 1441 iussu
1311 1404 1395 1442 (lati
1425 1410 1519 1442 sunt
1550 1405 1599 1442 ab
1630 1411 1803 1455 utraque

81 1461 255 1511 partium
293 1461 535 1511 interpretes
577 1461 713 1507 iurati,
754 1474 859 1498 unus
900 1467 939 1498 et
977 1461 1072 1498 item
1112 1461 1230 1507 alter,
1272 1462 1339 1511 qui
1373 1460 1546 1498 Oculare
1587 1461 1803 1511 Speculum

83 1516 304 1567 Capnionis
338 1517 386 1554 (le
416 1517 557 1566 lingua
581 1516 821 1555 Alemanica
852 1518 893 1554 in
924 1518 1093 1555 latinam
1124 1522 1350 1563 verterent,
1384 1530 1554 1567 quorum
1584 1517 1803 1555 traductio-

81 1574 198 1611 nibus
239 1574 476 1610 examinatis
516 1579 682 1623 accepta
721 1579 781 1611 est
819 1574 1052 1624 interpretis
1083 1573 1372 1611 Reuehlinistae
1404 1574 1568 1610 Martini
1602 1573 1804 1624 Groningi

78 1630 291 1667 translatio
323 1643 420 1667 sane
453 1630 621 1667 inventa
652 1630 805 1676 verior,
839 1630 902 1667 cui
933 1629 1084 1680 ubique
1115 1636 1311 1667 terrarum
1340 1630 1621 1680 praeficiendus
1651 1636 1711 1668 est
1738 1630 1805 1667 hic

81 1685 345 1737 prologus“²,
388 1687 455 1736 qui
494 1686 591 1723 satis
624 1685 783 1723 doctum
819 1686 1175 1736 transferendique
1208 1700 1259 1724 ex
1289 1686 1369 1724 alia
1400 1687 1440 1723 in
1473 1687 1593 1724 aliam
1623 1687 1805 1737 linguam

82 1743 257 1780 officium
297 1742 401 1780 bene
441 1742 655 1780 callentem
694 1743 823 1780 virum
862 1743 1009 1793 prodit.
1069 1743 1319 1780 Reuchlinus
1358 1756 1381 1779 a
1414 1742 1627 1793 Groningo
1660 1743 1804 1780 litteris

82 1799 133 1837 ad
166 1813 256 1836 eum
279 1799 316 1836 (1.
336 1799 400 1835 23.
420 1798 539 1837 Febr.
558 1812 593 1836 a.
614 1800 734 1836 1515.
755 1797 880 1836 datis3
911 1801 1102 1850 petierat,
1136 1805 1179 1836 nt
1211 1799 1408 1849 „singula
1439 1800 1680 1837 transferret
1711 1812 1803 1837 con—

82 1856 263 1893 formiter
301 1855 353 1892 ad
391 1855 599 1892 materiam
638 1855 906 1902 subiectam“,
956 1862 995 1893 et
1035 1855 1243 1893 Cochlaeus
1281 1856 1478 1892 Bononiae
1511 1856 1750 1894 d.31.Dee.
1769 1869 1803 1892 a.

84 1911 524 1949 1516.Pirckheimero
556 1909 755 1961 scripsit⁴2
793 1910 1069 1961 „(Huttenus)
1101 1912 1261 1949 Nudius
1293 1913 1435 1949 tertius
1467 1912 1678 1962 epistolam
1708 1912 1806 1949 mihi

83 1967 261 2005 ostendit
281 1968 418 2004 Romae
450 1981 472 2004 a
493 1968 668 2004 Martino
693 1967 905 2005 Groninck
934 1969 1141 2018 scriptam,
1175 1981 1255 2018 qua
1286 1975 1434 2005 certam
1456 1968 1682 2005 Reuchlino
1714 1982 1804 2018 pro-

82 2024 203 2061 mittit
233 2024 459 2070 victoriam,
494 2024 676 2074 quamvis
707 2024 782 2061 hac
812 2030 951 2062 aestate
982 2038 1133 2062 summo
1166 2025 1385 2062 certamine
1412 2025 1600 2075 utrinque
1622 2025 1673 2061 sit
1692 2023 1803 2062 labo-

82 2081 260 2118 ratum“.
327 2080 463 2117 Medio
494 2094 528 2117 a.
556 2082 674 2118 1517.
699 2080 933 2131 Groningus
976 2095 1026 2118 ex
1061 2080 1183 2118 Italia
1219 2080 1344 2128 abiit3
1395 2079 1591 2118 Caesarius
1625 2080 1804 2118 Coloniae

85 2137 121 2174 d.
142 2138 178 2174 8.
199 2136 309 2186 Sept.
329 2151 364 2174 a.
387 2136 506 2173 1517.
524 2136 750 2174 Reuchlino
782 2137 866 2174 haec
896 2135 1077 2174 scribit⁶1
1120 2137 1309 2183 „Doctor
1338 2137 1537 2174 Martinus
1571 2136 1804 2187 Groningus

84 2194 215 2243 patria
245 2193 494 2239 Brelnensis,
536 2192 605 2229 ubi
637 2206 686 2230 ex
716 2192 826 2231 Urbe
860 2193 1071 2231 Coloniam
1102 2193 1240 2240 rediit,
1282 2193 1333 2230 ad
1364 2207 1426 2231 me
1460 2193 1642 2240 divertit,
1684 2199 1805 2243 atque

83 2263 155 2299 per
185 2262 362 2287 mensem
394 2249 478 2286 fere
510 2250 551 2286 in
585 2249 738 2286 aedibus
770 2251 867 2287 meis
898 2256 1081 2288 versatus
1114 2256 1153 2287 et
1173 2250 1399 2300 hospitatus
1423 2255 1495 2288 est.
1556 2250 1725 2288 Interim
1754 2262 1805 2287 ne

85 2305 169 2343 dies
201 2305 364 2356 quidem
395 2305 490 2352 fuit,
526 2307 565 2343 in
599 2319 676 2356 quo
710 2320 791 2343 non
815 2307 864 2344 de
886 2312 925 2345 te
948 2307 1204 2344 commentati
1227 2307 1434 2344 fuerimus.
1501 2306 1619 2343 Multi
1644 2319 1805 2356 quoque

84 2362 133 2399 ob
166 2362 337 2400 eandem
369 2375 529 2399 causam
561 2362 610 2399 ad
644 2377 717 2399 nos
750 2369 968 2411 venerunt,
1003 2369 1046 2400 ut
1077 2376 1310 2413 quanquam
1341 2363 1439 2400 alias
1463 2363 1561 2400 certi
1584 2375 1670 2400 esse
1692 2368 1804 2412 pote-

83 2424 174 2456 rant
206 2418 255 2456 de
287 2431 416 2456 causae
446 2424 524 2456 tuae
557 2419 597 2456 in
619 2419 729 2456 Urbe
761 2425 953 2466 tractatu,
990 2433 1038 2457 ex
1069 2419 1139 2456 illo
1167 2425 1303 2457 tamen
1333 2419 1493 2470 planius
1516 2419 1804 2469 intelligerent,

83 2476 188 2513 inter
219 2488 317 2525 quos
349 2475 524 2525 quadam
555 2482 673 2513 nocte
711 2477 829 2513 simul
867 2490 1023 2514 eramus
1055 2477 1256 2527 praecipue
1286 2476 1460 2513 Illustris
1490 2475 1616 2513 Novae
1648 2475 1807 2526 Aquilae

86 2531 246 2578 (jomeS,
287 2531 494 2569 Iohannes
528 2531 781 2582 Capellarius
814 2533 913 2570 alias
948 2533 997 2570 de
1028 2533 1157 2583 Regio
1189 2532 1320 2582 Pago,
1362 2538 1401 2570 et
1431 2532 1634 2570 Henricus
1665 2531 1806 2568 Mono-

85 2601 196 2625 ceros
228 2587 326 2624 alias
359 2587 408 2625 de
439 2587 639 2636 Wesalia,
680 2594 806 2627 totam
838 2589 947 2626 illam
978 2595 1138 2626 noctem
1168 2594 1300 2626 tecum
1331 2589 1612 2638 transegimus.
1675 2586 1806 2625 Credo

84 2645 137 2681 mi
171 2642 377 2694 Capnion,
420 2657 552 2694 neque
593 2645 684 2682 fatis
723 2658 856 2696 neque
894 2646 1071 2682 humano
1112 2644 1280 2682 consilio
1322 2646 1523 2690 evenisse,
1565 2644 1635 2681 sed
1670 2643 1808 2681 divina

178 2788 208 2827 1)
232 2788 277 2821 ef.
299 2798 407 2830 supra
426 2799 459 2829 p.
480 2789 554 2821 135.
584 2788 715 2830 Consp.
736 2789 893 2822 chronol.
915 2789 958 2820 ad
978 2789 1012 2820 d.
1032 2791 1083 2821 13.
1105 2790 1181 2822 Ian.
1202 2799 1232 2820 a.
1255 2790 1350 2821 1515.
1468 2789 1500 2828 2)
1522 2789 1611 2819 Haec
1631 2799 1710 2819 cum
1729 2789 1806 2830 ipso

175 2843 325 2885 prologo
345 2847 428 2875 sunt
446 2845 482 2874 in
499 2843 633 2878 Illustr.
651 2846 761 2877 viror.
781 2845 825 2876 ad
844 2845 994 2878 Reuehl.
1012 2856 1092 2887 epp.
1114 2857 1145 2887 p.
1161 2845 1188 2875 B
1246 2846 1271 2875 Ρ»
1286 2850 1358 2875 111³.
1385 2844 1440 2878 Cf,
1456 2855 1564 2886 supra
1582 2856 1615 2886 p.
1633 2845 1706 2878 135.
1727 2848 1809 2886 post

176 2902 248 2934 not,
268 2902 297 2934 1,
319 2900 380 2935 cit.
401 2903 437 2931 et
459 2900 549 2932 Maii
572 2901 636 2932 vit.
655 2900 805 2934 Reuchl.
823 2912 856 2942 p,
870 2902 947 2933 471.
965 2912 1016 2942 sq.
1131 2901 1165 2941 3)
1187 2902 1233 2935 cf.
1251 2911 1360 2942 supra
1384 2912 1416 2942 p.
1437 2902 1512 2933 136.
1533 2900 1665 2942 Consp.
1685 2900 1808 2932 chron.

177 2955 222 2987 ad
239 2955 272 2987 d.
291 2957 344 2990 23.
366 2956 472 2988 Febr.
495 2967 526 2989 a.
548 2957 643 2988 1515.
737 2958 771 2997 4)
790 2957 893 2991 Hutt.
913 2957 1006 2999 Opp.
1025 2958 1052 2988 I.
1074 2969 1107 2999 p.
1125 2956 1305 2989 12917-wq·
1337 2958 1382 2988 cf.
1402 2967 1511 2999 snpra
1530 2968 1562 2998 p.
1580 2958 1655 2989 141.
1677 2956 1807 2998 Consp.

177 3012 298 3045 chron.
314 3012 360 3044 ad
378 3012 409 3045 d.
423 3014 477 3044 ⁶29.
495 3011 561 3052 (sic
579 3012 631 3043 ibi
650 3023 713 3054 pro
728 3014 795 3052 31.)
811 3012 898 3046 Dec.
915 3023 946 3045 a.
961 3014 1058 3048 1516,
1154 3013 1187 3054 5)
1204 3014 1305 3045 Hutt.
1323 3013 1616 3055 Opp.1.p.148⁶.
1710 3013 1744 3053 6)
1761 3012 1808 3044 cf.

179 3078 285 3110 supra
305 3079 337 3110 p.
356 3069 410 3101 44.
431 3067 561 3110 Consp.
583 3067 704 3102 chron.
724 3068 768 3100 ad
790 3079 868 3100 eum
889 3068 996 3101 diem.

138 3135 228 3155 nv'rr.
247 3135 311 3155 OPP.
332 3136 432 3154 SVPPL.
453 3136 483 3154 11.
1497 3129 1537 3158 :25
