2119 3522
285 214 380 260 620
715 226 979 250 COMMENTARIVS
1003 225 1049 247 AD
1075 226 1145 247 EPP.
1164 226 1194 246 Ο.
1212 226 1243 247 V.
1270 225 1347 246 VOL.
1365 224 1387 246 1.
1413 223 1555 246 APPEND.

282 290 366 331 Pag.
386 288 447 325 64.

285 347 324 376 12
348 341 595 385 sermonisare]
623 338 868 374 sermocinari.
906 337 1127 379 Sei-monari,
1153 335 1400 379 sermonizari,
1426 335 1661 370 sermosinari
1684 335 1799 370 habet
1822 335 1988 381 Ducang.

370 397 451 432 Ital.
467 396 759 440 sevmzoneyyiare.

284 458 323 488 13
347 454 401 488 vel
425 479 432 486 .
451 480 458 486 .
477 479 484 486 .
509 453 636 496 natus]
668 451 691 485 i.
710 462 740 485 6.
757 451 895 485 sowahr
923 450 980 484 ich
1016 449 1148 484 ehelich
1182 450 1331 494 θεων-611
1364 448 1554 491 (ehelicher
1583 447 1716 481 Eltern
1744 447 1872 490 Kind,
1906 448 1991 482 hein

371 508 609 549 Harenkind)
635 508 715 549 bin,
740 507 783 540 ut
806 518 840 550 p.
859 507 946 540 65²⁹.
967 505 1044 539 ‘vel
1069 505 1137 539 sim
1162 505 1338 549 spurius'.
1374 504 1548 549 legittim.
1566 503 1707 548 duplici
1730 506 1743 537 t
1770 503 1989 547 frequentis-

370 565 460 598 sime
487 564 526 598 et
547 563 585 596 in
610 574 722 596 manu
747 562 892 606 scriptis
918 562 956 596 et
979 562 1016 594 in
1041 561 1228 605 impressis
1252 560 1439 595 codicibus
1463 560 1632 594 occurrit.

320 631 477 664 parvam
500 620 628 664 vocem]
653 618 718 652 sed
742 628 894 652 suavem
909 617 1081 652 habuisse
1099 617 1291 651 Erasmum
1316 616 1405 650 alibi
1422 626 1569 660 quoque
1594 626 1653 650 me
1676 615 1802 660 legere
1826 614 1989 650 memini.

327 676 424 720 qaod
447 703 454 709 .
473 702 480 709 .
500 702 507 709 .
534 675 692 719 theolog]
718 673 971 719 theologicum
995 674 1106 707 fuisse
1131 673 1403 718 argumentum.

320 732 438 776 possit
462 759 469 765 .
489 759 495 764 .
514 759 521 765 .
541 731 785 775 profundum]
810 729 977 774 placeret
1001 729 1212 764 doctissimo
1236 728 1423 773 theologo,
1450 727 1613 762 officiosa
1628 727 1888 763 observatione
1907 739 1991 763 eum

371 787 440 821 sibi
465 787 681 821 devinciret.

285 848 323 878 17
349 844 393 878 de
417 847 496 878 ente
520 847 552 878 et
576 843 745 887 esseacia]
772 842 964 877 Thomjsta
986 842 1058 876 fuit
1080 842 1140 876 hic
1164 841 1342 887 magister
1365 841 1499 874 noster.
1531 840 1575 874 cf.
1593 840 1640 874 ad
1665 841 1755 876 60²².

285 904 325 934 18
344 900 617 945 pertractastis]
645 900 832 941 accurate,
866 898 1053 932 subtitiler
1076 898 1228 939 novisti,
1262 896 1441 931 didicisti:
1468 907 1553 930 nam
1577 896 1699 940 ipsum
1724 896 1920 931 Ortvinum
1945 896 1991 931 de

371 957 496 990 sancto
522 955 664 990 Thoma
687 954 942 1000 praelectiones
966 954 1136 988 habuisse
1161 965 1234 988 non
1260 953 1404 987 dicitur.

284 1017 324 1047 19
348 1012 551 1056 materiam]
576 1011 645 1045 Hic
670 1022 817 1055 quoque
842 1011 992 1055 poterat
1015 1010 1125 1044 scribi
1151 1009 1362 1044 ‘materiam
1387 1009 1433 1043 (16
1458 1009 1645 1043 materia’.
1677 1009 1721 1043 cf.
1740 1008 1787 1043 ad
1811 1009 1902 1043 60²¹.

328 1069 401 1103 Illo
424 1068 542 1112 finito]
568 1067 698 1101 Paullo
723 1068 809 1101 ante
837 1069 938 1100 ‘cum
963 1066 1172 1100 finivisset‘.

282 1128 322 1158 21
352 1124 527 1159 Gaesarem
551 1124 624 1158 Iul.
642 1123 685 1156 in
707 1133 734 1157 s.
750 1123 830 1167 8012]
869 1122 1033 1166 Sequens
1058 1121 1261 1166 disputatio
1286 1121 1323 1154 in
1348 1120 1565 1156 memoriam
1591 1122 1742 1155 revocat
1765 1120 1922 1155 Hutteni
1947 1120 1994 1154 ad

372 1179 592 1214 Michaelcm
618 1178 663 1212 de
683 1177 874 1212 Sensheim
899 1178 933 1212 d.
954 1182 981 1211 1.
999 1177 1093 1222 Aug,
1112 1188 1144 1212 a.
1164 1181 1258 1212 1515.
1278 1188 1322 1211 ex
1348 1188 1430 1211 arce
1450 1177 1694 1221 Steckelberg
1717 1177 1892 1221 scriptam
1917 1176 1993 1221 epi-

371 1236 502 1270 stolam
527 1235 645 1278 (Hutt.
665 1234 758 1278 Opp.
778 1234 802 1266 I.
821 1235 1027 1276 n.xxv111.),
1054 1246 1135 1278 quae
1160 1233 1205 1267 de
1225 1232 1409 1267 Germano
1433 1233 1586 1275 clerico,
1613 1232 1701 1267 olim
1725 1232 1890 1267 Romano
1916 1244 1994 1266 mu-

372 1292 469 1326 lione
494 1291 635 1333 narrat,
663 1302 747 1324 eum
773 1289 933 1323 indicem
952 1289 1102 1325 Caesaris
1125 1288 1401 1324 commentariis
1426 1289 1611 1323 adnexum
1628 1289 1726 1323 inter
1743 1288 1893 1323 Caesaris
1911 1289 1994 1322 scri-

372 1349 438 1393 pta
460 1358 682 1381 numerasse.
730 1347 860 1390 Itaque
887 1347 924 1380 et
948 1346 1026 1380 haec
1051 1357 1108 1380 res
1133 1345 1238 1387 facit,
1271 1346 1313 1379 ut
1336 1345 1527 1389 utriusque
1553 1345 1736 1389 epistolae,
1770 1345 1808 1378 et
1831 1344 1994 1379 Steckel-

372 1403 559 1448 bergianae
584 1404 622 1437 et
644 1403 753 1437 huius
777 1403 926 1444 nostrae,
955 1401 1114 1436 eundem
1139 1403 1329 1436 auctorem
1355 1412 1433 1435 csse
1459 1411 1612 1435 sumam.
1660 1400 1803 1445 Hospes
1827 1400 1997 1435 laudavit

373 1459 523 1494 Caesaris
547 1460 627 1493 tum
652 1458 935 1493 commentarios
959 1459 1039 1492 tum
1064 1469 1121 1491 res
1145 1459 1277 1502 gestas.

284 1521 325 1550 ‘22
351 1516 581 1559 adiuvatwn]
607 1515 676 1549 ‘da
699 1526 776 1549 war
799 1515 871 1549 mir
892 1514 983 1548 wohl
1006 1514 1201 1559 yeholfen’.
1233 1514 1277 1548 cf.
1296 1515 1384 1548 61³⁰.
1403 1515 1441 1548 et
1457 1515 1568 1548 530¹&

283 1576 326 1606 24
353 1572 568 1617 anm'amq.
586 1571 648 1616 iffi]
675 1570 794 1605 Valde
819 1570 977 1615 poetice,
1004 1571 1109 1614 quasi
1133 1570 1352 1605 Germanice
1379 1570 1551 1614 coepisset
1565 1570 1791 1604 Sintemalen
1807 1569 1874 1603 lhr
1898 1569 1996 1604 dena

373 1628 448 1662 also
472 1637 542 1662 von
567 1627 631 1661 der
655 1627 792 1671 Poesey
815 1636 861 1661 za
885 1627 995 1661 reden
1020 1627 1160 1661 anhebt.

284 1688 326 1718 25
351 1684 544 1728 occultare]
569 1683 840 1725 zuriiclchalten,
867 1683 1027 1717 sermoni
1051 1694 1110 1717 me
1136 1694 1210 1717 non
1235 1683 1453 1717 immiscere.

333 1740 419 1775 Coes.
437 1739 641 1782 scripssisse
665 1740 731 1773 illa
757 1740 890 1783 comm]
923 1739 1096 1783 Suspicor
1120 1739 1229 1773 huius
1255 1739 1421 1783 epistolae
1446 1740 1636 1773 auctorem
1662 1738 1716 1772 ori
1741 1737 1893 1772 Antonii
1919 1738 1996 1782 opi-

374 1796 523 1830 nionem
548 1806 621 1829 non
645 1796 723 1829 tam
749 1795 897 1829 omnino
924 1795 1048 1829 fictam
1073 1807 1184 1839 quam
1209 1795 1305 1829 male
1331 1795 1561 1830 intellectam
1586 1806 1628 1828 ac
1658 1794 1770 1829 stulte
1795 1794 1996 1828 defenden-

374 1852 460 1885 dam
496 1850 644 1885 inicere.
670 1852 771 1885 certe
808 1852 1009 1895 antequam
1039 1850 1205 1885 Graevius
1240 1863 1337 1885 nunc
1372 1851 1555 1885 Petrarcae
1591 1850 1733 1885 auctori
1757 1849 1997 1884 vindicatam

375 1907 525 1943 Caesaris
555 1907 690 1949 vitam,
728 1919 810 1951 quae
845 1907 1006 1951 primum
1038 1919 1068 1941 a.
1090 1911 1184 1941 1473.
1202 1907 1304 1941 nullo
1336 1906 1496 1941 auctoris
1526 1905 1674 1940 nomine
1706 1916 1878 1950 expresso
1914 1916 1996 1950 pro-

375 1964 512 2005 dierat,
545 1963 731 2007 adscripto
762 1964 847 1997 Iulii
879 1963 973 1998 Celsi
1004 1963 1171 2005 nomine,
1210 1963 1379 2007 quamvis
1414 1962 1608 2007 huicripse
1642 1961 1873 1996 abiudicaret
1902 1972 1995 2004 eam,

374 2019 526 2064 repetiit
544 2019 761 2062 (Amstelod.
783 2023 893 2062 1697„
911 2019 1029 2064 Lugd.
1047 2019 1128 2053 Bat.
1148 2021 1271 2063 1713),
1298 2019 1343 2053 (16
1361 2019 1454 2053 111110
1474 2018 1607 2053 Caesari
1631 2017 1883 2052 adscribendjs
1900 2028 1996 2052 com-

374 2075 564 2110 mentariis
589 2075 689 2109 docti
714 2075 964 2120 disputabant.
1013 2075 1187 2110 Ceterum
1213 2076 1290 2110 eius
1315 2075 1414 2119 quod
1440 2075 1627 2109 Huttenus
1651 2074 1674 2108 l.
1692 2085 1721 2107 6.
1739 2073 1785 2107 (16
1810 2073 1997 2108 inerudito

374 2131 519 2173 clerico,
545 2131 608 2175 qui
627 2130 777 2166 Caesaris
802 2131 1076 2166 commentariis
1100 2131 1285 2166 adnexum
1310 2131 1471 2165 indicem
1496 2130 1594 2164 inter
1616 2130 1699 2164 illos
1723 2130 1996 2172 numeraverat,

374 2187 723 2229 miransnarravit,
755 2188 833 2232 ipse
866 2187 985 2222 simile
1012 2187 1224 2232 exemplum
1251 2187 1405 2229 adnoto,
1440 2197 1514 2220 non
1544 2186 1598 2220 ita
1622 2196 1759 2230 paucos
1784 2186 1823 2220 et
1846 2185 1935 2219 olim
1961 2187 1999 2219 et

375 2253 494 2286 nuper
523 2242 664 2277 miseris
688 2243 873 2278 Panciroli
904 2243 951 2277 ad
976 2243 1158 2278 Notitiam
1190 2243 1416 2288 dignitatum
1449 2243 1558 2277 editis
1589 2241 1863 2276 commentariis
1893 2241 1997 2285 quasi

376 2297 490 2342 ipsius
515 2298 660 2342 antiqui
685 2299 853 2343 opusculi
877 2299 1048 2344 partibus
1072 2310 1155 2334 usos
1181 2310 1269 2334 esse.
1520 2310 1523 2313 ’

287 2358 328 2389 ’26
354 2355 531 2399 roborare]
557 2355 727 2398 probare,
755 2355 982 2389 confirmare.

287 2414 339 2446 28.
357 2422 409 2454 sq.
433 2411 494 2445 sed
517 2411 570 2445 sic
595 2414 644 2445 est
669 2438 675 2445 .
695 2437 701 2444 .
721 2438 729 2445 .
754 2411 933 2445 Latinum
960 2411 1107 2456 discere]
1140 2411 1228 2453 Quis
1252 2423 1325 2446 non
1351 2411 1598 2456 suspicabitur
1629 2412 1738 2454 turpe
1763 2409 1997 2444 mendacium

377 2478 462 2501 eum
486 2466 620 2507 dicere,
647 2466 711 2511 qui
728 2466 859 2501 eodem
882 2467 952 2501 hoc
977 2468 1122 2501 obscuri
1139 2467 1285 2502 Nicolai
1309 2470 1529 2512 argumento
1547 2467 1789 2501 clarissimum
1805 2465 1999 2500 Erasmum

376 2523 449 2557 tria
472 2522 549 2557 fere
574 2523 692 2557 lustra
720 2524 805 2567 post
827 2523 922 2557 hanc
949 2523 1144 2567 epistolam
1170 2524 1308 2558 editam
1340 2524 1468 2558 contra
1499 2523 1614 2557 alium
1645 2522 1780 2556 Iulium
1806 2521 1997 2564 Caesarem,

377 2578 618 2623 Scaligerum,
644 2578 854 2613 adhibuisse
879 2579 1002 2613 dicat?
1043 2580 1143 2613 Audi
1160 2591 1248 2614 vero
1273 2579 1401 2613 divum
1426 2579 1623 2623 Iosephum
1641 2578 1794 2620 Iustum,
1821 2578 1906 2612 Iulii
1924 2577 1998 2613 Cae-

376 2634 465 2669 saris
489 2634 623 2677 filium,
655 2635 694 2668 in
719 2635 970 2670 confutatione
1002 2635 1136 2669 fabulae
1162 2635 1377 2669 Burdonum
1403 2647 1433 2669 a.
1455 2638 1549 2669 1608.
1574 2634 1712 2679 scripta
1736 2633 1814 2678 (ed.
1832 2633 1998 2668 Francos.

380 2694 473 2724 1664.
492 2695 538 2725 8⁰.
555 2702 591 2735 p.
610 2694 683 2725 119.
703 2691 787 2735 sq.):
815 2691 1028 2734 „Erasmus,
1054 2691 1117 2735 qui
1141 2691 1280 2736 ubique
1305 2691 1475 2736 gentium
1500 2687 1742 2730 ὠτακουστὰς
1768 2689 1998 2734 [subauscul—

376 2747 515 2781 tatores
541 2748 578 2781 et
602 2747 798 2792 delatores]
824 2748 972 2791 habuit,
1004 2748 1042 2781 in
1067 2748 1200 2792 quibus
1226 2747 1341 2782 etiam
1365 2747 1612 2781 mercenarios
1635 2757 1710 2781 non
1733 2756 1887 2790 pauco8‚
1919 2746 1998 2780 tan-

377 2804 456 2836 tum
488 2802 593 2837 abest
621 2804 664 2837 ut
693 2803 802 2838 aliter
831 2815 943 2848 quam
977 2803 1240 2849 ‘Scaligerum’
1273 2802 1466 2838 vocaverit
1497 2801 1662 2847 [Iosephi
1698 2801 1790 2836 Iusti
1821 2801 2000 2846 Scaligeri

378 2858 553 2902 patrem]‚
586 2859 628 2892 ut
652 2859 740 2903 quia
769 2860 932 2894 monitus
957 2860 1038 2894 erat
1062 2871 1146 2894 eum
1177 2860 1254 2894 fere
1279 2870 1427 2904 semper
1456 2858 1652 2900 militasse,
1684 2858 1753 2892 hoc
1784 2857 1860 2892 solo
1891 2868 1999 2902 argu-

378 2914 504 2947 mento
528 2924 664 2958 negare
694 2926 803 2949 ausus
833 2916 880 2949 sit
904 2926 989 2950 eum
1019 2917 1209 2950 auctorem
1240 2915 1352 2950 fuisse
1383 2914 1558 2950 orationis
1588 2925 1700 2958 quam
1730 2924 1797 2958 pro
1823 2912 1997 2948 Cicerone

380 2968 554 3002 adversus
578 2969 684 3003 illum
710 2971 744 3014 [i.
766 2982 795 3005 e.
814 2971 990 3005 adversus
1006 2971 1149 3005 Eras1m'
1166 2971 1357 3016 dialogum
1376 2971 1670 3014 ciceronianum]
1697 2969 1859 3013 scripsit3
1885 2967 1996 3011 idque

379 3024 534 3058 testatus
561 3025 615 3058 est
645 3025 801 3069 epistola
825 3037 937 3070 quam
961 3026 1009 3060 ad
1040 3027 1176 3061 amicos
1207 3027 1297 3061 duos
1324 3026 1380 3070 [P.
1398 3025 1620 3060 Merbelium
1645 3025 1684 3059 et
1712 3023 1762 3058 Io.
1781 3023 1888 3068 Bapt.
1906 3021 1997 3057 Lau-
