2119 3522
260 206 333 227 EPP.
347 203 389 227 23.
402 203 445 227 24.
470 205 539 228 ῙΟΔ.
553 205 783 229 VICKELPHIVS
799 206 958 229 ORTVINO.
976 219 1019 223 —
1035 206 1166 230 PAVLVS
1182 206 1488 230 DAVBENGIGELIVS
1507 208 1665 231 ORTVINO.
1771 190 1867 234 573

154 263 240 303 Pag.
256 261 320 298 37.
1293 265 1379 306 Pag.
1394 267 1446 297 36.
1465 276 1494 296 v.
1509 272 1525 296 ss
1543 289 1550 296 .
1566 291 1572 296 .
1588 290 1594 296 .
1612 265 1697 306 Pag.
1712 267 1764 297 37.
1783 276 1814 297 v.
1828 273 1869 298 17.

246 316 421 359 equiritia
445 317 643 361 explicatio
669 316 831 350 difficilis
856 318 928 351 est:
959 328 1034 351 non
1063 317 1162 352 idem
1195 328 1273 352 esse
1305 329 1388 351 cum
1414 318 1508 352 Gall.
1527 319 1662 360 e'curz'e,
1694 318 1776 352 Ital.
1793 329 1870 353 scu-

247 371 363 413 derz‘a,
389 372 489 415 quod
514 383 559 406 ex
585 372 707 406 Germ.
725 372 862 414 seim-a,
886 373 1039 415 sehinre,
1063 374 1220 415 seheuer,
1244 385 1317 407 non
1336 384 1381 407 ex
1405 374 1521 407 latino
1547 374 1726 418 ‘equiria'
1753 374 1868 408 dedu<

244 427 403 460 cendum
429 438 507 462 esse
526 427 685 469 videtur,
712 438 795 460 cum
821 427 902 461 aliis
926 429 1028 471 puto.
1047 429 1111 462 sed
1136 429 1173 462 in
1198 429 1341 473 syllaba
1357 430 1393 464 ri
1415 429 1548 472 haereo,
1573 430 1778 474 ignoroque
1797 442 1871 474 qua

245 483 290 516 de
317 494 426 517 causa
451 483 636 526 equaritia
659 483 770 516 scribi
794 483 956 516 voluerit
979 483 1203 528 Ducangius.
1253 484 1478 528 ‘Equitium’
1505 486 1534 519 si
1566 497 1639 519 non
1665 484 1870 519 Columella

244 539 282 571 ct
295 538 453 580 Tacitus,
480 539 579 572 certe
597 538 778 582 Ulpianus
803 539 933 582 saepius
958 540 1005 572 ad
1023 550 1201 583 equorum
1226 551 1380 585 gregem
1396 540 1681 585 significandum
1705 541 1868 585 scripsit:

242 605 328 628 nam
358 594 492 628 falsum
529 595 586 627 est
615 593 714 637 quod
746 593 967 627 Vocabular.
986 594 1052 627 iur.
1071 595 1185 628 habet
1216 595 1439 638 „Equicium
1477 596 1567 630 alias
1599 597 1782 640 equirium

242 650 444 683 secundum
468 649 686 683 Accursium
705 677 711 683 .
732 676 739 683 .
758 652 808 683 .“.
855 646 905 682 Io'.
924 649 970 683 de
994 650 1127 684 Ianua:
1160 651 1393 694 „Equiricia,
1420 652 1494 697 cie,
1522 653 1731 685 armentum
1757 663 1867 696 equo-

242 717 323 739 rum
347 705 409 739 vel
426 716 632 739 vaccarum.
652 706 690 739 et
715 705 851 739 dicitur
868 704 913 738 ab
933 716 1060 749 equus,
1089 707 1218 750 equi“.
1266 706 1339 741 Sed
1357 707 1570 752 Ducangius
1588 719 1610 741 a
1626 708 1739 742 verbo
1756 707 1866 751 Equi-

241 761 329 795 ritia
342 761 458 794 refert
474 761 521 794 ad
539 761 695 795 verbum
711 760 913 804 Equaritia,
932 760 997 794 ubi
1014 772 1211 805 perperam
1231 762 1434 806 ‘Equiritia'
1455 775 1512 807 ap.
1526 764 1576 797 Io.
1598 764 1643 798 de
1662 763 1777 804 Ianua
1791 764 1866 807 legi

241 817 384 858 scribit,
418 817 456 850 et
486 817 538 850 sic
570 816 748 860 explicat:
781 815 1005 859 „Equaritia
1036 816 1156 850 eidem
1189 817 1401 852 Scholiastae
1433 819 1658 862 (Iuvenalis).
1705 819 1867 862 Equaria

240 872 398 906 Varroni
422 872 444 905 l.
462 876 491 905 2.
511 872 556 905 de
573 871 615 905 R.
633 871 675 905 R.
708 871 852 915 Equile,
870 871 1062 915 Equitium
1080 872 1209 906 Tacito
1228 875 1266 907 et
1291 873 1372 907 aliis
1389 900 1397 908 .
1415 901 1422 907 .
1442 902 1448 907 .
1485 874 1692 918 Descriptio
1710 876 1865 908 monast.

241 926 275 961 S.
295 926 393 961 Galli
425 927 524 971 apud
550 926 668 961 Canis.
687 955 694 961 .
713 954 720 962 .
769 927 931 961 ‘Domus
956 929 1161 971 equaritioe:
1192 929 1268 962 Hic
1291 930 1398 970 fcetcts
1428 931 1585 964 servabis
1616 941 1743 973 equas,
1774 934 1865 964 tene-

239 993 367 1027 rosque
391 984 584 1018 caballos.“
630 983 723 1016 Mihi
748 984 959 1027 utrumque,
986 984 1103 1027 equir.
1123 985 1161 1018 et
1186 995 1325 1028 equar„
1352 985 1489 1019 iustum
1514 985 1646 1019 mediae
1670 985 1865 1019 latinitatis

239 1040 478 1082 vocabulum,
521 1040 559 1073 et
587 1040 664 1073 tam
696 1050 762 1083 pro
794 1050 908 1084 grege
945 1050 1056 1083 quam
1093 1050 1159 1083 pro
1191 1040 1336 1074 stabulo
1373 1051 1553 1085 equorum
1589 1040 1751 1085 positum
1789 1052 1864 1074 csso

241 1094 400 1129 videtur.

149 1156 169 1185 3
199 1151 391 1195 Viennam]
417 1151 660 1194 Austriacam,
686 1151 958 1193 Vindobonam,
991 1151 1108 1186 Wien.

148 1211 168 1241 6
193 1208 351 1251 tardari]
377 1207 415 1240 id
441 1208 497 1241 est
513 1207 673 1249 tardare,
699 1207 911 1252 neglegere.
939 1207 1131 1249 ‘'Pardare,
1150 1211 1369 1251 verspcztteu,
1386 1210 1628 1243 versa‘zcmen’.
1656 1209 1812 1244 Gemma
1829 1221 1862 1254 g.

147 1266 168 1297 8
193 1263 436 1307 ‘alchimista,
469 1264 528 1297 ein
558 1264 739 1298 alehimz’st
769 1264 855 1297 oder
885 1264 944 1297 eiu
974 1264 1200 1298 verwcmdler
1230 1265 1294 1298 der
1324 1266 1476 1299 metall’.
1515 1264 1672 1299 Gemma
1696 1278 1730 1310 g.
1778 1266 1864 1299 Eius

236 1318 339 1352 modi
363 1318 599 1353 circulatores
625 1319 815 1362 (ceretani,
842 1319 1051 1362 ciarratani,
1078 1321 1292 1362 clav-latam,
1309 1321 1528 1364 charlctcms)
1555 1321 1667 1355 etiam
1692 1322 1862 1365 pharma-

237 1374 376 1418 copolae
407 1376 508 1416 sunt,
542 1375 901 1409 medicamentorum
931 1376 1058 1410 contra
1090 1375 1181 1410 vitia
1212 1377 1433 1420 morbosque
1465 1388 1703 1420 quoscunque
1736 1377 1862 1411 vcudi-

234 1432 343 1464 tores.
378 1430 422 1464 cf.
440 1442 473 1464 V.
495 1434 546 1464 11.

191 1486 376 1520 medicare
402 1487 441 1520 et
464 1486 643 1520 medicari
668 1487 748 1530 (pro
774 1487 930 1531 mederi)
957 1487 1070 1521 etiam
1095 1488 1252 1529 veteres,
1279 1488 1342 1521 sed
1368 1499 1441 1521 11011
1467 1499 1542 1532 seq.
1561 1488 1698 1523 dativo.

146 1546 165 1576 9
191 1546 252 1576 tot.
269 1553 381 1577 coecus
399 1569 406 1576 .
425 1569 432 1576 .
451 1569 458 1576 .
476 1543 624 1587 infirm]
655 1541 750 1577 Mira
775 1544 830 1577 est
853 1543 931 1577 haec
956 1543 1200 1585 concinnitas,
1234 1554 1274 1577 ac
1300 1543 1329 1576 si
1355 1543 1574 1578 Germanice
1600 1544 1757 1588 diceret,
1782 1547 1862 1580 mul

235 1599 323 1633 ‘aveir'
348 1598 467 1633 Emer
491 1599 586 1633 auch
608 1599 810 1634 stockbliml
835 1610 886 1633 cm
909 1599 1244 1644 Auyenkrankhezsst.

147 1658 188 1689 10
212 1655 426 1699 ambulavit]
452 1654 677 1699 peragravit.

191 1711 301 1755 alias]
326 1710 365 1744 in
390 1710 472 1744 aliis
497 1710 639 1744 artibus
664 1710 827 1745 medicis.

147 1770 185 1800 11
211 1767 414 1811 saponista]
440 1767 720 1811 unguentarius,
747 1767 811 1810 qui
837 1767 954 1802 omnis
972 1769 1119 1812 generis
1144 1769 1346 1812 unguenta,
1371 1779 1445 1802 non
1477 1768 1596 1802 solum
1627 1770 1776 1814 proprie
1808 1771 1860 1803 di-

234 1824 312 1857 ctos
337 1833 493 1867 sapones
518 1822 668 1857 conficit
692 1833 734 1857 ac
760 1823 899 1857 vendit.
935 1823 1066 1857 Latine
1092 1824 1321 1868 saponarius.

189 1880 354 1923 quamvis
379 1880 454 1924 etc]
485 1878 593 1913 Vult:
625 1879 691 1912 sed
714 1879 774 1913 hic
800 1879 845 1914 de
871 1890 944 1923 quo
969 1879 1101 1923 loquor
1130 1880 1204 1913 iam
1229 1882 1383 1924 propter
1412 1881 1577 1925 inopiam
1602 1882 1722 1915 minus
1747 1893 1858 1926 quam
1895 1885 1897 1888 “

234 1936 347 1970 antea
370 1935 553 1980 splendet,
580 1946 618 1969 eo·
640 1936 689 1969 ist
713 1935 829 1970 durch
858 1935 1085 1980 Verarmuny
1110 1939 1217 1970 ctu-as
1240 1936 1623 1981 hermzteryelcomonen.

190 1990 464 2035 ‘depauperare
491 1992 546 2024 est
570 2001 776 2035 pauperem
800 1991 934 2033 facere,
960 2003 1041 2026 arm
1064 1992 1215 2026 ‘macheu
1237 1992 1324 2026 oder
1348 2004 1427 2026 arm
1450 1993 1603 2027 werden.
1630 1993 1859 2038 depaupera-

232 2048 307 2090 tus,
335 2058 371 2089 a,
398 2059 479 2090 um,
504 2048 717 2090 verm-mpt’.
754 2046 911 2081 Gemma
934 2059 968 2091 g.
1018 2046 1070 2081 Cf.
1088 2046 1265 2092 Ducange
1290 2048 1324 2082 h.
1344 2060 1376 2082 v.
1425 2048 1630 2083 Varronem
1655 2049 1723 2083 hoc
1746 2050 1860 2083 verbo

232 2114 340 2137 usum
366 2113 443 2137 esse
467 2113 542 2137 non
567 2102 687 2137 credo.

145 2162 184 2193 12
210 2169 325 2203 quom.
343 2170 435 2194 succ.
452 2160 543 2194 mihi
567 2160 675 2204 alias]
706 2160 772 2194 wie
798 2170 832 2194 es
860 2160 931 2194 mir
954 2163 1052 2195 sonst
1079 2160 1182 2204 yehe,
1212 2172 1382 2204 quaenam
1413 2161 1460 2194 sit
1490 2161 1576 2196 vitae
1607 2162 1736 2205 reique
1767 2172 1859 2196 meae

231 2215 424 2249 familiaris
449 2215 626 2250 condicio.

185 2271 345 2316 qratior]
380 2270 574 2314 ‘Gratiari,
608 2272 689 2306 atus
719 2283 816 2314 sum,
845 2272 1029 2314 dancken,
1061 2272 1125 2306 sed
1149 2272 1282 2307 melius
1307 2272 1443 2307 dicitur
1467 2274 1591 2318 grates
1615 2274 1675 2308 vel
1700 2275 1857 2319 gratiam

230 2327 336 2361 vobis
360 2337 431 2372 ago
456 2328 517 2362 vel
541 2328 661 2362 habeo
686 2328 747 2362 vel
771 2328 922 2362 refero’.
955 2327 1113 2362 Gemma
1135 2340 1170 2373 g.

142 2386 183 2417 13
208 2383 293 2417 berne
308 2384 373 2427 sto]
400 2383 488 2418 satis
504 2384 591 2418 laeta
605 2383 765 2426 fortuna,
792 2395 831 2418 re
848 2384 1022 2418 famffiari
1047 2386 1141 2418 utor.
1168 2384 1291 2419 Germ.
1308 2386 1366 2420 ich
1381 2386 1476 2420 stelae
1492 2388 1532 2430 (s.
1549 2387 1644 2421 stelle
1659 2387 1767 2430 mich)
1785 2390 1858 2431 yut.

143 2442 184 2472 14
206 2439 412 2484 vindemia]
446 2441 488 2474 ut
510 2439 642 2474 Latine
667 2439 883 2483 vindemiae,
911 2439 1033 2474 Germ.
1051 2440 1205 2483 Herbst,
1238 2441 1350 2475 etiam
1375 2453 1442 2486 pro
1468 2442 1740 2476 vindemiarum
1765 2444 1858 2476 tem-

231 2505 321 2538 pore
347 2495 513 2530 dicimus.

186 2550 423 2596 detorculavz]
450 2551 556 2595 quasi
579 2552 892 2596 hera'zcsyekeltert,
917 2552 1013 2595 laete,
1039 2563 1113 2587 non
1139 2553 1359 2597 simpliciter
1384 2554 1613 2589 ‘torculavi'.
1663 2553 1859 2588 ‘Detorcu-

230 2605 326 2640 lare’
352 2607 592 2641 vocabularia
614 2618 688 2642 11011
712 2608 862 2642 habent.

143 2664 182 2695 16
206 2662 291 2704 imp.
311 2689 318 2695 .
338 2689 344 2695 .
356 2663 548 2708 populum]
573 2663 750 2697 Incidunt
772 2664 851 2698 haec
867 2664 906 2697 in
933 2675 963 2698 a.
983 2668 1079 2698 1514.
1096 2665 1295 2708 postquam
1312 2664 1445 2699 Leonis
1461 2665 1532 2699 ΡΡ.
1550 2665 1592 2699 X.
1610 2666 1734 2700 studia
1756 2667 1858 2710 pacis

230 2719 328 2753 inter
351 2718 648 2753 Maximilianum
672 2719 700 2753 Ι.
718 2720 757 2753 et
778 2719 944 2753 Venetos
968 2719 1234 2763 componendae
1260 2720 1307 2753 ad
1331 2720 1477 2754 irritum
1499 2711 1724 2756 ceciderant.
1772 2723 1856 2757 Vid.

230 2775 387 2809 Hutteni
411 2774 690 2819 Epigrammata
714 2775 822 2820 (Opp.
842 2775 920 2819 III.)
945 2776 1080 2819 passim
1107 2777 1145 2810 et
1160 2775 1275 2820 Epist.
1293 2776 1410 2811 Italiae
1436 2776 1546 2821 (Opp.
1563 2777 1590 2811 Ι.
1607 2789 1642 2822 p.
1659 2781 1732 2813 106.
1751 2781 1855 2822 sqq.).

141 2835 180 2865 17
205 2832 376 2874 superbia
399 2832 478 2875 sua]
504 2830 577 2864 Per
600 2831 736 2865 multos
761 2842 875 2865 annos
888 2831 1025 2865 Veneti
1050 2842 1140 2876 erga
1163 2831 1458 2866 Maximilianum
1482 2833 1570 2877 imp.
1588 2834 1777 2878 superbos,
1803 2835 1855 2868 in-

229 2888 482 2932 temperantes
507 2898 549 2921 ac
573 2886 706 2921 infidos
731 2897 767 2920 se
793 2887 1042 2931 praebuerant,
1068 2887 1133 2921 sed
1158 2887 1217 2921 hic
1242 2899 1310 2931 par
1334 2889 1414 2932 pari
1440 2889 1648 2924 rettulerat.

183 2945 280 2989 bene]
307 2945 417 2986 certe,
444 2943 600 2985 circiter,
628 2944 670 2977 ut
685 2954 860 2977 numerus
878 2942 1115 2977 {estimandus
1132 2943 1290 2978 videtur.
1333 2944 1444 2978 Aliud
1470 2945 1526 2979 est
1547 2949 1728 2990 91ιί2000,
1755 2947 1855 2980 aliud

227 3001 316 3034 wohl
341 3004 438 3035 2000.
488 3000 538 3034 Cf.
559 3000 671 3034 ‘bene
698 2999 849 3045 viginti'
876 3003 918 3035 37
928 3001 966 3034 ³⁰.
