2119 3522
639 220 761 242 GEMMA
787 221 982 243 GEMMARVM
1008 235 1015 243 .
1031 236 1037 243 .
1052 235 1059 243 .
1086 220 1301 245 GLAREANVS.
1733 203 1827 248 379

112 335 258 381 „Iunii
290 335 352 372 16.
375 335 567 373 Nicolaus
600 335 830 374 Gerbellius
867 337 1103 387 phorcensis
1141 337 1193 374 ad
1231 342 1336 376 artes
1374 337 1522 375 iuravit
1560 342 1598 375 et
1631 334 1828 374 solvit“².

111 391 262 428 Mutuae
301 391 385 428 eius
417 391 711 442 Trithemiiquc
743 407 777 432 a.
803 394 922 432 1507.
946 393 1102 443 scriptae
1141 394 1320 444 epistolae
1350 393 1467 431 nohis
1498 398 1666 431 servatae
1696 391 1829 431 sunt³.

114 446 214 484 Cum
243 447 475 497 linguarum
504 448 685 498 iurisque
715 448 848 487 studio
883 449 1006 486 felici.
1028 462 1214 486 successu
1246 447 1531 496 incubuisset&
1572 449 1829 487 Vindobona}

112 503 209 540 iuris
254 504 547 553 professionem
587 501 664 552 (de
706 518 786 554 qua
825 510 960 543 tamen
1003 505 1161 542 dubitat
1197 504 1414 554 Denisius)
1457 506 1653 552 exercuit,
1704 506 1828 556 inque

114 558 375 609 Cuspiniani5
404 559 656 610 Ioannisque
686 560 811 598 Pierii
843 561 987 599 Gracci
1023 561 1239 598 amicitiam
1268 562 1393 599 venit.
1453 562 1595 608 „Inde
1624 560 1828 611 Argento-

111 621 242 653 ratum
271 621 436 653 vocatus
469 613 537 664 (ut
567 617 737 654 maxime
774 630 824 654 ex
852 615 1129 655 Pantaleone⁶
1159 616 1364 655 Ada1nus⁷
1394 615 1573 666 rettulit)
1605 617 1734 655 bonas
1763 618 1826 654 lit-

111 676 217 709 teras
256 672 472 721 promovit,
523 673 676 710 cunctis
717 673 984 723 gratissimus,
1033 686 1277 723 operamque
1316 673 1429 711 dedit
1467 674 1638 724 collegio
1677 674 1720 711 in
1757 673 1828 711 illa

111 727 211 765 urbe
248 728 503 765 sacerdotum
541 729 744 778 primario.
796 729 1055 766 historiarum
1096 729 1271 766 lectione
1310 730 1532 767 delectatus
1571 730 1830 780 antiquorum

113 789 152 821 et
182 789 389 821 recentum
420 784 662 834 populorum
699 797 762 822 res
803 791 936 833 gestas·
975 785 1210 834 explicavit,
1253 791 1374 835 atque
1411 786 1606 823 hactenus
1645 786 1831 824 abstrusa

112 841 154 877 in
192 840 323 877 lucem
361 840 679 890 adspectumque
717 840 960 890 p1·oduxit.“
1027 840 1316 878 Sacerdotium-
1345 842 1576 891 primarium
1614 842 1830 892 impetrare

111 896 283 946 primum
314 909 396 933 non
427 896 576 946 potuit,
612 896 762 933 deinde
794 897 943 942 noluit,
976 901 1021 933 ut
1049 896 1397 946 Wimphelingus‘2
1427 903 1598 935 testatus
1630 904 1702 935 est.
1762 897 1829 935 In-

111 957 172 989 ter
208 951 508 989 Reuchlinistas
548 951 778 990 Gerbellius
819 966 868 990 ex
906 953 1192 990 strenuissimis
1229 951 1346 999 fuit9,
1393 953 1753 1004 reformationique
1792 960 1832 991 et

110 1008 394 1046 humaniorum
423 1008 648 1046 litterarum
679 1009 813 1046 studio
848 1008 1032 1046 docendo
1063 1009 1361 1059 scribendoque
1394 1010 1538 1047 eximie
1573 1007 1721 1056 favit¹⁰‚
1764 1009 1830 1047 de-

111 1065 235 1115 nique
264 1064 516 1102 indefessum
547 1078 636 1102 cum
668 1065 906 1103 doctissimis
937 1065 1000 1103 sui
1029 1066 1219 1115 temporis
1249 1065 1481 1103 hominihus
1511 1065 1719 1116 permultis
1748 1067 1830 1116 epi-

111 1121 305 1158 stolarum
335 1121 615 1159 commercium
645 1121 872 1159 exercendo
902 1127 1024 1172 atque
1045 1122 1087 1159 in
1108 1121 1458 1172 typographorum
1480 1122 1670 1169 officinis,
1706 1121 1830 1160 Schu-

111 1177 272 1215 reriana
310 1178 514 1228 praecipue
544 1176 884 1227 Argentoratensi
921 1183 1041 1228 atque
1072 1177 1367 1216 Anshelmiana
1399 1178 1717 1229 Setzerianaque
1747 1178 1830 1216 Ha·

111 1233 402 1284 genoensilms,
449 1233 643 1271 librorum
688 1234 887 1272 honorum
924 1234 1031 1272 bene
1073 1235 1369 1285 emendateque
1408 1235 1658 1273 edendorum
1695 1247 1831 1272 curam

111 1287 327 1340 gerendo¹¹
360 1290 550 1340 optimam
581 1291 756 1328 nominis
788 1290 935 1328 famam
963 1290 1120 1328 meruit.
1182 1291 1276 1328 Iure
1308 1291 1500 1329 consultis
1529 1292 1572 1328 in
1601 1292 1832 1329 memoriam

110 1359 254 1384 revoco
279 1344 530 1384 Gerbellium
552 1345 742 1384 ICtorum
770 1347 874 1384 vitas
895 1347 1067 1385 Basileae
1091 1361 1126 1386 a.
1154 1348 1274 1385 1537.
1296 1347 1354 1384 40.
1378 1347 1604 1397 publicatas
1636 1347 1831 1385 edidisse.

109 1402 258 1440 Tribus
297 1402 502 1440 mensibus
547 1407 641 1441 ante
679 1402 1039 1441 Melanchthonem
1084 1403 1271 1449 amicum,
1321 1404 1432 1441 cuius
1471 1404 1559 1454 ipse
1598 1417 1680 1441 non
1719 1403 1833 1441 nulla

109 1459 259 1509 scripta
291 1458 495 1504 ediderat,
531 1458 763 1497 Gerbellius
795 1459 916 1497 valde
947 1473 1073 1497 senex
1101 1465 1140 1497 et
1169 1464 1286 1497 aetate
1317 1459 1544 1511 decrepitus
1567 1459 1831 1510 Argentorati

110 1515 285 1553 animam
317 1515 524 1553 exhalavit
555 1515 593 1553 d.
613 1517 678 1553 20.
696 1516 786 1553 Ian.
806 1529 840 1554 a.
862 1516 983 1553 1560.
1043 1515 1158 1553 Inter
1189 1517 1433 1553 recentiores
1473 1517 1523 1554 de
1552 1516 1701 1554 Nostro
1732 1529 1831 1566 prae-

111 1572 228 1622 cipue
259 1571 533 1610 conferendus
565 1577 625 1609 est
644 1571 695 1611 A.
716 1570 872 1623 Iung¹².
932 1572 997 1610 De
1020 1586 1066 1610 eo
1088 1572 1172 1613 Ioa.
1194 1572 1486 1611 Piemontanus
1508 1573 1551 1610 in
1573 1572 1660 1611 MS.
1683 1571 1831 1610 Aucta-

110 1629 169 1666 rio
200 1641 296 1666 scrr.
316 1628 411 1668 eccl.
429 1628 499 1666 fol.
521 1625 627 1666 117b
649 1629 725 1666 sic:

110 1705 315 1748 „Nicolaus
341 1705 527 1747 gerbelius
549 1706 698 1738 natione
723 1705 932 1738 teutonicus
958 1704 1062 1738 homo
1089 1708 1126 1738 et
1151 1706 1229 1748 ipse
1254 1708 1291 1738 in
1315 1706 1451 1739 litteris
1480 1707 1717 1738 humanitatis
1741 1708 1833 1739 satis

109 1762 284 1794 nobiliter
308 1762 498 1794 institutus
523 1762 735 1804 ingeniosus
760 1762 855 1794 idem
882 1766 918 1794 et
944 1756 1118 1803 elofluens
1143 1763 1246 1795 cuius
1271 1763 1444 1795 nonnulle
1470 1764 1638 1796 feruntur
1661 1763 1831 1795 lucubra-

109 1819 230 1850 tiones
256 1818 387 1860 quibus
412 1828 544 1850 nomen
569 1828 670 1850 suum
696 1818 905 1860 posteritati
930 1819 1090 1851 innotuit
1137 1820 1166 1851 E
1186 1820 1316 1860 quibus
1337 1820 1480 1852 vnicum
1499 1819 1687 1851 dumtaxat
1704 1819 1833 1851 hucus-

112 1884 182 1916 que
206 1875 282 1907 vidi
308 1885 455 1907 carmen
481 1874 575 1915 quod
600 1875 638 1906 in
662 1874 806 1907 laudem
832 1876 1074 1917 germanie-et
1092 1875 1176 1908 vehi
1196 1876 1251 1907 sui
1275 1876 1494 1918 triumphum
1521 1886 1713 1908 cesareum
1738 1885 1831 1908 com-

109 1931 231 1973 posuit
276 1930 380 1963 Viuit
406 1930 524 1963 adhuc
549 1933 585 1962 et
611 1930 716 1973 plura
741 1931 964 1973 componit.“

200 1997 236 2039 2)
255 1999 290 2033 C.
310 1999 431 2041 Krafft
448 1999 484 2030 in
504 1999 634 2032 Ztselzr.
650 1999 678 2039 f.
695 2009 830 2040 preuss.
848 1999 965 2031 Gesclz.
991 1999 1086 2034 Berl.
1104 2000 1199 2032 1868.
1217 2000 1264 2031 8⁰.
1283 2011 1316 2041 p.
1332 2001 1407 2034 483.
1502 1999 1536 2042 3)
1553 2000 1726 2032 Trithem.
1739 1999 1832 2042 Opp.

200 2055 258 2088 Ff.
280 2055 376 2088 1601.
397 2054 459 2087 fol.
478 2055 526 2086 II.
544 2066 578 2096 p.
597 2056 673 2087 543.
691 2064 770 2095 sqq.
885 2054 921 2095 4)
945 2054 1000 2087 Cf.
1019 2056 1121 2088 Hutt.
1140 2054 1230 2097 Opp.
1250 2056 1299 2089 II.
1319 2067 1350 2098 p.
1372 2058 1434 2087 102
1447 2055 1483 2090 ³³.
1592 2057 1626 2096 5)
1649 2056 1705 2091 Cf.
1723 2066 1833 2099 supra

201 2122 234 2152 p.
253 2111 332 2143 355.
348 2110 383 2142 h.
403 2113 471 2145 art.
587 2109 620 2151 6)
639 2111 854 2153 Prosopogr.
886 2111 1000 2143 Basil.
1017 2112 1112 2143 1566.
1133 2111 1193 2143 fol.
1212 2122 1244 2153 p.
1262 2113 1338 2144 275.
1457 2113 1489 2152 7)
1508 2112 1602 2144 Vitae
1621 2112 1832 2145 Germanor.

200 2166 319 2200 ICtor.
350 2166 523 2199 Haidelb.
544 2169 640 2199 1620.
666 2166 712 2198 8⁰.
739 2178 772 2208 p.
794 2168 865 2199 133.
881 2177 934 2209 sq.
1066 2168 1100 2207 8)
1125 2168 1217 2199 Vide
1241 2167 1359 2199 locum
1384 2168 1482 2200 infra
1506 2171 1574 2200 art.
1603 2166 1831 2200 ‘storckius’

201 2222 470 2264 transcriptum.
566 2222 600 2263 9)
616 2223 718 2256 Hutt.
735 2223 825 2265 Opp.
840 2224 868 2255 Ι.
885 2235 918 2265 p.
935 2223 1045 2258 13126.
1066 2224 1155 2257 cf.1.
1170 2234 1266 2257 num.
1282 2235 1392 2258 xxxv.
1410 2225 1549 2256 11.459.
1566 2235 1617 2266 sq.
1702 2223 1757 2266 10)
1777 2223 1832 2256 Cf.

203 2279 315 2311 etiam
331 2278 435 2310 Hutt..
457 2278 548 2321 Opp.
566 2279 615 2311 II.
634 2289 765 2311 numm.
784 2290 914 2313 ccnxx.
933 2290 1067 2312 cccxn.
1087 2290 1306 2311 cccxxxxVI.
1417 2279 1472 2321 11)
1492 2280 1550 2313 Cf.
1569 2280 1598 2314 I.
1617 2278 1655 2311 C.
1673 2279 1834 2312 Zeltneri

201 2334 333 2366 theatr.
351 2334 457 2366 viror.
477 2333 650 2367 eruditor.
663 2361 671 2377 ‚
699 2336 760 2377 qui
779 2336 1033 2378 typographiis
1053 2363 1059 2368 .
1077 2363 1083 2368 .
1104 2347 1251 2378 operam
1267 2337 1526 2378 praestiterunt.
1551 2335 1711 2368 Norimb.
1733 2337 1830 2368 1720.

202 2390 248 2423 8⁰.
266 2401 300 2432 p.
319 2392 512 2423 232...·237.
610 2392 663 2431 12)
685 2392 803 2424 Gesclz.
823 2393 885 2423 der
905 2392 1049 2433 Reform.
1069 2394 1102 2423 in
1119 2392 1261 2433 Strassb.
1284 2393 1381 2425 1830.
1400 2392 1445 2426 8⁰.
1464 2392 1493 2426 Ι.
1512 2403 1546 2434 p.
1565 2392 1760 2424 195...20·2.

112 2489 396 2521 GEREANDER
427 2485 498 2521 vid.
518 2483 771 2521 Vereander.

114 2590 385 2621 GLAREANVS
418 2584 443 2620 i.
467 2596 501 2620 e.
523 2582 727 2621 Henricus
759 2584 887 2621 Loriti
918 2598 949 2622 s.
971 2584 1153 2630 Loritus,
1194 2585 1236 2621 in
1275 2586 1363 2622 vieo
1400 2586 1524 2621 Mollis
1562 2584 1658 2634 pagi
1690 2583 1831 2622 Glaro-

113 2641 251 2678 nensis
283 2654 318 2677 a.
344 2640 464 2677 1488.
487 2645 606 2677 natus
638 2644 711 2678 est.
770 2641 914 2678 Bernae
944 2641 1115 2691 primum
1136 2640 1405 2691 Rotvillaeque
1434 2640 1506 2677 sub
1528 2640 1729 2678 Michaele
1749 2640 1831 2677 Ru-

112 2696 219 2734 bello
258 2696 405 2733 Latine
446 2695 600 2733 didicit.
654 2702 738 2734 tum
776 2697 1000 2734 secundum
1037 2695 1313 2746 Herzogium¹
1353 2709 1439 2742 „ex
1478 2697 1609 2746 patria
1648 2708 1832 2746 egressus

112 2753 244 2790 varias
276 2752 501 2790 academias
539 2752 640 2789 adiit
679 2759 718 2790 et
754 2754 881 2790 omnis
913 2754 1072 2803 generis
1104 2752 1257 2790 artibus
1290 2752 1598 2802 diligentissime
1628 2751 1830 2800 incubuit;

112 2809 296 2860 inprimis
318 2808 490 2846 Viennae
510 2807 707 2855 Austriae,
740 2809 810 2846 uhi
830 2809 1012 2847 Ulricum
1034 2809 1284 2858 Zvingfium,
1318 2809 1570 2854 Vadianum,
1603 2808 1691 2846 Ioh.
1709 2807 1833 2845 Fabri

112 2866 360 2915 Ecciumque
407 2864 706 2916 condiscipulos
751 2865 911 2914 habuit3
955 2871 995 2903 et
1031 2865 1125 2903 dein
1166 2864 1346 2903 Coloniae
1377 2865 1618 2916 Agrippinae
1657 2864 1832 2916 philoso-

112 2921 219 2973 phiae
251 2935 415 2972 operam
446 2920 559 2959 dedit
583 2952 589 2959 .
610 2922 669 2959 .“.
709 2936 745 2959 a.
767 2922 886 2960 1506.
909 2922 952 2959 in
983 2921 1234 2960 matriculam
1265 2922 1542 2959 universitatis
1576 2920 1832 2960 Coloniensis

206 3053 240 3095 1)
264 3054 416 3086 Athenae
440 3054 591 3087 Rauric.
609 3065 642 3096 p.
662 3056 738 3086 247.
