2119 3522
88 231 209 255 EPP.39.
219 230 262 255 40.
271 231 314 255 41.
323 230 365 255 42.
380 233 433 255 CB.
443 233 655 255 STRYLDRIOT
667 234 764 256 ORTV.
773 242 815 245 —
830 234 852 255 Ῑ.
863 233 970 255 CRAPP
982 233 1084 256 ORTv.
1092 242 1134 245 —
1149 233 1175 255 S.
1183 233 1400 255 POCOPORIVS.
1411 241 1452 245 —
1465 232 1660 255 LAMPIRIVS.
1700 215 1725 259 7
1736 216 1757 259 l
1767 216 1793 259 9

86 291 172 330 Pag.
192 289 282 326 250.
1156 290 1243 331 Pag.
1258 291 1332 322 248.
1350 301 1381 321 v.
1395 297 1427 322 15
1445 315 1452 322 .
1468 315 1474 321 .
1491 315 1497 321 .
1515 290 1602 331 Pag.
1615 292 1691 322 252.
1709 301 1740 322 v.
1753 298 1795 322 13.

84 347 106 376 4
130 343 343 377 luxuriosus
366 344 416 377 ad
440 345 571 388 metra]
603 344 654 378 Ut
676 345 757 378 tum
782 344 999 378 Germanice
1028 345 1141 388 tastiy
1169 354 1249 377 eam
1274 343 1443 377 Dichten.
1483 345 1648 378 ceterum
1680 343 1794 378 ambi-

174 398 358 443 guitatem
382 399 503 433 voluit
526 401 665 434 auctor.

84 456 103 486 6
127 463 201 487 non
218 455 325 488 habeo
340 482 346 488 .
362 482 369 488 .
385 482 391 488 .
405 455 626 499 Apollinem]
652 455 779 489 Horat.
798 467 907 490 carm.
926 468 963 490 11.
983 460 1034 498 10,
1055 466 1095 490 19.
1122 482 1162 498 „.
1175 483 1183 490 .
1203 466 1324 499 neque
1348 466 1495 499 semper
1515 466 1641 490 arc-um
1659 455 1796 490 Tendit

172 509 344 553 Apollo.“
369 511 416 544 ib.
435 523 458 544 1.
477 515 529 545 31.
546 511 626 544 init.
656 510 784 553 „Quid
809 511 1021 545 dedicatum
1045 511 1166 555 poscit
1188 511 1402 555 Apollinem
1427 511 1598 545 Vates?“
1631 511 1738 546 Satir.
1757 524 1794 546 11.

174 569 210 606 5,
235 575 278 599 60.
304 565 502 607 „divinare
534 566 674 600 etenim
703 577 859 611 magnus
889 567 980 600 mihi
1011 567 1126 601 donat
1155 566 1327 610 Apollo.“
1367 566 1526 600 Martial.
1545 567 1659 611 epigr.
1677 566 1722 600 Π.
1741 571 1794 601 89.

173 620 371 662 „Carmina
395 622 494 665 quod
519 622 646 656 scribis
670 622 784 656 Musis
809 623 847 656 et
870 622 1042 666 Apolline
1067 622 1188 664 nullo,
1213 621 1374 656 Laudari
1399 622 1547 656 debes.“

82 680 102 710 9
130 676 249 720 Ovid]
275 675 371 711 Fast.
389 690 436 711 VI.
456 681 529 712 771.

84 736 124 766 13
148 733 206 766 hic
228 736 315 767 sant
338 735 360 767 3
383 734 499 778 theol]
527 734 579 768 Cf.
597 745 708 778 supra
731 745 766 778 p.
786 738 838 768 75.
857 734 895 768 et
918 733 996 767 Ind.
1015 734 1132 778 biogr.
1150 746 1184 778 p.
1204 738 1279 769 340.
1297 735 1365 768 art.
1384 733 1532 778 Caspar.

82 792 123 822 21
150 791 181 822 et
207 789 301 822 bene.
328 792 377 823 est
403 790 544 834 etenim]
571 790 616 824 cf.
636 789 761 823 Ioann.
779 802 854 822 xm.
875 793 925 824 13.

81 848 123 878 27
148 844 274 887 oleari]
301 844 382 878 oleo
400 845 502 888 ungi,
528 845 800 878 sacramentum
818 845 1001 878 unctionis
1019 845 1198 889 accipere.
1231 845 1396 879 Verbum
1423 845 1582 879 ‘oleare'
1601 846 1669 879 hoc
1687 856 1794 879 sensu

170 910 243 933 non
268 900 409 933 habent
431 900 688 934 Vocabularia.

81 959 123 990 28
147 955 357 999 rectificare]
385 955 600 997 emendare,
627 955 706 990 iure
733 966 882 1001 cogere,
910 957 1023 991 ‘recht
1046 957 1212 999 macheu,
1242 957 1400 998 rtchten,
1430 957 1568 990 richten
1593 967 1661 1001 eyn
1686 957 1795 991 clinck

172 1011 238 1045 dat
261 1011 401 1045 lcrumm
426 1011 486 1045 «ἰδ’.
519 1011 691 1046 Diefenb.
710 1012 867 1046 Glossar.

80 1071 122 1101 32
146 1066 254 1109 fortis
278 1067 372 1101 sicat
397 1068 467 1112 leo]
496 1064 586 1102 ‘Leo
611 1067 715 1102 fortis
741 1069 797 1102 est
814 1069 852 1102 et
869 1069 1067 1103 occiditur'
1094 1068 1251 1103 Hutteni
1276 1068 1313 1102 in
1339 1068 1420 1103 duc.
1439 1068 1532 1102 Virt.
1551 1079 1601 1102 or.
1619 1082 1684 1102 1111.
1703 1072 1722 1110 ἕ
1739 1072 1793 1104 86.

169 1122 279 1167 (Opp.
298 1123 341 1157 V.
359 1135 394 1168 p.
413 1125 481 1167 68.)

79 1182 122 1213 34
145 1179 316 1223 Absolon]
342 1179 387 1213 II.
405 1179 496 1224 Reg.
513 1184 656 1214 X1v.‘25.
681 1181 809 1222 „sicut
832 1181 1008 1214 Absalom
1032 1181 1089 1214 vir
1113 1191 1187 1214 11011
1212 1181 1292 1214 erat
1314 1180 1470 1224 pulcher
1494 1180 1531 1213 in
1558 1180 1657 1214 omni
1681 1180 1794 1214 Israel

170 1235 208 1269 et
231 1234 386 1269 decorus
410 1236 536 1270 nimis:
563 1247 585 1270 a
609 1237 766 1281 vestigio
798 1237 904 1281 pedis
935 1248 1051 1280 usque
1084 1236 1130 1270 ad
1155 1236 1333 1270 verticem
1365 1247 1438 1270 non
1471 1237 1551 1270 erat
1579 1237 1618 1269 in
1649 1247 1692 1270 00
1717 1236 1792 1269 ulla

168 1291 357 1326 macula“.

123 1346 312 1391 Salomon]
338 1346 401 1381 ΠΙ.
419 1348 510 1392 Reg.
529 1360 574 1382 1v.
593 1352 646 1382 30.
664 1360 717 1392 sq.
749 1348 826 1390 „Et
856 1349 1094 1392 praecedebat
1123 1349 1305 1393 sapientia
1336 1348 1542 1382 Salomonis
1572 1349 1794 1393 sapientiam

170 1402 336 1437 omnium
355 1429 363 1438 .
379 1430 386 1437 .
401 1431 408 1437 .
434 1404 472 1437 et
496 1404 576 1437 erat
599 1403 803 1448 sapientior
828 1404 969 1438 cunctis
993 1405 1248 1439 hominibus“.

78 1463 121 1494 35
144 1459 315 1503 Asveras]
340 1458 474 1493 Esther
489 1472 511 1493 1.
529 1459 608 1493 init.

77 1519 165 1559 Pag.
185 1517 276 1554 251.
739 1521 874 1523 w
903 1521 970 1523 ’-

78 1575 98 1606 2
125 1572 482 1616 Tetrayrammaton]
510 1573 704 1616 ‘quattuor
733 1572 867 1607 litteris
899 1575 1080 1608 constans.
1129 1573 1187 1607 Sic
1219 1572 1319 1617 apud
1348 1572 1490 1607 Iudaeos
1515 1572 1709 1607 dicebatur
1734 1572 1794 1606 dei

168 1638 303 1662 nomen
328 1627 502 1670 Iehouah,
529 1628 628 1671 quod
655 1629 861 1673 exprimere
885 1628 958 1662 illis
984 1630 1064 1663 erat
1087 1629 1276 1674 religioni'
1303 1628 1481 1675 Ducange
1507 1628 1541 1662 h.
1558 1640 1592 1663 v.

390 1717 625 1752 EPISTOLA
645 1720 710 1755 41.
752 1717 903 1752 SIMON
927 1717 1231 1753 POCOPORIVS
1257 1717 1487 1753 OM'VINO.

79 1801 98 1832 5
122 1796 348 1841 Pocoporius
373 1796 456 1831 edd.
473 1797 621 1841 princc.,
641 1807 715 1830 non
742 1796 1031 1842 ‘Procoporius’.
1063 1796 1231 1831 Fortasse
1259 1797 1571 1842 ‘Porcoporcius',
1598 1798 1638 1830 ut
1664 1796 1794 1831 Ortwi-

167 1865 258 1887 num
282 1853 511 1897 Porquinum
537 1852 779 1897 appellabant
804 1854 842 1887 et
865 1853 1001 1887 similia
1023 1853 1214 1888 ludebant.

78 1913 99 1944 8
122 1909 314 1944 Mirabilz's
338 1909 440 1951 facta
465 1913 516 1944 est
540 1909 614 1953 etc]
640 1908 774 1943 Psalm.
792 1921 963 1944 cxxxvm.
982 1913 1012 1943 6.

79 1969 98 1999 9
123 1966 379 2010 appropriari]
415 1965 691 2010 ‘appropriare,
730 1966 850 2010 eiyen,
886 1975 932 1999 Za
966 1967 1067 2011 ρι’-9οη
1098 1966 1264 2008 macheu,
1306 1966 1513 2009 zueifflzerzffi
1554 1965 1599 1999 cf.
1623 1964 1793 1999 Diefenb.

170 2021 328 2056 Glossar.
345 2021 380 2055 h.
399 2033 432 2056 v.

125 2078 270 2123 directe]
295 2078 419 2122 plane,
446 2078 606 2120 omnino,
633 2078 710 2112 sine
736 2078 814 2112 ulla
837 2078 1054 2112 mutatione.

80 2138 119 2169 11
145 2135 339 2178 orationes]
366 2133 638 2178 quodlibeticae.
665 2134 709 2168 cf.
728 2134 806 2168 Ind.
824 2134 942 2179 biogr.
960 2146 994 2178 p.
1014 2137 1089 2168 382.
1108 2146 1142 2167 n.
1161 2137 1191 2168 6.
1211 2135 1279 2168 art.
1300 2134 1459 2168 Gratius.

79 2195 121 2226 13
145 2190 342 2235 scriptura]
367 2189 500 2224 Matth.
517 2202 549 2223 x.
568 2193 621 2224 24.

80 2250 121 2281 15
145 2247 328 2281 mirabilis
352 2245 454 2288 facta
479 2250 527 2280 est
554 2247 628 2291 etc]
654 2246 850 2290 Repetitus
876 2258 908 2280 v.
928 2251 958 2282 8.

80 2307 120 2338 17
147 2314 190 2337 eoe
213 2303 278 2346 me]
304 2313 364 2336 me
389 2302 557 2345 docente,
583 2313 688 2336 meus
714 2302 925 2346 discipulus.

78 2363 121 2394 20
140 2369 209 2402 per
231 2359 446 2393 instinctum
470 2359 624 2401 spiritus
647 2359 778 2403 sancti]
805 2358 849 2392 cf.
867 2360 958 2392 473⁸.
976 2360 1064 2393 58¹5.
1083 2359 1180 2393 2814.

77 2419 122 2450 24
146 2416 248 2449 (Zarae
272 2415 432 2460 cervicis]
458 2414 615 2448 Veteres
642 2417 787 2450 ‘crassae
811 2413 1027 2456 Minervae’,
1062 2414 1156 2448 ‘sine
1182 2413 1366 2448 cerebro'.
1414 2413 1490 2447 Nos
1514 2424 1662 2457 quoque
1688 2413 1794 2447 einen

167 2471 297 2505 harten
320 2470 474 2505 Scha'del
497 2471 612 2504 haben
636 2470 755 2514 magis
780 2469 825 2504 de
852 2470 1036 2504 obstinato
1055 2469 1272 2513 difficilique
1296 2469 1445 2503 homine
1472 2480 1583 2513 quam
1608 2469 1653 2503 de
1678 2469 1794 2502 inibe-

169 2527 247 2562 cilli
269 2527 420 2572 ingenio
446 2526 613 2569 dicimus,
640 2526 740 2570 quod
765 2528 891 2561 tamen
917 2525 1109 2568 Diclckopf
1127 2525 1238 2569 volgo
1264 2524 1457 2570 significat.

79 2587 120 2619 27
145 2583 326 2628 Socrates]
359 2582 527 2617 Lactant.
544 2583 628 2616 inst.
645 2582 718 2616 div.
736 2595 786 2615 111.
805 2586 858 2616 20.
884 2581 1062 2624 „celebre
1092 2581 1162 2615 hoc
1193 2580 1433 2624 proverbium
1463 2580 1631 2614 Socrates
1663 2580 1795 2614 habuit

171 2638 294 2681 ‘Quod
318 2650 430 2684 supra
453 2650 529 2681 nos,
555 2638 648 2672 nihil
674 2638 721 2672 ad
745 2640 854 2671 nos“.
885 2637 930 2671 cf.
946 2636 1088 2671 Erasmi
1112 2636 1230 2681 Adag.
1247 2640 1397 2670 n.1669.

79 2788 164 2830 Pag.
181 2788 272 2824 252.
359 2783 595 2819 EPISTOLA
619 2786 684 2821 42.
725 2781 969 2818 ACHATIVS
993 2781 1256 2816 LAMPIRIVS
1283 2781 1512 2816 ORTVINO.

80 2868 100 2898 2
124 2863 342 2908 Lampirius.
378 2863 546 2897 Fortasse
579 2873 601 2896 a
624 2862 740 2907 Lamp
766 2862 784 2906 '(
793 2861 838 2896 cf.
857 2872 940 2906 epp.
958 2861 1002 2895 Π.
1023 2865 1074 2895 12.
1092 2863 1166 2905 35.)
1198 2861 1339 2895 factum
1371 2871 1507 2895 nomen
1526 2889 1534 2896 .
1553 2872 1640 2895 nam
1666 2860 1794 2896 Graeca

169 2920 285 2954 verba
310 2916 438 2964 λα’μπη
465 2920 503 2953 et
527 2917 624 2963 εἶρος
648 2918 710 2953 vel
734 2915 929 2963 λαμπηρός
952 2917 1025 2952 11110
1048 2928 1122 2951 non
1147 2917 1334 2951 traxerim.
1353 2941 1396 2946 -
1412 2916 1501 2951 Haec
1527 2916 1685 2962 epistola
1709 2928 1793 2951 cum

169 2976 197 3010 Ι.
214 2980 268 3010 34.
285 2986 359 3010 11011
382 2975 523 3009 nullam
549 2974 831 3009 similitudinem
853 2973 979 3007 habet.

85 3037 122 3068 13
150 3033 238 3079 Quae
261 3035 395 3067 veteres
419 3033 492 3076 ete]
520 3030 722 3065 Alexandri
746 3029 948 3065 Doctrinal.
966 3029 1067 3074 praef.
1086 3034 1162 3064 V.4.
