2119 3522
966 111 989 134 ‘⁸

312 214 384 235 EPP.
399 211 441 236 13.
455 212 496 237 14.
521 213 656 236 THOMAS
672 196 844 237 KLORBIVS
861 213 1020 237 OBTVINO.
1039 221 1081 226 -
1098 213 1186 236 OTHO
1203 213 1383 236 HEMERLIN
1400 212 1558 235 ORTVINO.
1699 194 1793 240 683

82 272 167 314 Pag.
189 270 280 307 210.
1154 272 1240 313 Pag.
1254 273 1331 304 209.
1351 282 1379 303 v.
1393 277 1427 304 38
1443 295 1450 303 .
1466 295 1472 303 .
1488 296 1495 303 .
1512 271 1599 313 Pag.
1614 271 1689 303 211.
1709 281 1738 303 v.
1752 278 1794 303 32.

84 329 127 360 23
152 325 232 360 libr.
252 325 342 360 doct.
360 325 400 369 s.]
426 325 471 359 ef.
489 325 568 359 Ind.
586 325 703 369 biogr.
722 326 806 359 artt.
824 325 984 359 Thomas
1002 325 1167 369 Aquinas
1193 325 1231 359 et
1254 324 1399 359 Versor.

126 380 268 415 Fortaz.
286 381 361 425 fist]
388 380 570 425 Alphonsi
594 380 639 414 de
665 379 789 424 Spina.
830 380 874 415 ef.
892 380 980 415 ibid.
998 393 1033 425 p.
1052 385 1127 416 372.
1146 381 1214 415 art.
1231 379 1481 415 Fortalieium.

81 440 124 471 25
146 436 251 479 form.
268 436 379 481 Scott]
406 437 449 471 ef.
470 436 558 470 ibid.
577 448 612 480 p.
630 439 706 470 466.
726 436 793 470 art.
812 435 952 471 Seotus.

124 493 253 537 ceram]
283 492 375 526 Vult
399 493 546 526 ‘eerae':
572 503 659 526 nam
683 502 792 535 oerae,
818 503 891 527 non
917 503 1017 535 cera,
1043 492 1152 528 facile
1177 493 1414 537 imprimitur.

124 548 263 592 ultimo]
289 548 504 589 novissime,
529 547 567 581 in
593 547 676 582 fine.

123 604 264 639 membr.
278 616 301 639 x
321 603 457 647 nnivv.]
483 603 692 638 membrum
715 617 770 638 1111
793 604 1095 639 universitatum:
1121 617 1156 649 p.
1176 605 1264 640 1715.

79 663 121 695 26
145 671 175 694 v.
195 671 221 694 e.
238 660 480 704 ineonyrnns]
503 660 706 704 incongrue
725 660 831 703 dieis,
850 660 972 694 verbis
989 661 1043 694 rei
1059 671 1133 694 non
1151 661 1248 705 aptis
1264 661 1395 703 uteris,
1420 665 1710 706 nnangyemessen,
1729 673 1793 695 nn-

165 716 358 760 gyeschickt,
376 716 619 759 „nnbeqnem,
636 717 831 761 nnyelielst
855 715 1026 750 Diefenb.
1045 715 1160 750 Gloss.
1181 716 1341 761 ‘Regule
1359 717 1602 761 congruitatis
1621 718 1659 752 et
1676 718 1792 762 figure

167 771 467 806 constructionis’
488 771 706 816 (Erphordie
725 771 823 806 edite
841 782 873 805 a.
892 775 987 806 1505.
1005 773 1067 815 4⁰.)
1084 784 1118 816 p.
1136 776 1164 806 1.
1183 771 1334 815 ⁷,Oratio
1352 783 1516 818 congrua
1532 775 1588 808 est·
1611 785 1692 817 quae
1710 785 1794 808 eon-

168 826 295 861 formis
313 828 369 861 est
390 827 529 872 regulis
546 827 607 861 vel
624 827 752 872 figuris
768 827 1004 871 permissivis.
1044 827 1092 862 Et
1109 829 1164 862 est
1179 828 1317 872 duplex
1334 828 1476 863 seilicet
1492 839 1656 873 congrua
1671 829 1792 874 Regu-

166 883 293 917 lariter
317 883 356 917 et
379 884 435 917 est
459 894 540 927 quae
566 883 666 917 cadit
689 882 755 917 sub
780 882 905 927 aliqua
920 883 1052 928 regula
1068 884 1327 929 congruitatis,
1352 885 1395 918 ut
1410 884 1516 918 albus
1532 885 1658 928 homo,
1682 886 1792 920 homo

166 938 339 973 currit
363 938 597 983 Figuraliter.
623 940 661 973 et
683 940 739 973 est
761 949 832 983 que
857 938 958 973 cadit
980 940 1046 973 sub
1071 939 1197 983 aliqua
1218 939 1339 984 figura
1360 940 1593 984 permissiva‚
1620 941 1715 976 sicut
1738 943 1795 976 est

120 1011 126 1016 ·
166 995 284 1029 oratio
309 995 546 1039 appositoria.
565 1023 572 1029 .
588 1022 595 1029 .
611 1023 617 1029 .
643 995 851 1040 Inoongrua
875 996 932 1029 est
955 1006 1027 1039 que
1045 1006 1119 1029 non
1137 996 1192 1029 est
1209 995 1408 1029 conformis
1426 996 1564 1040 regulis
1580 1007 1649 1030 nee
1666 996 1794 1042 figuris

165 1050 401 1095 permissivis.
453 1050 500 1085 Et
524 1052 580 1086 est
603 1051 742 1095 duplex
767 1051 907 1086 scilieet
931 1051 1135 1096 incongrua
1163 1051 1533 1096 Impedimentaliter.
1579 1053 1617 1086 et
1641 1053 1697 1087 est
1721 1064 1792 1097 que

164 1107 264 1141 eadit
293 1107 360 1141 sub
393 1107 518 1150 aliqua
548 1107 667 1152 figura
697 1107 886 1151 prohibita
911 1134 918 1142 .
937 1134 970 1142 ..
996 1107 1217 1142 auctoritate
1248 1108 1375 1142 tamen
1412 1107 1574 1151 prolata,
1614 1109 1656 1142 ut
1683 1109 1794 1143 turba

164 1163 286 1196 ruunt.
313 1190 319 1197 .
339 1190 345 1196 .
365 1190 371 1197 .
398 1162 635 1197 Solceeistiee.
661 1164 699 1197 et
723 1164 779 1197 est
802 1163 840 1196 in
865 1174 940 1207 qua
964 1163 1211 1198 committitur
1233 1163 1459 1198 soloecismus
1481 1163 1577 1198 sieut
1602 1165 1657 1198 est
1674 1166 1791 1199 oratio

163 1218 367 1263 incongrua
395 1218 499 1253 nulla
529 1219 729 1253 autoritate
762 1219 923 1263 prolata,
957 1220 998 1254 ut
1023 1219 1127 1253 albus
1152 1219 1285 1254 mulier
1310 1247 1317 1254 .
1337 1247 1342 1254 .
1363 1247 1369 1254 .
1396 1220 1434 1254 et
1456 1219 1552 1254 hane
1575 1230 1697 1264 neque
1722 1220 1792 1254 tol-

162 1274 322 1308 leramus
358 1285 478 1318 neque
514 1274 705 1309 imitamur
740 1275 804 1309 sed
839 1276 988 1320 penitus
1024 1275 1258 1310 eliminamus
1295 1277 1334 1310 et
1370 1275 1576 1320 respuimus
1614 1287 1636 1310 a
1665 1277 1791 1311 nostro

162 1340 329 1364 sermone
341 1332 372 1364 “.

73 1390 113 1421 31
140 1386 268 1421 habet.
284 1412 291 1420 .
306 1413 313 1420 .
332 1387 499 1431 membra]
527 1387 673 1421 constat
697 1397 741 1420 ex
766 1386 838 1420 illis
863 1388 1049 1422 membris.

116 1443 268 1477 subsunt
291 1443 377 1478 Ῑιιιίσ
401 1443 555 1487 corpori]
583 1442 821 1477 eontinentur
844 1443 913 1477 hoe
939 1454 1103 1487 corpore.

71 1501 158 1542 Pag.
178 1500 268 1536 211.

71 1559 91 1589 3
117 1554 260 1598 iterum]
287 1555 400 1589 etiam
424 1555 493 1589 hoe
518 1565 619 1596 casu,
646 1567 780 1589 rursus.

71 1613 90 1644 7
115 1610 224 1644 ettam
249 1637 257 1644 .
276 1637 283 1644 .
301 1636 309 1644 .
334 1611 504 1656 homines]
535 1621 749 1655 quanquam
776 1612 878 1645 ‘sunt
902 1611 939 1645 111
964 1612 1045 1646 1060
1070 1612 1344 1656 apostolorum'
1370 1624 1404 1656 p.
1424 1616 1466 1646 39
1476 1614 1513 1645 ³³.

76 1669 116 1700 13
141 1667 191 1700 ad
216 1669 355 1710 tempus
377 1666 533 1711 studuit]
560 1666 651 1701 Tam
670 1667 894 1701 universalia
911 1679 1021 1711 quam
1039 1667 1269 1712 singularum
1287 1668 1508 1702 facultatum
1526 1669 1667 1703 statuta
1685 1669 1789 1704 Colo-

160 1722 303 1757 niensia
334 1722 380 1757 de
410 1722 659 1767 temporibus,
697 1734 764 1767 per
795 1735 876 1767 quae
906 1723 1029 1757 studia
1053 1724 1306 1758 continuanda
1330 1725 1468 1767 essent,
1507 1736 1573 1758 sua
1603 1726 1791 1770 praecepta

159 1778 359 1812 habebant.

74 1838 112 1869 16
137 1835 460 1880 disconvenientia]
480 1836 867 1879 ῃτινιόετμιεηιεῑίοῖιθίύ,
890 1836 1159 1870 mzzimliehkec‘t
1182 1863 1189 1870 .
1209 1838 1244 1870 .“
1268 1835 1439 1871 Diefenb.
1458 1837 1615 1871 Glossar.
1665 1837 1788 1872 Evita-

159 1892 220 1924 tur
243 1890 495 1935 incongruitas
519 1902 586 1935 per
610 1891 983 1934 disconvenientiam,
1010 1892 1031 1925 i.
1052 1902 1081 1926 e.
1102 1903 1169 1936 per
1193 1903 1230 1927 se
1256 1892 1385 1936 ipsam.

72 1951 112 1981 17
141 1947 284 1991 Viryz'l]
311 1947 376 1981 ecl.
395 1960 432 1981 11.
452 1953 480 1982 l.

73 2006 112 2037 18
138 2014 234 2037 unns
258 2003 427 2048 rnsticns]
457 2003 571 2037 Miror
595 2015 667 2038 non
693 2004 877 2038 addidisse
905 2005 961 2038 ‘et
985 2003 1127 2038 delieiae
1152 2005 1238 2038 sunt
1260 2004 1386 2049 plures
1410 2004 1590 2039 femime'.

69 2062 110 2093 21
136 2068 211 2093 non
235 2059 398 2094 habeatis
417 2070 487 2103 pro
512 2060 783 2104 ivndiynatc'one]
810 2060 866 2095 Ne
892 2060 1047 2095 moleste
1074 2060 1186 2103 feras,
1214 2060 1359 2095 veniam
1386 2060 1442 2094 da.

70 2118 112 2148 22
138 2126 182 2149 esc
206 2115 306 2159 bono]
334 2115 356 2148 1.
375 2126 405 2149 6.
424 2115 563 2158 animo,
591 2115 720 2150 amice.

116 2169 365 2216 Confluentice]
398 2171 521 2205 Semel
551 2172 697 2206 tantum
729 2172 765 2206 in
795 2173 852 2207 his
885 2172 1051 2217 epistolis
1079 2173 1322 2216 memoratur,
1357 2185 1438 2217 quae
1463 2173 1494 2207 si
1518 2173 1627 2208 hodie
1653 2173 1786 2208 seribe-

158 2227 301 2269 rentur,
329 2227 461 2271 saepius
486 2227 719 2262 celebrarent
742 2228 905 2263 zelosum
931 2228 1120 2273 oppidum.

410 2316 645 2352 EPISTOLA
675 2319 735 2355 14.
778 2318 908 2354 OTHO
934 2318 1189 2353 HEMERLIN
1214 2318 1445 2354 ORTVINO.

69 2399 110 2430 25
135 2395 338 2430 Hemerlin.
379 2395 431 2430 Cf.
448 2396 545 2430 infra
565 2397 664 2441 adp.
682 2398 800 2439 290¹&
826 2397 888 2431 ubi
909 2397 1081 2432 Latinum
1105 2409 1240 2433 nomen
1258 2398 1453 2433 Malleolus
1478 2399 1590 2441 redit,
1618 2399 1682 2433 sed
1708 2400 1785 2434 sinc

158 2451 398 2496 praenomine.
1725 2447 1741 2466 s

68 2511 111 2541 29
136 2506 222 2550 Des.
236 2508 314 2542 Ioh.
328 2508 573 2553 Pfefferkorn]
600 2509 678 2543 Ind.
697 2522 781 2544 serr.
796 2522 830 2555 p.
845 2514 898 2545 89.
918 2523 952 2544 11.
966 2523 1036 2544 nx.
1050 2522 1075 2544 ι».
1095 2513 1158 2554 qui
1181 2510 1329 2545 libellus
1346 2510 1424 2555 ipse
1443 2511 1603 2545 famosus
1621 2512 1701 2546 tota
1718 2512 1785 2546 hae

158 2563 316 2607 epistola
340 2564 461 2609 dignis
485 2565 658 2599 laudibus
682 2566 955 2611 perstringitur.

67 2622 108 2653 31
134 2619 210 2654 Iste
225 2619 271 2654 R.
290 2620 429 2655 deberet
445 2621 504 2655 lz'b.
524 2632 594 2656 esse
610 2622 667 2665 vm]
695 2621 835 2663 Velim,
855 2622 1059 2666 optandum
1079 2624 1150 2665 est,
1178 2623 1217 2656 a
1237 2634 1314 2657 esse
1333 2623 1529 2657 mortuum.
1580 2622 1662 2656 Non
1681 2623 1786 2667 optat

158 2686 348 2720 nunquam
373 2677 542 2721 genitum
567 2677 677 2711 fuisse
700 2677 964 2721 Reuehlinum,
990 2690 1063 2722 quo
1089 2690 1174 2712 easu
1200 2690 1267 2712 1166
1292 2678 1474 2713 notabiles
1500 2679 1537 2713 et
1562 2678 1786 2713 excellentes

157 2732 461 2776 reprehensiones
485 2733 607 2767 lueem
632 2733 820 2767 vidissent.

67 2791 109 2821 32
129 2787 310 2830 plebanus
334 2788 497 2833 qnidam]
522 2789 614 2833 puto
640 2788 747 2823 fietus
771 2790 999 2832 Antimeyer.

112 2843 280 2888 existens]
313 2844 335 2877 i.
354 2854 385 2878 6.
409 2844 471 2887 qui
504 2845 568 2878 est.
617 2844 763 2889 Duplex
801 2845 932 2879 vitium
964 2857 985 2880 a
1015 2845 1140 2880 multis
1171 2846 1374 2881 editoribus
1400 2846 1651 2889 commissum,
1685 2848 1784 2891 quod

156 2909 200 2933 ex
227 2899 352 2933 ‘exfis’
379 2900 540 2944 exempli
566 2903 596 2934 5.
622 2900 791 2935 fecerunt
816 2904 877 2935 ‘ex
903 2901 1051 2936 nostris‘
1081 2902 1193 2936 etiam
1211 2903 1248 2936 in
1267 2902 1323 2936 ed.
1342 2915 1389 2936 m.
1408 2914 1440 2937 a.
1460 2906 1555 2938 1858.
1574 2914 1647 2938 non
1665 2914 1783 2938 eorre-

155 2955 256 2988 etum
281 2955 346 2989 est.
378 2955 516 3000 duplex
541 2955 674 2991 vitium
700 2958 771 2999 est,
800 2968 887 2991 nam
911 2957 1004 2992 illud
1029 2959 1117 2992 exfis
1140 2958 1233 2992 nihil
1257 2958 1326 2993 nisi
1352 2959 1547 2994 ‘existens‘
1574 2959 1782 3005 significare

155 3011 295 3054 potest,
322 3012 360 3046 et
383 3011 443 3046 hie
467 3011 648 3056 plebanus
673 3023 746 3047 non
774 3016 836 3047 ‘ex
860 3013 1025 3061 nostris’,
1056 3014 1119 3048 sed
1146 3016 1208 3048 ‘ex
1233 3014 1472 3049 adversariis’
1500 3015 1565 3049 cst.
