<?xml version="1.0" encoding="UTF-8"?>
<!DOCTYPE html PUBLIC "-//W3C//DTD XHTML 1.0 Transitional//EN"
    "http://www.w3.org/TR/xhtml1/DTD/xhtml1-transitional.dtd">
<html xmlns="http://www.w3.org/1999/xhtml" xml:lang="en" lang="en">
 <head>
  <title>
</title>
<meta http-equiv="Content-Type" content="text/html;charset=utf-8" />
  <meta name='ocr-system' content='tesseract 3.04.00' />
  <meta name='ocr-capabilities' content='ocr_page ocr_carea ocr_par ocr_line ocrx_word'/>
</head>
<body>
  <div class='ocr_page' id='page_1' title='image "./operaquaereperir02huttuoft/operaquaereperir02huttuoft_0414.png"; bbox 0 0 2119 3522; ppageno 0'>
   <div class='ocr_carea' id='block_1_1' title="bbox 277 228 1486 273">
    <p class='ocr_par' dir='ltr' id='par_1_1' title="bbox 277 228 1486 273">
     <span class='ocr_line' id='line_1_1' title="bbox 277 228 1486 273; baseline 0.001 -8"><span class='ocrx_word' id='word_1_1' title='bbox 277 228 372 273; x_wconf 82' lang='lat'>400</span> <span class='ocrx_word' id='word_1_2' title='bbox 769 245 875 266; x_wconf 70' lang='lat' dir='ltr'>mnnx</span> <span class='ocrx_word' id='word_1_3' title='bbox 900 244 1153 266; x_wconf 80' lang='lat' dir='ltr'>BIOGRAPHICVS</span> <span class='ocrx_word' id='word_1_4' title='bbox 1177 244 1220 264; x_wconf 86' lang='lat' dir='ltr'>ET</span> <span class='ocrx_word' id='word_1_5' title='bbox 1243 243 1486 266; x_wconf 61' lang='lat' dir='ltr'>oxomas‘mcvs.</span> 
     </span>
    </p>
   </div>
   <div class='ocr_carea' id='block_1_2' title="bbox 275 355 1985 510">
    <p class='ocr_par' dir='ltr' id='par_1_2' title="bbox 275 355 1985 510">
     <span class='ocr_line' id='line_1_2' title="bbox 275 355 1983 398; baseline 0 -9"><span class='ocrx_word' id='word_1_6' title='bbox 275 363 393 390; x_wconf 87' lang='lat' dir='ltr'>tecum</span> <span class='ocrx_word' id='word_1_7' title='bbox 426 357 545 388; x_wconf 86' lang='lat' dir='ltr'>defers</span> <span class='ocrx_word' id='word_1_8' title='bbox 577 356 773 395; x_wconf 83' lang='lat' dir='ltr'>vocabula,</span> <span class='ocrx_word' id='word_1_9' title='bbox 807 366 884 396; x_wconf 69' lang='lat' dir='ltr'>quae</span> <span class='ocrx_word' id='word_1_10' title='bbox 917 366 987 387; x_wconf 90' lang='lat' dir='ltr'>non</span> <span class='ocrx_word' id='word_1_11' title='bbox 1012 355 1214 397; x_wconf 80' lang='lat' dir='ltr'>intelligis?</span> <span class='ocrx_word' id='word_1_12' title='bbox 1262 355 1315 387; x_wconf 89' lang='lat' dir='ltr'>Ad</span> <span class='ocrx_word' id='word_1_13' title='bbox 1341 366 1420 397; x_wconf 87' lang='lat' dir='ltr'>quae</span> <span class='ocrx_word' id='word_1_14' title='bbox 1445 356 1508 387; x_wconf 87' lang='lat' dir='ltr'>ille</span> <span class='ocrx_word' id='word_1_15' title='bbox 1539 355 1678 387; x_wconf 88' lang='lat' dir='ltr'>‘Tanta</span> <span class='ocrx_word' id='word_1_16' title='bbox 1705 357 1798 398; x_wconf 86' lang='lat' dir='ltr'>apud</span> <span class='ocrx_word' id='word_1_17' title='bbox 1824 360 1983 389; x_wconf 87' lang='lat' dir='ltr'>nostrum</span> 
     </span>
     <span class='ocr_line' id='line_1_3' title="bbox 275 406 1985 455; baseline 0.001 -12"><span class='ocrx_word' id='word_1_18' title='bbox 275 414 484 455; x_wconf 85' lang='lat' dir='ltr'>plerosque,</span> <span class='ocrx_word' id='word_1_19' title='bbox 512 412 644 453; x_wconf 87' lang='lat' dir='ltr'>inquit,</span> <span class='ocrx_word' id='word_1_20' title='bbox 670 412 856 442; x_wconf 86' lang='lat' dir='ltr'>literarum</span> <span class='ocrx_word' id='word_1_21' title='bbox 885 415 939 443; x_wconf 87' lang='lat' dir='ltr'>est</span> <span class='ocrx_word' id='word_1_22' title='bbox 963 406 1162 453; x_wconf 84' lang='lat' dir='ltr'>imperitia,</span> <span class='ocrx_word' id='word_1_23' title='bbox 1189 415 1228 443; x_wconf 90' lang='lat' dir='ltr'>ut</span> <span class='ocrx_word' id='word_1_24' title='bbox 1254 413 1396 443; x_wconf 89' lang='lat' dir='ltr'>etiamsi</span> <span class='ocrx_word' id='word_1_25' title='bbox 1420 412 1577 444; x_wconf 86' lang='lat' dir='ltr'>barbare</span> <span class='ocrx_word' id='word_1_26' title='bbox 1602 412 1746 453; x_wconf 85' lang='lat' dir='ltr'>loquar,</span> <span class='ocrx_word' id='word_1_27' title='bbox 1775 408 1893 445; x_wconf 82' lang='lat' dir='ltr'>facile</span> <span class='ocrx_word' id='word_1_28' title='bbox 1909 413 1985 444; x_wconf 86' lang='lat' dir='ltr'>illis</span> 
     </span>
     <span class='ocr_line' id='line_1_4' title="bbox 275 467 1604 510; baseline 0 -11"><span class='ocrx_word' id='word_1_29' title='bbox 275 468 514 510; x_wconf 79' lang='lat' dir='ltr'>persuadeam</span> <span class='ocrx_word' id='word_1_30' title='bbox 538 478 593 498; x_wconf 87' lang='lat' dir='ltr'>me</span> <span class='ocrx_word' id='word_1_31' title='bbox 619 467 753 499; x_wconf 78' lang='lat' dir='ltr'>Atticae</span> <span class='ocrx_word' id='word_1_32' title='bbox 781 467 997 508; x_wconf 82' lang='lat' dir='ltr'>eloquentiae</span> <span class='ocrx_word' id='word_1_33' title='bbox 1024 467 1175 508; x_wconf 87' lang='lat' dir='ltr'>angulos</span> <span class='ocrx_word' id='word_1_34' title='bbox 1201 477 1323 499; x_wconf 89' lang='lat' dir='ltr'>omnes</span> <span class='ocrx_word' id='word_1_35' title='bbox 1348 468 1604 509; x_wconf 84' lang='lat' dir='ltr'>penetrasse“.</span> 
     </span>
    </p>
   </div>
   <div class='ocr_carea' id='block_1_3' title="bbox 276 545 1017 584">
    <p class='ocr_par' dir='ltr' id='par_1_3' title="bbox 276 545 1017 584">
     <span class='ocr_line' id='line_1_5' title="bbox 276 545 1017 584; baseline 0.001 -1"><span class='ocrx_word' id='word_1_36' title='bbox 276 554 443 584; x_wconf 82' lang='lat' dir='ltr'><strong>1DIOMA</strong></span> <span class='ocrx_word' id='word_1_37' title='bbox 473 549 544 584; x_wconf 65' lang='lat' dir='ltr'>vicl.</span> <span class='ocrx_word' id='word_1_38' title='bbox 571 545 768 583; x_wconf 83' lang='lat' dir='ltr'>Corvinus</span> <span class='ocrx_word' id='word_1_39' title='bbox 800 553 834 583; x_wconf 75' lang='lat' dir='ltr'>et</span> <span class='ocrx_word' id='word_1_40' title='bbox 863 547 1017 584; x_wconf 81' lang='lat' dir='ltr'>Niavis.</span> 
     </span>
    </p>
   </div>
   <div class='ocr_carea' id='block_1_4' title="bbox 274 633 2009 856">
    <p class='ocr_par' dir='ltr' id='par_1_4' title="bbox 274 633 2009 856">
     <span class='ocr_line' id='line_1_6' title="bbox 276 633 1986 688; baseline 0.001 -15"><span class='ocrx_word' id='word_1_41' title='bbox 276 643 421 681; x_wconf 73' lang='lat' dir='ltr'>IESVS,</span> <span class='ocrx_word' id='word_1_42' title='bbox 456 636 608 673; x_wconf 86' lang='lat' dir='ltr'>Doctor</span> <span class='ocrx_word' id='word_1_43' title='bbox 630 633 681 686; x_wconf 83' lang='lat' dir='ltr'>(p.</span> <span class='ocrx_word' id='word_1_44' title='bbox 704 634 830 685; x_wconf 64' lang='lat'>28937).</span> <span class='ocrx_word' id='word_1_45' title='bbox 874 636 964 673; x_wconf 89' lang='lat' dir='ltr'>Hoc</span> <span class='ocrx_word' id='word_1_46' title='bbox 985 649 1132 673; x_wconf 86' lang='lat' dir='ltr'>nomen</span> <span class='ocrx_word' id='word_1_47' title='bbox 1163 638 1332 686; x_wconf 75' lang='lat' dir='ltr'>gessisse</span> <span class='ocrx_word' id='word_1_48' title='bbox 1363 637 1560 675; x_wconf 86' lang='lat' dir='ltr'>Ioannem</span> <span class='ocrx_word' id='word_1_49' title='bbox 1588 637 1810 684; x_wconf 86' lang='lat' dir='ltr'>Burkardi,</span> <span class='ocrx_word' id='word_1_50' title='bbox 1844 638 1986 688; x_wconf 84' lang='lat' dir='ltr'>praedi-</span> 
     </span>
     <span class='ocr_line' id='line_1_7' title="bbox 276 692 1987 744; baseline 0.001 -15"><span class='ocrx_word' id='word_1_51' title='bbox 276 693 414 729; x_wconf 83' lang='lat' dir='ltr'>catorii</span> <span class='ocrx_word' id='word_1_52' title='bbox 438 692 590 729; x_wconf 76' lang='lat' dir='ltr'>ordinis</span> <span class='ocrx_word' id='word_1_53' title='bbox 611 692 851 729; x_wconf 85' lang='lat' dir='ltr'>monachum</span> <span class='ocrx_word' id='word_1_54' title='bbox 873 692 1098 738; x_wconf 83' lang='lat' dir='ltr'>scelestum,</span> <span class='ocrx_word' id='word_1_55' title='bbox 1119 692 1303 743; x_wconf 79' lang='lat' dir='ltr'>Zwinglii</span> <span class='ocrx_word' id='word_1_56' title='bbox 1327 694 1500 743; x_wconf 80' lang='lat' dir='ltr'>epistula</span> <span class='ocrx_word' id='word_1_57' title='bbox 1522 694 1627 731; x_wconf 87' lang='lat' dir='ltr'>iufra</span> <span class='ocrx_word' id='word_1_58' title='bbox 1643 692 1649 711; x_wconf 85' lang='lat'>¹</span> <span class='ocrx_word' id='word_1_59' title='bbox 1668 695 1840 744; x_wconf 78' lang='lat' dir='ltr'>repetita</span> <span class='ocrx_word' id='word_1_60' title='bbox 1859 694 1987 740; x_wconf 87' lang='lat' dir='ltr'>docet,</span> 
     </span>
     <span class='ocr_line' id='line_1_8' title="bbox 274 749 1987 799; baseline 0.001 -14"><span class='ocrx_word' id='word_1_61' title='bbox 274 762 366 798; x_wconf 70' lang='lat' dir='ltr'>quae</span> <span class='ocrx_word' id='word_1_62' title='bbox 397 754 481 785; x_wconf 88' lang='lat' dir='ltr'>tota</span> <span class='ocrx_word' id='word_1_63' title='bbox 519 749 793 786; x_wconf 85' lang='lat' dir='ltr'>commentarii</span> <span class='ocrx_word' id='word_1_64' title='bbox 830 749 916 786; x_wconf 85' lang='lat' dir='ltr'>loco</span> <span class='ocrx_word' id='word_1_65' title='bbox 957 762 1042 786; x_wconf 86' lang='lat' dir='ltr'>esse</span> <span class='ocrx_word' id='word_1_66' title='bbox 1074 754 1205 799; x_wconf 86' lang='lat' dir='ltr'>potest</span> <span class='ocrx_word' id='word_1_67' title='bbox 1249 750 1492 786; x_wconf 79' lang='lat' dir='ltr'>narrationis</span> <span class='ocrx_word' id='word_1_68' title='bbox 1522 763 1556 795; x_wconf 87' lang='lat' dir='ltr'>p.</span> <span class='ocrx_word' id='word_1_69' title='bbox 1575 755 1716 794; x_wconf 61' lang='lat' dir='ltr'>esasq.</span> <span class='ocrx_word' id='word_1_70' title='bbox 1743 750 1792 788; x_wconf 85' lang='lat' dir='ltr'>de</span> <span class='ocrx_word' id='word_1_71' title='bbox 1825 750 1987 787; x_wconf 88' lang='lat' dir='ltr'>doctore</span> 
     </span>
     <span class='ocr_line' id='line_1_9' title="bbox 275 804 2009 856; baseline 0.001 -16"><span class='ocrx_word' id='word_1_72' title='bbox 275 806 368 841; x_wconf 60' lang='lat' dir='ltr'>Iesu</span> <span class='ocrx_word' id='word_1_73' title='bbox 399 804 582 854; x_wconf 57' lang='lat' dir='ltr'>prolatae,</span> <span class='ocrx_word' id='word_1_74' title='bbox 618 805 657 841; x_wconf 92' lang='lat' dir='ltr'>in</span> <span class='ocrx_word' id='word_1_75' title='bbox 690 811 865 851; x_wconf 84' lang='lat' dir='ltr'>tantum,</span> <span class='ocrx_word' id='word_1_76' title='bbox 898 811 941 842; x_wconf 90' lang='lat' dir='ltr'>ut</span> <span class='ocrx_word' id='word_1_77' title='bbox 971 805 1073 842; x_wconf 84' lang='lat' dir='ltr'>sorte</span> <span class='ocrx_word' id='word_1_78' title='bbox 1103 805 1274 852; x_wconf 85' lang='lat' dir='ltr'>mireris,</span> <span class='ocrx_word' id='word_1_79' title='bbox 1309 805 1549 856; x_wconf 77' lang='lat' dir='ltr'>Zwinglium</span> <span class='ocrx_word' id='word_1_80' title='bbox 1571 806 1797 856; x_wconf 85' lang='lat' dir='ltr'>Marcolphi</span> <span class='ocrx_word' id='word_1_81' title='bbox 1819 805 2009 844; x_wconf 79' lang='lat' dir='ltr'>Sculteti&#39;</span> 
     </span>
    </p>
   </div>
   <div class='ocr_carea' id='block_1_5' title="bbox 364 947 1996 2446">
    <p class='ocr_par' dir='ltr' id='par_1_5' title="bbox 364 947 1996 2446">
     <span class='ocr_line' id='line_1_10' title="bbox 366 947 1989 992; baseline 0.001 -13"><span class='ocrx_word' id='word_1_82' title='bbox 366 949 397 987; x_wconf 85' lang='lat'>1)</span> <span class='ocrx_word' id='word_1_83' title='bbox 412 948 602 989; x_wconf 80' lang='lat' dir='ltr'>Zuinglius</span> <span class='ocrx_word' id='word_1_84' title='bbox 621 947 665 978; x_wconf 87' lang='lat' dir='ltr'>ad</span> <span class='ocrx_word' id='word_1_85' title='bbox 683 948 797 981; x_wconf 75' lang='lat' dir='ltr'>Nicol.</span> <span class='ocrx_word' id='word_1_86' title='bbox 813 948 1059 979; x_wconf 56' lang='lat' dir='ltr'>IVattenweil.</span> <span class='ocrx_word' id='word_1_87' title='bbox 1075 948 1173 982; x_wconf 70' lang='grc'><strong>(1.24,</strong></span> <span class='ocrx_word' id='word_1_88' title='bbox 1191 949 1295 982; x_wconf 83' lang='lat' dir='ltr'>Mart.</span> <span class='ocrx_word' id='word_1_89' title='bbox 1313 960 1343 980; x_wconf 88' lang='lat' dir='ltr'>a.</span> <span class='ocrx_word' id='word_1_90' title='bbox 1360 950 1457 981; x_wconf 76' lang='lat'>1528.</span> <span class='ocrx_word' id='word_1_91' title='bbox 1485 948 1657 990; x_wconf 83' lang='lat' dir='ltr'>(Zuinglii</span> <span class='ocrx_word' id='word_1_92' title='bbox 1673 950 1764 992; x_wconf 90' lang='lat' dir='ltr'>Opp.</span> <span class='ocrx_word' id='word_1_93' title='bbox 1783 950 1863 982; x_wconf 83' lang='lat' dir='ltr'>edd.</span> <span class='ocrx_word' id='word_1_94' title='bbox 1881 951 1989 983; x_wconf 86' lang='lat' dir='ltr'>Schu-</span> 
     </span>
     <span class='ocr_line' id='line_1_11' title="bbox 365 1003 1990 1047; baseline 0.001 -12"><span class='ocrx_word' id='word_1_95' title='bbox 365 1005 418 1035; x_wconf 86' lang='lat' dir='ltr'>ler</span> <span class='ocrx_word' id='word_1_96' title='bbox 444 1008 479 1035; x_wconf 88' lang='lat' dir='ltr'>et</span> <span class='ocrx_word' id='word_1_97' title='bbox 499 1003 722 1034; x_wconf 75' lang='lat' dir='ltr'>Schulthess.</span> <span class='ocrx_word' id='word_1_98' title='bbox 764 1004 888 1035; x_wconf 85' lang='lat' dir='ltr'>Turiei</span> <span class='ocrx_word' id='word_1_99' title='bbox 908 1005 1003 1035; x_wconf 69' lang='lat'>1842.</span> <span class='ocrx_word' id='word_1_100' title='bbox 1023 1008 1106 1037; x_wconf 84' lang='lat' dir='ltr'>tom,</span> <span class='ocrx_word' id='word_1_101' title='bbox 1127 1004 1225 1035; x_wconf 90' lang='lat' dir='ltr'>VIII.</span> <span class='ocrx_word' id='word_1_102' title='bbox 1245 1015 1277 1045; x_wconf 89' lang='lat' dir='ltr'>p.</span> <span class='ocrx_word' id='word_1_103' title='bbox 1298 1005 1387 1044; x_wconf 74' lang='lat'>152.)</span> <span class='ocrx_word' id='word_1_104' title='bbox 1415 1029 1452 1044; x_wconf 71' lang='grc'>,,.</span> <span class='ocrx_word' id='word_1_105' title='bbox 1470 1031 1476 1036; x_wconf 98' lang='grc'><em>.</em></span> <span class='ocrx_word' id='word_1_106' title='bbox 1498 1006 1571 1038; x_wconf 86' lang='lat' dir='ltr'>Iac.</span> <span class='ocrx_word' id='word_1_107' title='bbox 1590 1007 1752 1047; x_wconf 78' lang='lat' dir='ltr'>Wagner</span> <span class='ocrx_word' id='word_1_108' title='bbox 1769 1006 1910 1047; x_wconf 86' lang='lat' dir='ltr'>legatus</span> <span class='ocrx_word' id='word_1_109' title='bbox 1931 1017 1990 1036; x_wconf 85' lang='lat' dir='ltr'>ve-</span> 
     </span>
     <span class='ocr_line' id='line_1_12' title="bbox 365 1060 1990 1101; baseline 0.001 -11"><span class='ocrx_word' id='word_1_110' title='bbox 365 1064 439 1091; x_wconf 82' lang='lat' dir='ltr'>ster</span> <span class='ocrx_word' id='word_1_111' title='bbox 544 1060 748 1101; x_wconf 84' lang='lat' dir='ltr'>Bremgarti</span> <span class='ocrx_word' id='word_1_112' title='bbox 774 1070 918 1090; x_wconf 91' lang='lat' dir='ltr'>manum</span> <span class='ocrx_word' id='word_1_113' title='bbox 945 1060 1067 1090; x_wconf 86' lang='lat' dir='ltr'>iniecit</span> <span class='ocrx_word' id='word_1_114' title='bbox 1085 1060 1261 1092; x_wconf 86' lang='lat' dir='ltr'>Monacho</span> <span class='ocrx_word' id='word_1_115' title='bbox 1288 1061 1368 1099; x_wconf 88' lang='lat' dir='ltr'>isti,</span> <span class='ocrx_word' id='word_1_116' title='bbox 1399 1071 1502 1101; x_wconf 89' lang='lat' dir='ltr'>quem</span> <span class='ocrx_word' id='word_1_117' title='bbox 1521 1062 1711 1092; x_wconf 88' lang='lat' dir='ltr'>Doctorem</span> <span class='ocrx_word' id='word_1_118' title='bbox 1731 1062 1849 1093; x_wconf 89' lang='lat' dir='ltr'>Iesum</span> <span class='ocrx_word' id='word_1_119' title='bbox 1877 1060 1990 1101; x_wconf 86' lang='lat' dir='ltr'>(forte</span> 
     </span>
     <span class='ocr_line' id='line_1_13' title="bbox 365 1116 1990 1158; baseline 0 -10"><span class='ocrx_word' id='word_1_120' title='bbox 365 1116 484 1155; x_wconf 58' lang='lat' dir='ltr'>Ioseu‘)</span> <span class='ocrx_word' id='word_1_121' title='bbox 511 1118 683 1154; x_wconf 77' lang='lat' dir='ltr'>vocant==&lt;‚</span> <span class='ocrx_word' id='word_1_122' title='bbox 715 1116 839 1146; x_wconf 87' lang='lat' dir='ltr'>itidem</span> <span class='ocrx_word' id='word_1_123' title='bbox 868 1119 1077 1147; x_wconf 80' lang='lat' dir='ltr'>constanter</span> <span class='ocrx_word' id='word_1_124' title='bbox 1103 1119 1138 1147; x_wconf 90' lang='lat' dir='ltr'>et</span> <span class='ocrx_word' id='word_1_125' title='bbox 1162 1116 1347 1147; x_wconf 86' lang='lat' dir='ltr'>moderate</span> <span class='ocrx_word' id='word_1_126' title='bbox 1374 1121 1477 1158; x_wconf 86' lang='lat' dir='ltr'>gesto</span> <span class='ocrx_word' id='word_1_127' title='bbox 1504 1118 1669 1158; x_wconf 86' lang='lat' dir='ltr'>negotio,</span> <span class='ocrx_word' id='word_1_128' title='bbox 1698 1120 1738 1148; x_wconf 89' lang='lat' dir='ltr'>ut</span> <span class='ocrx_word' id='word_1_129' title='bbox 1763 1117 1887 1158; x_wconf 88' lang='lat' dir='ltr'>optimi</span> <span class='ocrx_word' id='word_1_130' title='bbox 1913 1117 1990 1158; x_wconf 90' lang='lat' dir='ltr'>qui·</span> 
     </span>
     <span class='ocr_line' id='line_1_14' title="bbox 365 1171 1991 1213; baseline 0.002 -12"><span class='ocrx_word' id='word_1_131' title='bbox 365 1172 445 1202; x_wconf 84' lang='lat' dir='ltr'>dam</span> <span class='ocrx_word' id='word_1_132' title='bbox 479 1181 599 1202; x_wconf 90' lang='lat' dir='ltr'>eorum</span> <span class='ocrx_word' id='word_1_133' title='bbox 626 1171 766 1202; x_wconf 81' lang='lat' dir='ltr'>Civium</span> <span class='ocrx_word' id='word_1_134' title='bbox 798 1181 1016 1213; x_wconf 84' lang='lat' dir='ltr'>magnopere</span> <span class='ocrx_word' id='word_1_135' title='bbox 1047 1172 1297 1203; x_wconf 79' lang='lat' dir='ltr'>commendent</span> <span class='ocrx_word' id='word_1_136' title='bbox 1326 1176 1579 1213; x_wconf 70' lang='lat' dir='ltr'>praematuram</span> <span class='ocrx_word' id='word_1_137' title='bbox 1609 1174 1870 1204; x_wconf 81' lang='lat' dir='ltr'>maturitatem.</span> <span class='ocrx_word' id='word_1_138' title='bbox 1921 1172 1991 1205; x_wconf 87' lang='lat' dir='ltr'>Sed</span> 
     </span>
     <span class='ocr_line' id='line_1_15' title="bbox 365 1224 1988 1268; baseline 0.001 -11"><span class='ocrx_word' id='word_1_139' title='bbox 365 1238 459 1258; x_wconf 86' lang='lat' dir='ltr'>nunc</span> <span class='ocrx_word' id='word_1_140' title='bbox 476 1227 549 1258; x_wconf 89' lang='lat' dir='ltr'>ista</span> <span class='ocrx_word' id='word_1_141' title='bbox 567 1227 781 1267; x_wconf 84' lang='lat' dir='ltr'>admonent,</span> <span class='ocrx_word' id='word_1_142' title='bbox 808 1237 953 1268; x_wconf 89' lang='lat' dir='ltr'>quorum</span> <span class='ocrx_word' id='word_1_143' title='bbox 973 1238 1106 1259; x_wconf 83' lang='lat' dir='ltr'>caussa</span> <span class='ocrx_word' id='word_1_144' title='bbox 1131 1228 1181 1259; x_wconf 90' lang='lat' dir='ltr'>Te</span> <span class='ocrx_word' id='word_1_145' title='bbox 1195 1224 1298 1259; x_wconf 28' lang='lat' dir='ltr'>*nunc</span> <span class='ocrx_word' id='word_1_146' title='bbox 1316 1229 1470 1260; x_wconf 81' lang='lat' dir='ltr'>maxime</span> <span class='ocrx_word' id='word_1_147' title='bbox 1497 1228 1614 1260; x_wconf 81' lang='lat' dir='ltr'>literis</span> <span class='ocrx_word' id='word_1_148' title='bbox 1639 1229 1720 1260; x_wconf 83' lang='lat' dir='ltr'>istis</span> <span class='ocrx_word' id='word_1_149' title='bbox 1745 1229 1861 1262; x_wconf 88' lang='lat' dir='ltr'>turbo.</span> <span class='ocrx_word' id='word_1_150' title='bbox 1903 1227 1988 1260; x_wconf 87' lang='lat' dir='ltr'>Cum</span> 
     </span>
     <span class='ocr_line' id='line_1_16' title="bbox 366 1283 1990 1326; baseline 0.002 -13"><span class='ocrx_word' id='word_1_151' title='bbox 366 1283 520 1314; x_wconf 80' lang='lat' dir='ltr'>Iacobus</span> <span class='ocrx_word' id='word_1_152' title='bbox 539 1286 662 1314; x_wconf 82' lang='lat' dir='ltr'>vester</span> <span class='ocrx_word' id='word_1_153' title='bbox 680 1294 699 1314; x_wconf 91' lang='lat' dir='ltr'>a</span> <span class='ocrx_word' id='word_1_154' title='bbox 720 1283 857 1315; x_wconf 82' lang='lat' dir='ltr'>Senatu</span> <span class='ocrx_word' id='word_1_155' title='bbox 874 1284 1079 1325; x_wconf 82' lang='lat' dir='ltr'>Bremgarti</span> <span class='ocrx_word' id='word_1_156' title='bbox 1099 1284 1376 1324; x_wconf 79' lang='lat' dir='ltr'>postulavisset,</span> <span class='ocrx_word' id='word_1_157' title='bbox 1394 1287 1435 1316; x_wconf 89' lang='lat' dir='ltr'>ut</span> <span class='ocrx_word' id='word_1_158' title='bbox 1451 1285 1652 1316; x_wconf 80' lang='lat' dir='ltr'>Monachus</span> <span class='ocrx_word' id='word_1_159' title='bbox 1670 1288 1732 1316; x_wconf 87' lang='lat' dir='ltr'>aut</span> <span class='ocrx_word' id='word_1_160' title='bbox 1750 1285 1990 1326; x_wconf 87' lang='lat' dir='ltr'>prehendere-</span> 
     </span>
     <span class='ocr_line' id='line_1_17' title="bbox 364 1339 1990 1382; baseline 0.002 -13"><span class='ocrx_word' id='word_1_161' title='bbox 364 1343 438 1378; x_wconf 87' lang='lat' dir='ltr'>tur,</span> <span class='ocrx_word' id='word_1_162' title='bbox 464 1343 525 1370; x_wconf 85' lang='lat' dir='ltr'>aut</span> <span class='ocrx_word' id='word_1_163' title='bbox 548 1339 791 1370; x_wconf 85' lang='lat' dir='ltr'>vadimonium</span> <span class='ocrx_word' id='word_1_164' title='bbox 817 1343 1009 1381; x_wconf 74' lang='lat' dir='ltr'>praestaret</span> <span class='ocrx_word' id='word_1_165' title='bbox 1028 1339 1265 1381; x_wconf 67' lang='lat' dir='ltr'>(Verbnrynus</span> <span class='ocrx_word' id='word_1_166' title='bbox 1288 1340 1325 1371; x_wconf 90' lang='lat' dir='ltr'>in</span> <span class='ocrx_word' id='word_1_167' title='bbox 1344 1351 1380 1371; x_wconf 88' lang='lat' dir='ltr'>re</span> <span class='ocrx_word' id='word_1_168' title='bbox 1400 1341 1567 1382; x_wconf 83' lang='lat' dir='ltr'>capitali,</span> <span class='ocrx_word' id='word_1_169' title='bbox 1594 1351 1656 1382; x_wconf 89' lang='lat' dir='ltr'>pro</span> <span class='ocrx_word' id='word_1_170' title='bbox 1675 1341 1816 1382; x_wconf 82' lang='lat' dir='ltr'>legibus</span> <span class='ocrx_word' id='word_1_171' title='bbox 1835 1344 1870 1372; x_wconf 87' lang='lat' dir='ltr'>et</span> <span class='ocrx_word' id='word_1_172' title='bbox 1894 1351 1990 1372; x_wconf 87' lang='lat' dir='ltr'>more</span> 
     </span>
     <span class='ocr_line' id='line_1_18' title="bbox 365 1395 1992 1439; baseline 0.002 -14"><span class='ocrx_word' id='word_1_173' title='bbox 365 1396 553 1436; x_wconf 86' lang='lat' dir='ltr'>municipii</span> <span class='ocrx_word' id='word_1_174' title='bbox 578 1395 714 1434; x_wconf 82' lang='lat' dir='ltr'>huius),</span> <span class='ocrx_word' id='word_1_175' title='bbox 741 1396 876 1436; x_wconf 86' lang='lat' dir='ltr'>prodiit</span> <span class='ocrx_word' id='word_1_176' title='bbox 893 1396 1125 1437; x_wconf 80' lang='lat' dir='ltr'>Huldryehus</span> <span class='ocrx_word' id='word_1_177' title='bbox 1143 1396 1316 1427; x_wconf 84' lang='lat' dir='ltr'>Mutschli</span> <span class='ocrx_word' id='word_1_178' title='bbox 1342 1395 1611 1439; x_wconf 79' lang='lat' dir='ltr'>[reformationi</span> <span class='ocrx_word' id='word_1_179' title='bbox 1636 1397 1774 1428; x_wconf 87' lang='lat' dir='ltr'>amicus</span> <span class='ocrx_word' id='word_1_180' title='bbox 1800 1400 1836 1427; x_wconf 83' lang='lat' dir='ltr'>et</span> <span class='ocrx_word' id='word_1_181' title='bbox 1862 1400 1992 1438; x_wconf 83' lang='lat' dir='ltr'>postea</span> 
     </span>
     <span class='ocr_line' id='line_1_19' title="bbox 368 1450 1991 1493; baseline 0.001 -11"><span class='ocrx_word' id='word_1_182' title='bbox 368 1451 552 1483; x_wconf 80' lang='lat' dir='ltr'>Seultetus</span> <span class='ocrx_word' id='word_1_183' title='bbox 584 1450 717 1492; x_wconf 85' lang='lat' dir='ltr'>factus]</span> <span class='ocrx_word' id='word_1_184' title='bbox 753 1455 901 1482; x_wconf 83' lang='lat' dir='ltr'>senator</span> <span class='ocrx_word' id='word_1_185' title='bbox 933 1452 1124 1493; x_wconf 88' lang='lat' dir='ltr'>opulentus</span> <span class='ocrx_word' id='word_1_186' title='bbox 1156 1462 1198 1483; x_wconf 88' lang='lat' dir='ltr'>ac</span> <span class='ocrx_word' id='word_1_187' title='bbox 1229 1453 1355 1483; x_wconf 87' lang='lat' dir='ltr'>vadem</span> <span class='ocrx_word' id='word_1_188' title='bbox 1389 1462 1426 1483; x_wconf 88' lang='lat' dir='ltr'>se</span> <span class='ocrx_word' id='word_1_189' title='bbox 1461 1454 1661 1484; x_wconf 82' lang='lat' dir='ltr'>constituit.</span> <span class='ocrx_word' id='word_1_190' title='bbox 1710 1453 1880 1484; x_wconf 75' lang='lat' dir='ltr'>Permisit</span> <span class='ocrx_word' id='word_1_191' title='bbox 1906 1463 1991 1493; x_wconf 84' lang='lat' dir='ltr'>ergo</span> 
     </span>
     <span class='ocr_line' id='line_1_20' title="bbox 367 1507 1992 1550; baseline 0.001 -13"><span class='ocrx_word' id='word_1_192' title='bbox 367 1507 541 1547; x_wconf 85' lang='lat' dir='ltr'>Senatus,</span> <span class='ocrx_word' id='word_1_193' title='bbox 567 1509 606 1537; x_wconf 90' lang='lat' dir='ltr'>ut</span> <span class='ocrx_word' id='word_1_194' title='bbox 631 1517 728 1538; x_wconf 86' lang='lat' dir='ltr'>more</span> <span class='ocrx_word' id='word_1_195' title='bbox 749 1508 888 1538; x_wconf 83' lang='lat' dir='ltr'>Civium</span> <span class='ocrx_word' id='word_1_196' title='bbox 909 1508 999 1538; x_wconf 84' lang='lat' dir='ltr'>satis</span> <span class='ocrx_word' id='word_1_197' title='bbox 1024 1507 1162 1539; x_wconf 80' lang='lat' dir='ltr'>dederit</span> <span class='ocrx_word' id='word_1_198' title='bbox 1180 1508 1398 1547; x_wconf 77' lang='lat' dir='ltr'>Monachus,</span> <span class='ocrx_word' id='word_1_199' title='bbox 1428 1513 1463 1540; x_wconf 89' lang='lat' dir='ltr'>et</span> <span class='ocrx_word' id='word_1_200' title='bbox 1487 1520 1549 1550; x_wconf 89' lang='lat' dir='ltr'>pro</span> <span class='ocrx_word' id='word_1_201' title='bbox 1569 1510 1649 1540; x_wconf 85' lang='lat' dir='ltr'>cive</span> <span class='ocrx_word' id='word_1_202' title='bbox 1668 1512 1852 1549; x_wconf 83' lang='lat' dir='ltr'>reputetur</span> <span class='ocrx_word' id='word_1_203' title='bbox 1870 1510 1905 1540; x_wconf 90' lang='lat' dir='ltr'>in</span> <span class='ocrx_word' id='word_1_204' title='bbox 1923 1509 1992 1540; x_wconf 86' lang='lat' dir='ltr'>hac</span> 
     </span>
     <span class='ocr_line' id='line_1_21' title="bbox 367 1562 1991 1605; baseline 0.001 -12"><span class='ocrx_word' id='word_1_205' title='bbox 367 1573 510 1594; x_wconf 81' lang='lat' dir='ltr'>caussa.</span> <span class='ocrx_word' id='word_1_206' title='bbox 563 1562 632 1593; x_wconf 88' lang='lat' dir='ltr'>Hic</span> <span class='ocrx_word' id='word_1_207' title='bbox 652 1574 736 1603; x_wconf 79' lang='lat' dir='ltr'>ergo</span> <span class='ocrx_word' id='word_1_208' title='bbox 755 1564 909 1595; x_wconf 77' lang='lat' dir='ltr'>suadent</span> <span class='ocrx_word' id='word_1_209' title='bbox 927 1565 987 1604; x_wconf 90' lang='lat' dir='ltr'>qui</span> <span class='ocrx_word' id='word_1_210' title='bbox 1006 1564 1114 1595; x_wconf 86' lang='lat' dir='ltr'>isthic</span> <span class='ocrx_word' id='word_1_211' title='bbox 1134 1565 1178 1595; x_wconf 86' lang='lat' dir='ltr'>ab</span> <span class='ocrx_word' id='word_1_212' title='bbox 1198 1565 1401 1605; x_wconf 81' lang='lat' dir='ltr'>Evangelio</span> <span class='ocrx_word' id='word_1_213' title='bbox 1421 1568 1521 1604; x_wconf 87' lang='lat' dir='ltr'>sunt,</span> <span class='ocrx_word' id='word_1_214' title='bbox 1555 1569 1608 1604; x_wconf 87' lang='lat' dir='ltr'>ut,</span> <span class='ocrx_word' id='word_1_215' title='bbox 1643 1567 1672 1595; x_wconf 90' lang='lat' dir='ltr'>si</span> <span class='ocrx_word' id='word_1_216' title='bbox 1692 1565 1794 1595; x_wconf 83' lang='lat' dir='ltr'>vobis</span> <span class='ocrx_word' id='word_1_217' title='bbox 1814 1564 1991 1605; x_wconf 78' lang='lat' dir='ltr'>videatur,</span> 
     </span>
     <span class='ocr_line' id='line_1_22' title="bbox 368 1618 1992 1661; baseline 0.001 -12"><span class='ocrx_word' id='word_1_218' title='bbox 368 1618 402 1649; x_wconf 86' lang='lat' dir='ltr'>id</span> <span class='ocrx_word' id='word_1_219' title='bbox 422 1618 613 1660; x_wconf 88' lang='lat' dir='ltr'>postuletis</span> <span class='ocrx_word' id='word_1_220' title='bbox 635 1630 654 1650; x_wconf 92' lang='lat' dir='ltr'>a</span> <span class='ocrx_word' id='word_1_221' title='bbox 675 1619 813 1651; x_wconf 79' lang='lat' dir='ltr'>Senatu</span> <span class='ocrx_word' id='word_1_222' title='bbox 836 1620 1119 1661; x_wconf 80' lang='lat' dir='ltr'>Bremgartensi,</span> <span class='ocrx_word' id='word_1_223' title='bbox 1142 1620 1433 1661; x_wconf 87' lang='lat' dir='ltr'>quandoquidem</span> <span class='ocrx_word' id='word_1_224' title='bbox 1453 1621 1527 1654; x_wconf 83' lang='lat' dir='ltr'>Ioh.</span> <span class='ocrx_word' id='word_1_225' title='bbox 1548 1620 1746 1660; x_wconf 86' lang='lat' dir='ltr'>Burkardi,</span> <span class='ocrx_word' id='word_1_226' title='bbox 1765 1620 1800 1651; x_wconf 92' lang='lat' dir='ltr'>id</span> <span class='ocrx_word' id='word_1_227' title='bbox 1820 1621 1913 1652; x_wconf 88' lang='lat' dir='ltr'>enim</span> <span class='ocrx_word' id='word_1_228' title='bbox 1931 1631 1992 1652; x_wconf 89' lang='lat' dir='ltr'>no—</span> 
     </span>
     <span class='ocr_line' id='line_1_23' title="bbox 367 1675 1994 1718; baseline 0.001 -13"><span class='ocrx_word' id='word_1_229' title='bbox 367 1685 445 1706; x_wconf 89' lang='lat' dir='ltr'>men</span> <span class='ocrx_word' id='word_1_230' title='bbox 464 1675 576 1705; x_wconf 84' lang='lat' dir='ltr'>habet</span> <span class='ocrx_word' id='word_1_231' title='bbox 593 1675 811 1715; x_wconf 83' lang='lat' dir='ltr'>Monachus,</span> <span class='ocrx_word' id='word_1_232' title='bbox 839 1676 1043 1707; x_wconf 87' lang='lat' dir='ltr'>missionem</span> <span class='ocrx_word' id='word_1_233' title='bbox 1062 1676 1206 1707; x_wconf 79' lang='lat' dir='ltr'>honesti</span> <span class='ocrx_word' id='word_1_234' title='bbox 1225 1679 1260 1707; x_wconf 86' lang='lat' dir='ltr'>et</span> <span class='ocrx_word' id='word_1_235' title='bbox 1279 1676 1363 1707; x_wconf 87' lang='lat' dir='ltr'>boni</span> <span class='ocrx_word' id='word_1_236' title='bbox 1387 1677 1454 1708; x_wconf 69' lang='lat' dir='ltr'>viri</span> <span class='ocrx_word' id='word_1_237' title='bbox 1475 1676 1606 1717; x_wconf 69' lang='lat' dir='ltr'>(Bt-ies</span> <span class='ocrx_word' id='word_1_238' title='bbox 1625 1677 1692 1707; x_wconf 77' lang='lat' dir='ltr'>und</span> <span class='ocrx_word' id='word_1_239' title='bbox 1708 1676 1834 1718; x_wconf 71' lang='lat' dir='ltr'>Sieyel,</span> <span class='ocrx_word' id='word_1_240' title='bbox 1859 1677 1932 1717; x_wconf 63' lang='lat' dir='ltr'>das-3</span> <span class='ocrx_word' id='word_1_241' title='bbox 1955 1688 1994 1708; x_wconf 74' lang='lat' dir='ltr'>er</span> 
     </span>
     <span class='ocr_line' id='line_1_24' title="bbox 367 1731 1994 1774; baseline 0.002 -13"><span class='ocrx_word' id='word_1_242' title='bbox 367 1731 468 1761; x_wconf 66' lang='lat' dir='ltr'>‹er-bar</span> <span class='ocrx_word' id='word_1_243' title='bbox 493 1731 560 1761; x_wconf 74' lang='lat' dir='ltr'>und</span> <span class='ocrx_word' id='word_1_244' title='bbox 582 1741 643 1762; x_wconf 78' lang='lat' dir='ltr'>von</span> <span class='ocrx_word' id='word_1_245' title='bbox 661 1731 755 1762; x_wconf 79' lang='lat' dir='ltr'>Eren</span> <span class='ocrx_word' id='word_1_246' title='bbox 779 1733 823 1763; x_wconf 77' lang='lat' dir='ltr'>(la</span> <span class='ocrx_word' id='word_1_247' title='bbox 845 1733 909 1764; x_wconf 73' lang='lat' dir='ltr'>sei:</span> <span class='ocrx_word' id='word_1_248' title='bbox 936 1733 1008 1763; x_wconf 78' lang='lat' dir='ltr'>eine</span> <span class='ocrx_word' id='word_1_249' title='bbox 1032 1732 1250 1773; x_wconf 70' lang='lat' dir='ltr'>szrlselmfl</span> <span class='ocrx_word' id='word_1_250' title='bbox 1273 1734 1326 1764; x_wconf 83' lang='lat' dir='ltr'>(lie</span> <span class='ocrx_word' id='word_1_251' title='bbox 1350 1734 1443 1764; x_wconf 76' lang='lat' dir='ltr'>einer</span> <span class='ocrx_word' id='word_1_252' title='bbox 1466 1733 1593 1773; x_wconf 68' lang='lat' dir='ltr'>brinyl,</span> <span class='ocrx_word' id='word_1_253' title='bbox 1616 1743 1654 1764; x_wconf 81' lang='lat' dir='ltr'>so</span> <span class='ocrx_word' id='word_1_254' title='bbox 1678 1743 1716 1764; x_wconf 79' lang='lat' dir='ltr'>er</span> <span class='ocrx_word' id='word_1_255' title='bbox 1733 1732 1868 1774; x_wconf 70' lang='lat' dir='ltr'>Bzzryer</span> <span class='ocrx_word' id='word_1_256' title='bbox 1889 1734 1994 1764; x_wconf 83' lang='lat' dir='ltr'>wird:</span> 
     </span>
     <span class='ocr_line' id='line_1_25' title="bbox 369 1787 1993 1838; baseline 0.002 -21"><span class='ocrx_word' id='word_1_257' title='bbox 369 1787 564 1828; x_wconf 71' lang='lat' dir='ltr'>Absclzeid.)</span> <span class='ocrx_word' id='word_1_258' title='bbox 583 1788 951 1838; x_wconf 32' lang='lat' dir='ltr'>nunquamtattulcrit</span> <span class='ocrx_word' id='word_1_259' title='bbox 969 1788 1237 1830; x_wconf 78' lang='lat' dir='ltr'>Bremgartum,</span> <span class='ocrx_word' id='word_1_260' title='bbox 1257 1799 1323 1820; x_wconf 89' lang='lat' dir='ltr'>nec</span> <span class='ocrx_word' id='word_1_261' title='bbox 1343 1789 1438 1820; x_wconf 89' lang='lat' dir='ltr'>enim</span> <span class='ocrx_word' id='word_1_262' title='bbox 1456 1789 1588 1830; x_wconf 86' lang='lat' dir='ltr'>possit,</span> <span class='ocrx_word' id='word_1_263' title='bbox 1612 1799 1682 1820; x_wconf 89' lang='lat' dir='ltr'>non</span> <span class='ocrx_word' id='word_1_264' title='bbox 1702 1792 1817 1820; x_wconf 85' lang='lat' dir='ltr'>stetur</span> <span class='ocrx_word' id='word_1_265' title='bbox 1834 1789 1993 1820; x_wconf 85' lang='lat' dir='ltr'>vadimo-</span> 
     </span>
     <span class='ocr_line' id='line_1_26' title="bbox 367 1842 1995 1887; baseline 0.001 -14"><span class='ocrx_word' id='word_1_266' title='bbox 367 1843 425 1873; x_wconf 86' lang='lat' dir='ltr'>nio</span> <span class='ocrx_word' id='word_1_267' title='bbox 438 1842 628 1883; x_wconf 86' lang='lat' dir='ltr'>Mutschli,</span> <span class='ocrx_word' id='word_1_268' title='bbox 655 1844 856 1884; x_wconf 80' lang='lat' dir='ltr'>praesertim</span> <span class='ocrx_word' id='word_1_269' title='bbox 877 1854 955 1875; x_wconf 89' lang='lat' dir='ltr'>cum</span> <span class='ocrx_word' id='word_1_270' title='bbox 982 1844 1080 1885; x_wconf 82' lang='lat' dir='ltr'>prius</span> <span class='ocrx_word' id='word_1_271' title='bbox 1100 1845 1208 1876; x_wconf 85' lang='lat' dir='ltr'>etiam</span> <span class='ocrx_word' id='word_1_272' title='bbox 1235 1846 1421 1887; x_wconf 82' lang='lat' dir='ltr'>aufugerit</span> <span class='ocrx_word' id='word_1_273' title='bbox 1442 1845 1657 1884; x_wconf 81' lang='lat' dir='ltr'>Monachus,</span> <span class='ocrx_word' id='word_1_274' title='bbox 1686 1844 1799 1876; x_wconf 86' lang='lat' dir='ltr'>donec</span> <span class='ocrx_word' id='word_1_275' title='bbox 1824 1844 1995 1876; x_wconf 85' lang='lat' dir='ltr'>Mutschli</span> 
     </span>
     <span class='ocr_line' id='line_1_27' title="bbox 369 1899 1995 1942; baseline 0.001 -13"><span class='ocrx_word' id='word_1_276' title='bbox 369 1899 496 1930; x_wconf 78' lang='lat' dir='ltr'>vadem</span> <span class='ocrx_word' id='word_1_277' title='bbox 523 1910 561 1930; x_wconf 88' lang='lat' dir='ltr'>se</span> <span class='ocrx_word' id='word_1_278' title='bbox 589 1903 786 1940; x_wconf 54' lang='lat' dir='ltr'>praestaret.</span> <span class='ocrx_word' id='word_1_279' title='bbox 832 1899 891 1931; x_wconf 81' lang='lat' dir='ltr'>Sic</span> <span class='ocrx_word' id='word_1_280' title='bbox 909 1901 1003 1931; x_wconf 86' lang='lat' dir='ltr'>enim</span> <span class='ocrx_word' id='word_1_281' title='bbox 1023 1900 1100 1931; x_wconf 86' lang='lat' dir='ltr'>fieri</span> <span class='ocrx_word' id='word_1_282' title='bbox 1118 1904 1266 1941; x_wconf 78' lang='lat' dir='ltr'>putant,</span> <span class='ocrx_word' id='word_1_283' title='bbox 1297 1905 1335 1932; x_wconf 89' lang='lat' dir='ltr'>ut</span> <span class='ocrx_word' id='word_1_284' title='bbox 1362 1901 1476 1932; x_wconf 90' lang='lat' dir='ltr'>libere</span> <span class='ocrx_word' id='word_1_285' title='bbox 1503 1900 1864 1942; x_wconf 24' lang='lat' dir='ltr'>liceathuorundam</span> <span class='ocrx_word' id='word_1_286' title='bbox 1885 1911 1995 1932; x_wconf 85' lang='lat' dir='ltr'>eona-</span> 
     </span>
     <span class='ocr_line' id='line_1_28' title="bbox 367 1954 1995 1999; baseline 0.002 -14"><span class='ocrx_word' id='word_1_287' title='bbox 367 1954 464 1985; x_wconf 84' lang='lat' dir='ltr'>tibus</span> <span class='ocrx_word' id='word_1_288' title='bbox 489 1955 718 1996; x_wconf 86' lang='lat' dir='ltr'>obstrepere,</span> <span class='ocrx_word' id='word_1_289' title='bbox 760 1957 821 1996; x_wconf 88' lang='lat' dir='ltr'>qui</span> <span class='ocrx_word' id='word_1_290' title='bbox 856 1966 935 1987; x_wconf 81' lang='lat' dir='ltr'>cum</span> <span class='ocrx_word' id='word_1_291' title='bbox 968 1960 1094 1987; x_wconf 86' lang='lat' dir='ltr'>contra</span> <span class='ocrx_word' id='word_1_292' title='bbox 1122 1956 1225 1999; x_wconf 83' lang='lat' dir='ltr'>leges</span> <span class='ocrx_word' id='word_1_293' title='bbox 1253 1961 1287 1988; x_wconf 80' lang='lat' dir='ltr'>et</span> <span class='ocrx_word' id='word_1_294' title='bbox 1314 1959 1369 1988; x_wconf 91' lang='lat' dir='ltr'>ius</span> <span class='ocrx_word' id='word_1_295' title='bbox 1397 1961 1553 1989; x_wconf 87' lang='lat' dir='ltr'>tuentur.</span> <span class='ocrx_word' id='word_1_296' title='bbox 1603 1958 1670 1988; x_wconf 84' lang='lat' dir='ltr'>Est</span> <span class='ocrx_word' id='word_1_297' title='bbox 1697 1961 1817 1988; x_wconf 85' lang='lat' dir='ltr'>autem</span> <span class='ocrx_word' id='word_1_298' title='bbox 1843 1957 1995 1988; x_wconf 88' lang='lat' dir='ltr'>manife-</span> 
     </span>
     <span class='ocr_line' id='line_1_29' title="bbox 368 2011 1995 2054; baseline 0.002 -13"><span class='ocrx_word' id='word_1_299' title='bbox 368 2012 500 2042; x_wconf 84' lang='lat' dir='ltr'>starius</span> <span class='ocrx_word' id='word_1_300' title='bbox 532 2011 588 2042; x_wconf 88' lang='lat' dir='ltr'>fur</span> <span class='ocrx_word' id='word_1_301' title='bbox 612 2012 813 2043; x_wconf 81' lang='lat' dir='ltr'>Monachus</span> <span class='ocrx_word' id='word_1_302' title='bbox 845 2013 925 2045; x_wconf 89' lang='lat' dir='ltr'>iste.</span> <span class='ocrx_word' id='word_1_303' title='bbox 975 2012 1048 2044; x_wconf 80' lang='lat' dir='ltr'>Nos</span> <span class='ocrx_word' id='word_1_304' title='bbox 1081 2013 1254 2044; x_wconf 84' lang='lat' dir='ltr'>furtorum</span> <span class='ocrx_word' id='word_1_305' title='bbox 1290 2014 1368 2045; x_wconf 85' lang='lat' dir='ltr'>eius</span> <span class='ocrx_word' id='word_1_306' title='bbox 1397 2013 1510 2044; x_wconf 86' lang='lat' dir='ltr'>multa</span> <span class='ocrx_word' id='word_1_307' title='bbox 1536 2023 1672 2054; x_wconf 81' lang='lat' dir='ltr'>genera</span> <span class='ocrx_word' id='word_1_308' title='bbox 1696 2012 1869 2044; x_wconf 85' lang='lat' dir='ltr'>habemus</span> <span class='ocrx_word' id='word_1_309' title='bbox 1895 2016 1995 2044; x_wconf 81' lang='lat' dir='ltr'>certa</span> 
     </span>
     <span class='ocr_line' id='line_1_30' title="bbox 367 2067 1996 2109; baseline 0.002 -13"><span class='ocrx_word' id='word_1_310' title='bbox 367 2070 402 2096; x_wconf 86' lang='lat' dir='ltr'>et</span> <span class='ocrx_word' id='word_1_311' title='bbox 426 2067 649 2106; x_wconf 85' lang='lat' dir='ltr'>indubitata,</span> <span class='ocrx_word' id='word_1_312' title='bbox 683 2077 762 2107; x_wconf 78' lang='lat' dir='ltr'>quae</span> <span class='ocrx_word' id='word_1_313' title='bbox 789 2069 834 2098; x_wconf 88' lang='lat' dir='ltr'>ab</span> <span class='ocrx_word' id='word_1_314' title='bbox 861 2069 1120 2109; x_wconf 79' lang='lat' dir='ltr'>Argentorato,</span> <span class='ocrx_word' id='word_1_315' title='bbox 1155 2070 1215 2100; x_wconf 83' lang='lat' dir='ltr'>uhi</span> <span class='ocrx_word' id='word_1_316' title='bbox 1241 2070 1400 2108; x_wconf 79' lang='lat' dir='ltr'>admisit,</span> <span class='ocrx_word' id='word_1_317' title='bbox 1437 2070 1480 2100; x_wconf 77' lang='lat' dir='ltr'>ad</span> <span class='ocrx_word' id='word_1_318' title='bbox 1507 2079 1571 2100; x_wconf 91' lang='lat' dir='ltr'>nos</span> <span class='ocrx_word' id='word_1_319' title='bbox 1597 2069 1772 2100; x_wconf 87' lang='lat' dir='ltr'>dederunt</span> <span class='ocrx_word' id='word_1_320' title='bbox 1798 2069 1924 2107; x_wconf 85' lang='lat' dir='ltr'>amici,</span> <span class='ocrx_word' id='word_1_321' title='bbox 1958 2072 1996 2100; x_wconf 89' lang='lat' dir='ltr'>at</span> 
     </span>
     <span class='ocr_line' id='line_1_31' title="bbox 368 2123 1994 2167; baseline 0.002 -15"><span class='ocrx_word' id='word_1_322' title='bbox 368 2125 437 2153; x_wconf 88' lang='lat' dir='ltr'>isto</span> <span class='ocrx_word' id='word_1_323' title='bbox 463 2130 641 2154; x_wconf 82' lang='lat' dir='ltr'>momento</span> <span class='ocrx_word' id='word_1_324' title='bbox 668 2123 713 2153; x_wconf 85' lang='lat' dir='ltr'>ad</span> <span class='ocrx_word' id='word_1_325' title='bbox 740 2134 883 2154; x_wconf 86' lang='lat' dir='ltr'>manum</span> <span class='ocrx_word' id='word_1_326' title='bbox 918 2135 988 2155; x_wconf 91' lang='lat' dir='ltr'>non</span> <span class='ocrx_word' id='word_1_327' title='bbox 1020 2128 1120 2165; x_wconf 87' lang='lat' dir='ltr'>sunt,</span> <span class='ocrx_word' id='word_1_328' title='bbox 1153 2126 1215 2156; x_wconf 82' lang='lat' dir='ltr'>sed</span> <span class='ocrx_word' id='word_1_329' title='bbox 1248 2125 1342 2167; x_wconf 86' lang='lat' dir='ltr'>apud</span> <span class='ocrx_word' id='word_1_330' title='bbox 1367 2126 1545 2156; x_wconf 87' lang='lat' dir='ltr'>Abbatem</span> <span class='ocrx_word' id='word_1_331' title='bbox 1572 2125 1754 2166; x_wconf 78' lang='lat' dir='ltr'>Capellae,</span> <span class='ocrx_word' id='word_1_332' title='bbox 1787 2125 1849 2156; x_wconf 88' lang='lat' dir='ltr'>sed</span> <span class='ocrx_word' id='word_1_333' title='bbox 1880 2125 1994 2166; x_wconf 89' lang='lat' dir='ltr'>primo</span> 
     </span>
     <span class='ocr_line' id='line_1_32' title="bbox 369 2181 1994 2221; baseline 0.002 -13"><span class='ocrx_word' id='word_1_334' title='bbox 369 2188 507 2219; x_wconf 89' lang='lat' dir='ltr'>quoque</span> <span class='ocrx_word' id='word_1_335' title='bbox 540 2182 701 2220; x_wconf 87' lang='lat' dir='ltr'>tempore</span> <span class='ocrx_word' id='word_1_336' title='bbox 735 2185 907 2221; x_wconf 82' lang='lat' dir='ltr'>repetam.</span> <span class='ocrx_word' id='word_1_337' title='bbox 965 2181 1046 2211; x_wconf 80' lang='lat' dir='ltr'>Istis</span> <span class='ocrx_word' id='word_1_338' title='bbox 1079 2182 1222 2212; x_wconf 85' lang='lat' dir='ltr'>interim</span> <span class='ocrx_word' id='word_1_339' title='bbox 1256 2181 1393 2212; x_wconf 90' lang='lat' dir='ltr'>duobus</span> <span class='ocrx_word' id='word_1_340' title='bbox 1433 2181 1539 2212; x_wconf 82' lang='lat' dir='ltr'>furtis</span> <span class='ocrx_word' id='word_1_341' title='bbox 1579 2181 1744 2212; x_wconf 80' lang='lat' dir='ltr'>contenti</span> <span class='ocrx_word' id='word_1_342' title='bbox 1781 2181 1875 2221; x_wconf 84' lang='lat' dir='ltr'>sitis,</span> <span class='ocrx_word' id='word_1_343' title='bbox 1913 2191 1994 2212; x_wconf 89' lang='lat' dir='ltr'>nam</span> 
     </span>
     <span class='ocr_line' id='line_1_33' title="bbox 367 2234 1995 2279; baseline 0.002 -15"><span class='ocrx_word' id='word_1_344' title='bbox 367 2234 600 2275; x_wconf 83' lang='lat' dir='ltr'>Argentorati</span> <span class='ocrx_word' id='word_1_345' title='bbox 633 2234 819 2266; x_wconf 77' lang='lat' dir='ltr'>sufficiens</span> <span class='ocrx_word' id='word_1_346' title='bbox 845 2236 1091 2267; x_wconf 84' lang='lat' dir='ltr'>testimonium</span> <span class='ocrx_word' id='word_1_347' title='bbox 1118 2237 1351 2277; x_wconf 81' lang='lat' dir='ltr'>habebimus,</span> <span class='ocrx_word' id='word_1_348' title='bbox 1384 2247 1553 2279; x_wconf 78' lang='lat' dir='ltr'>magnum</span> <span class='ocrx_word' id='word_1_349' title='bbox 1585 2237 1725 2268; x_wconf 88' lang='lat' dir='ltr'>modum</span> <span class='ocrx_word' id='word_1_350' title='bbox 1758 2236 1873 2268; x_wconf 88' lang='lat' dir='ltr'>tritici</span> <span class='ocrx_word' id='word_1_351' title='bbox 1900 2237 1995 2268; x_wconf 88' lang='lat' dir='ltr'>fura-</span> 
     </span>
     <span class='ocr_line' id='line_1_34' title="bbox 369 2290 1995 2333; baseline 0.002 -13"><span class='ocrx_word' id='word_1_352' title='bbox 369 2294 425 2321; x_wconf 86' lang='lat' dir='ltr'>tus</span> <span class='ocrx_word' id='word_1_353' title='bbox 457 2294 512 2321; x_wconf 85' lang='lat' dir='ltr'>est</span> <span class='ocrx_word' id='word_1_354' title='bbox 546 2290 588 2321; x_wconf 86' lang='lat' dir='ltr'>ad</span> <span class='ocrx_word' id='word_1_355' title='bbox 623 2290 751 2321; x_wconf 87' lang='lat' dir='ltr'>cellam</span> <span class='ocrx_word' id='word_1_356' title='bbox 784 2302 884 2322; x_wconf 85' lang='lat' dir='ltr'>suam</span> <span class='ocrx_word' id='word_1_357' title='bbox 911 2292 989 2331; x_wconf 87' lang='lat' dir='ltr'>siti,</span> <span class='ocrx_word' id='word_1_358' title='bbox 1017 2302 1080 2332; x_wconf 87' lang='lat' dir='ltr'>per</span> <span class='ocrx_word' id='word_1_359' title='bbox 1105 2293 1285 2333; x_wconf 83' lang='lat' dir='ltr'>foramen,</span> <span class='ocrx_word' id='word_1_360' title='bbox 1319 2294 1410 2333; x_wconf 84' lang='lat' dir='ltr'>quod</span> <span class='ocrx_word' id='word_1_361' title='bbox 1439 2304 1459 2324; x_wconf 90' lang='lat' dir='ltr'>a</span> <span class='ocrx_word' id='word_1_362' title='bbox 1485 2292 1716 2324; x_wconf 85' lang='lat' dir='ltr'>meretricula</span> <span class='ocrx_word' id='word_1_363' title='bbox 1741 2303 1807 2324; x_wconf 89' lang='lat' dir='ltr'>sua</span> <span class='ocrx_word' id='word_1_364' title='bbox 1833 2293 1995 2324; x_wconf 80' lang='lat' dir='ltr'>divendi-</span> 
     </span>
     <span class='ocr_line' id='line_1_35' title="bbox 369 2346 1996 2390; baseline 0.003 -15"><span class='ocrx_word' id='word_1_365' title='bbox 369 2350 441 2376; x_wconf 86' lang='lat' dir='ltr'>tum</span> <span class='ocrx_word' id='word_1_366' title='bbox 470 2350 533 2376; x_wconf 87' lang='lat' dir='ltr'>est.</span> <span class='ocrx_word' id='word_1_367' title='bbox 582 2346 752 2378; x_wconf 85' lang='lat' dir='ltr'>Reddidit</span> <span class='ocrx_word' id='word_1_368' title='bbox 779 2347 899 2378; x_wconf 86' lang='lat' dir='ltr'>etiam.</span> <span class='ocrx_word' id='word_1_369' title='bbox 948 2348 994 2377; x_wconf 86' lang='lat' dir='ltr'>Et</span> <span class='ocrx_word' id='word_1_370' title='bbox 1026 2358 1166 2380; x_wconf 87' lang='lat' dir='ltr'>crucem</span> <span class='ocrx_word' id='word_1_371' title='bbox 1198 2359 1362 2388; x_wconf 85' lang='lat' dir='ltr'>auream,</span> <span class='ocrx_word' id='word_1_372' title='bbox 1393 2360 1455 2389; x_wconf 70' lang='lat' dir='ltr'>eyn</span> <span class='ocrx_word' id='word_1_373' title='bbox 1479 2350 1593 2390; x_wconf 71' lang='lat' dir='ltr'>yoldz&#39;n</span> <span class='ocrx_word' id='word_1_374' title='bbox 1616 2349 1760 2390; x_wconf 66' lang='lat' dir='ltr'>Ii&#39;rytzel</span> <span class='ocrx_word' id='word_1_375' title='bbox 1790 2352 1859 2382; x_wconf 77' lang='lat' dir='ltr'>etc,</span> <span class='ocrx_word' id='word_1_376' title='bbox 1908 2348 1996 2387; x_wconf 72' lang='lat' dir='ltr'>Quae</span> 
     </span>
     <span class='ocr_line' id='line_1_36' title="bbox 369 2402 1795 2446; baseline 0.004 -14"><span class='ocrx_word' id='word_1_377' title='bbox 369 2402 487 2432; x_wconf 82' lang='lat' dir='ltr'>onmia</span> <span class='ocrx_word' id='word_1_378' title='bbox 513 2402 565 2432; x_wconf 89' lang='lat' dir='ltr'>ita</span> <span class='ocrx_word' id='word_1_379' title='bbox 590 2406 671 2432; x_wconf 89' lang='lat' dir='ltr'>sunt</span> <span class='ocrx_word' id='word_1_380' title='bbox 697 2403 910 2441; x_wconf 82' lang='lat' dir='ltr'>manifesta,</span> <span class='ocrx_word' id='word_1_381' title='bbox 942 2408 981 2434; x_wconf 93' lang='lat' dir='ltr'>ut</span> <span class='ocrx_word' id='word_1_382' title='bbox 1008 2403 1108 2435; x_wconf 87' lang='lat' dir='ltr'>nulla</span> <span class='ocrx_word' id='word_1_383' title='bbox 1134 2405 1274 2445; x_wconf 87' lang='lat' dir='ltr'>possint</span> <span class='ocrx_word' id='word_1_384' title='bbox 1297 2405 1601 2446; x_wconf 82' lang='lat' dir='ltr'>tergiversatione</span> <span class='ocrx_word' id='word_1_385' title='bbox 1627 2405 1795 2445; x_wconf 77' lang='lat' dir='ltr'>negari.‘&#39;</span> 
     </span>
    </p>
   </div>
   <div class='ocr_carea' id='block_1_6' title="bbox 458 2502 1995 2996">
    <p class='ocr_par' dir='ltr' id='par_1_6' title="bbox 458 2502 1995 2996">
     <span class='ocr_line' id='line_1_37' title="bbox 459 2502 1994 2547; baseline 0.002 -14"><span class='ocrx_word' id='word_1_386' title='bbox 459 2502 490 2544; x_wconf 56' lang='lat' dir='ltr'>s)</span> <span class='ocrx_word' id='word_1_387' title='bbox 510 2503 696 2535; x_wconf 85' lang='lat' dir='ltr'>Editores:</span> <span class='ocrx_word' id='word_1_388' title='bbox 728 2504 913 2541; x_wconf 84' lang='lat' dir='ltr'>„Ioannes</span> <span class='ocrx_word' id='word_1_389' title='bbox 938 2504 1121 2536; x_wconf 84' lang='lat' dir='ltr'>Burkardi</span> <span class='ocrx_word' id='word_1_390' title='bbox 1147 2506 1380 2536; x_wconf 84' lang='lat' dir='ltr'>concionator</span> <span class='ocrx_word' id='word_1_391' title='bbox 1404 2506 1713 2547; x_wconf 84' lang='lat' dir='ltr'>Bremgartensis,</span> <span class='ocrx_word' id='word_1_392' title='bbox 1741 2509 1867 2536; x_wconf 86' lang='lat' dir='ltr'>contra</span> <span class='ocrx_word' id='word_1_393' title='bbox 1892 2515 1994 2547; x_wconf 82' lang='lat' dir='ltr'>quem</span> 
     </span>
     <span class='ocr_line' id='line_1_38' title="bbox 458 2559 1990 2603; baseline 0.001 -13"><span class='ocrx_word' id='word_1_394' title='bbox 458 2559 692 2600; x_wconf 83' lang='lat' dir='ltr'>Bullingerus</span> <span class='ocrx_word' id='word_1_395' title='bbox 711 2561 807 2590; x_wconf 79' lang='lat'>1526.</span> <span class='ocrx_word' id='word_1_396' title='bbox 826 2561 862 2590; x_wconf 92' lang='lat' dir='ltr'>in</span> <span class='ocrx_word' id='word_1_397' title='bbox 882 2559 994 2601; x_wconf 87' lang='lat' dir='ltr'>Capel</span> <span class='ocrx_word' id='word_1_398' title='bbox 1020 2561 1182 2593; x_wconf 88' lang='lat' dir='ltr'>libellum</span> <span class='ocrx_word' id='word_1_399' title='bbox 1209 2562 1250 2593; x_wconf 84' lang='lat' dir='ltr'>‹le</span> <span class='ocrx_word' id='word_1_400' title='bbox 1272 2562 1461 2603; x_wconf 80' lang='lat' dir='ltr'>Scriptura</span> <span class='ocrx_word' id='word_1_401' title='bbox 1481 2566 1516 2593; x_wconf 91' lang='lat' dir='ltr'>et</span> <span class='ocrx_word' id='word_1_402' title='bbox 1533 2562 1647 2593; x_wconf 85' lang='lat' dir='ltr'>Missa</span> <span class='ocrx_word' id='word_1_403' title='bbox 1667 2561 1795 2602; x_wconf 85' lang='lat' dir='ltr'>edidit,</span> <span class='ocrx_word' id='word_1_404' title='bbox 1824 2572 1891 2603; x_wconf 92' lang='lat' dir='ltr'>quo</span> <span class='ocrx_word' id='word_1_405' title='bbox 1910 2572 1990 2603; x_wconf 91' lang='lat' dir='ltr'>que-</span> 
     </span>
     <span class='ocr_line' id='line_1_39' title="bbox 459 2615 1995 2659; baseline 0.003 -14"><span class='ocrx_word' id='word_1_406' title='bbox 459 2621 534 2646; x_wconf 84' lang='lat' dir='ltr'>stus</span> <span class='ocrx_word' id='word_1_407' title='bbox 562 2619 616 2646; x_wconf 85' lang='lat' dir='ltr'>est</span> <span class='ocrx_word' id='word_1_408' title='bbox 643 2626 721 2646; x_wconf 83' lang='lat' dir='ltr'>eum</span> <span class='ocrx_word' id='word_1_409' title='bbox 745 2615 982 2657; x_wconf 87' lang='lat' dir='ltr'>maledicere,</span> <span class='ocrx_word' id='word_1_410' title='bbox 1014 2627 1230 2658; x_wconf 88' lang='lat' dir='ltr'>quamquam</span> <span class='ocrx_word' id='word_1_411' title='bbox 1255 2617 1316 2649; x_wconf 89' lang='lat' dir='ltr'>ille</span> <span class='ocrx_word' id='word_1_412' title='bbox 1342 2619 1485 2649; x_wconf 88' lang='lat' dir='ltr'>iuvenis</span> <span class='ocrx_word' id='word_1_413' title='bbox 1510 2620 1605 2659; x_wconf 87' lang='lat' dir='ltr'>ipse,</span> <span class='ocrx_word' id='word_1_414' title='bbox 1632 2617 1750 2649; x_wconf 85' lang='lat' dir='ltr'>studio</span> <span class='ocrx_word' id='word_1_415' title='bbox 1776 2618 1934 2659; x_wconf 85' lang='lat' dir='ltr'>flagrans</span> <span class='ocrx_word' id='word_1_416' title='bbox 1959 2617 1995 2649; x_wconf 88' lang='lat' dir='ltr'>id</span> 
     </span>
     <span class='ocr_line' id='line_1_40' title="bbox 460 2672 1995 2715; baseline 0.002 -14"><span class='ocrx_word' id='word_1_417' title='bbox 460 2673 574 2712; x_wconf 80' lang='lat' dir='ltr'>ipsum</span> <span class='ocrx_word' id='word_1_418' title='bbox 609 2672 830 2703; x_wconf 75' lang='lat' dir='ltr'>001n1nisit.“</span> <span class='ocrx_word' id='word_1_419' title='bbox 856 2690 900 2694; x_wconf 82' lang='lat'><em>-</em></span> <span class='ocrx_word' id='word_1_420' title='bbox 930 2674 983 2703; x_wconf 81' lang='lat' dir='ltr'>Ex</span> <span class='ocrx_word' id='word_1_421' title='bbox 1010 2673 1166 2704; x_wconf 84' lang='lat' dir='ltr'>Panzeri</span> <span class='ocrx_word' id='word_1_422' title='bbox 1190 2674 1280 2707; x_wconf 84' lang='lat' dir='ltr'>Anu.</span> <span class='ocrx_word' id='word_1_423' title='bbox 1299 2677 1374 2715; x_wconf 77' lang='lat' dir='ltr'>typ.</span> <span class='ocrx_word' id='word_1_424' title='bbox 1401 2674 1464 2706; x_wconf 84' lang='lat' dir='ltr'>hos</span> <span class='ocrx_word' id='word_1_425' title='bbox 1490 2674 1636 2706; x_wconf 87' lang='lat' dir='ltr'>libellos</span> <span class='ocrx_word' id='word_1_426' title='bbox 1668 2674 1738 2705; x_wconf 89' lang='lat' dir='ltr'>huc</span> <span class='ocrx_word' id='word_1_427' title='bbox 1768 2674 1995 2715; x_wconf 85' lang='lat' dir='ltr'>pertinentes</span> 
     </span>
     <span class='ocr_line' id='line_1_41' title="bbox 458 2727 1994 2772; baseline 0.003 -15"><span class='ocrx_word' id='word_1_428' title='bbox 458 2727 594 2758; x_wconf 81' lang='lat' dir='ltr'>indico:</span> <span class='ocrx_word' id='word_1_429' title='bbox 636 2727 663 2766; x_wconf 81' lang='grc'>1)</span> <span class='ocrx_word' id='word_1_430' title='bbox 689 2728 789 2760; x_wconf 89' lang='lat' dir='ltr'><strong>VIII.</strong></span> <span class='ocrx_word' id='word_1_431' title='bbox 815 2739 848 2769; x_wconf 89' lang='lat' dir='ltr'>p.</span> <span class='ocrx_word' id='word_1_432' title='bbox 869 2729 943 2763; x_wconf 66' lang='lat'>267,</span> <span class='ocrx_word' id='word_1_433' title='bbox 969 2733 1018 2759; x_wconf 80' lang='lat'>11⁰.</span> <span class='ocrx_word' id='word_1_434' title='bbox 1039 2730 1113 2760; x_wconf 85' lang='lat'>197.</span> <span class='ocrx_word' id='word_1_435' title='bbox 1142 2729 1271 2770; x_wconf 82' lang='lat' dir='ltr'>„Ordo</span> <span class='ocrx_word' id='word_1_436' title='bbox 1298 2730 1417 2762; x_wconf 79' lang='lat' dir='ltr'>Missae</span> <span class='ocrx_word' id='word_1_437' title='bbox 1448 2741 1511 2772; x_wconf 92' lang='lat' dir='ltr'>pro</span> <span class='ocrx_word' id='word_1_438' title='bbox 1537 2730 1794 2761; x_wconf 86' lang='lat' dir='ltr'>informatione</span> <span class='ocrx_word' id='word_1_439' title='bbox 1821 2729 1994 2761; x_wconf 82' lang='lat' dir='ltr'>Sacerdo-</span> 
     </span>
     <span class='ocr_line' id='line_1_42' title="bbox 462 2783 1995 2828; baseline 0.002 -15"><span class='ocrx_word' id='word_1_440' title='bbox 462 2786 533 2814; x_wconf 87' lang='lat' dir='ltr'>tum</span> <span class='ocrx_word' id='word_1_441' title='bbox 562 2793 624 2824; x_wconf 80' lang='lat' dir='ltr'>per</span> <span class='ocrx_word' id='word_1_442' title='bbox 642 2784 682 2815; x_wconf 88' lang='grc' dir='ltr'>Ρ.</span> <span class='ocrx_word' id='word_1_443' title='bbox 701 2783 896 2815; x_wconf 86' lang='lat' dir='ltr'>Iohannem</span> <span class='ocrx_word' id='word_1_444' title='bbox 914 2784 1142 2816; x_wconf 83' lang='lat' dir='ltr'>Burkardum</span> <span class='ocrx_word' id='word_1_445' title='bbox 1160 2786 1406 2827; x_wconf 75' lang='lat' dir='ltr'>Argentinuni,</span> <span class='ocrx_word' id='word_1_446' title='bbox 1439 2787 1560 2818; x_wconf 81' lang='lat' dir='ltr'>Romae</span> <span class='ocrx_word' id='word_1_447' title='bbox 1586 2787 1683 2828; x_wconf 79' lang='lat' dir='ltr'>typis</span> <span class='ocrx_word' id='word_1_448' title='bbox 1702 2785 1878 2827; x_wconf 84' lang='lat' dir='ltr'>Stephani</span> <span class='ocrx_word' id='word_1_449' title='bbox 1892 2784 1995 2816; x_wconf 82' lang='lat' dir='ltr'>Guil-</span> 
     </span>
     <span class='ocr_line' id='line_1_43' title="bbox 459 2838 1994 2884; baseline 0.002 -16"><span class='ocrx_word' id='word_1_450' title='bbox 459 2838 563 2869; x_wconf 91' lang='lat' dir='ltr'>lereti</span> <span class='ocrx_word' id='word_1_451' title='bbox 589 2849 742 2870; x_wconf 75' lang='lat' dir='ltr'>MDXXIV.</span> <span class='ocrx_word' id='word_1_452' title='bbox 767 2839 813 2870; x_wconf 80' lang='lat'>8⁰.</span> <span class='ocrx_word' id='word_1_453' title='bbox 868 2839 898 2880; x_wconf 80' lang='lat'>2)</span> <span class='ocrx_word' id='word_1_454' title='bbox 923 2841 982 2871; x_wconf 76' lang='lat' dir='ltr'>VI.</span> <span class='ocrx_word' id='word_1_455' title='bbox 1008 2852 1041 2882; x_wconf 87' lang='lat' dir='ltr'>p.</span> <span class='ocrx_word' id='word_1_456' title='bbox 1059 2842 1134 2873; x_wconf 74' lang='lat'>265.</span> <span class='ocrx_word' id='word_1_457' title='bbox 1159 2846 1207 2874; x_wconf 77' lang='lat' dir='ltr'>n0.</span> <span class='ocrx_word' id='word_1_458' title='bbox 1228 2843 1302 2875; x_wconf 82' lang='lat'>705.</span> <span class='ocrx_word' id='word_1_459' title='bbox 1336 2843 1547 2881; x_wconf 80' lang='lat' dir='ltr'>„Henricus</span> <span class='ocrx_word' id='word_1_460' title='bbox 1570 2842 1760 2884; x_wconf 85' lang='lat' dir='ltr'>Bullinger</span> <span class='ocrx_word' id='word_1_461' title='bbox 1784 2841 1826 2873; x_wconf 88' lang='lat' dir='ltr'>de</span> <span class='ocrx_word' id='word_1_462' title='bbox 1853 2842 1994 2882; x_wconf 85' lang='lat' dir='ltr'>origine</span> 
     </span>
     <span class='ocr_line' id='line_1_44' title="bbox 463 2888 1995 2936; baseline 0.002 -12"><span class='ocrx_word' id='word_1_463' title='bbox 463 2895 593 2925; x_wconf 87' lang='lat' dir='ltr'>erroris</span> <span class='ocrx_word' id='word_1_464' title='bbox 610 2895 646 2925; x_wconf 87' lang='lat' dir='ltr'>in</span> <span class='ocrx_word' id='word_1_465' title='bbox 663 2896 809 2936; x_wconf 85' lang='lat' dir='ltr'>negotio</span> <span class='ocrx_word' id='word_1_466' title='bbox 825 2895 1068 2928; x_wconf 69' lang='lat' dir='ltr'>Eucharistiae</span> <span class='ocrx_word' id='word_1_467' title='bbox 1088 2900 1123 2928; x_wconf 88' lang='lat' dir='ltr'>et</span> <span class='ocrx_word' id='word_1_468' title='bbox 1141 2898 1272 2932; x_wconf 61' lang='lat' dir='ltr'>Msssae,</span> <span class='ocrx_word' id='word_1_469' title='bbox 1305 2898 1461 2930; x_wconf 86' lang='lat' dir='ltr'>Basileae</span> <span class='ocrx_word' id='word_1_470' title='bbox 1478 2899 1514 2929; x_wconf 91' lang='lat' dir='ltr'>in</span> <span class='ocrx_word' id='word_1_471' title='bbox 1533 2897 1671 2930; x_wconf 86' lang='lat' dir='ltr'>aedibus</span> <span class='ocrx_word' id='word_1_472' title='bbox 1686 2888 1995 2929; x_wconf 81' lang='lat' dir='ltr'>Thomae&#39;Wolffii.</span> 
     </span>
     <span class='ocr_line' id='line_1_45' title="bbox 462 2951 1994 2996; baseline 0.003 -17"><span class='ocrx_word' id='word_1_473' title='bbox 462 2960 652 2985; x_wconf 76' lang='lat' dir='ltr'>MDXXVIII.</span> <span class='ocrx_word' id='word_1_474' title='bbox 670 2951 716 2983; x_wconf 83' lang='lat'>8⁰.</span> <span class='ocrx_word' id='word_1_475' title='bbox 765 2951 794 2992; x_wconf 88' lang='lat'>3)</span> <span class='ocrx_word' id='word_1_476' title='bbox 812 2952 869 2983; x_wconf 62' lang='lat' dir='ltr'>VI.</span> <span class='ocrx_word' id='word_1_477' title='bbox 886 2962 920 2993; x_wconf 88' lang='lat' dir='ltr'>p.</span> <span class='ocrx_word' id='word_1_478' title='bbox 935 2953 1009 2983; x_wconf 76' lang='lat'>271.</span> <span class='ocrx_word' id='word_1_479' title='bbox 1029 2957 1076 2983; x_wconf 84' lang='lat' dir='ltr'>n0.</span> <span class='ocrx_word' id='word_1_480' title='bbox 1093 2954 1168 2988; x_wconf 73' lang='lat'>743.</span> <span class='ocrx_word' id='word_1_481' title='bbox 1188 2954 1266 2993; x_wconf 83' lang='lat' dir='ltr'>„De</span> <span class='ocrx_word' id='word_1_482' title='bbox 1286 2955 1424 2996; x_wconf 86' lang='lat' dir='ltr'>origine</span> <span class='ocrx_word' id='word_1_483' title='bbox 1444 2955 1573 2986; x_wconf 81' lang='lat' dir='ltr'>erroris</span> <span class='ocrx_word' id='word_1_484' title='bbox 1593 2955 1627 2985; x_wconf 91' lang='lat' dir='ltr'>in</span> <span class='ocrx_word' id='word_1_485' title='bbox 1646 2953 1809 2984; x_wconf 89' lang='lat' dir='ltr'>diuorum</span> <span class='ocrx_word' id='word_1_486' title='bbox 1830 2963 1871 2983; x_wconf 84' lang='lat' dir='ltr'>ac</span> <span class='ocrx_word' id='word_1_487' title='bbox 1888 2953 1994 2983; x_wconf 87' lang='lat' dir='ltr'>simu-</span> 
     </span>
    </p>
   </div>
   <div class='ocr_carea' id='block_1_7' title="bbox 461 3005 1993 3094">
    <p class='ocr_par' dir='ltr' id='par_1_7' title="bbox 461 3005 1993 3094">
     <span class='ocr_line' id='line_1_46' title="bbox 461 3005 1993 3051; baseline 0.004 -17"><span class='ocrx_word' id='word_1_488' title='bbox 461 3005 664 3037; x_wconf 89' lang='lat' dir='ltr'>lachrorum</span> <span class='ocrx_word' id='word_1_489' title='bbox 692 3006 789 3038; x_wconf 89' lang='lat' dir='ltr'>cultu</span> <span class='ocrx_word' id='word_1_490' title='bbox 814 3018 878 3048; x_wconf 90' lang='lat' dir='ltr'>per</span> <span class='ocrx_word' id='word_1_491' title='bbox 894 3008 1128 3049; x_wconf 75' lang='lat' dir='ltr'>Henrychum</span> <span class='ocrx_word' id='word_1_492' title='bbox 1147 3009 1409 3051; x_wconf 82' lang='lat' dir='ltr'>Bullingerum.</span> <span class='ocrx_word' id='word_1_493' title='bbox 1452 3010 1606 3042; x_wconf 76' lang='lat' dir='ltr'>Basileae</span> <span class='ocrx_word' id='word_1_494' title='bbox 1634 3011 1669 3040; x_wconf 90' lang='lat' dir='ltr'>in</span> <span class='ocrx_word' id='word_1_495' title='bbox 1691 3008 1828 3050; x_wconf 59' lang='lat' dir='ltr'>aedibus</span> <span class='ocrx_word' id='word_1_496' title='bbox 1847 3009 1993 3040; x_wconf 86' lang='lat' dir='ltr'>Thomae</span> 
     </span>
     <span class='ocr_line' id='line_1_47' title="bbox 462 3061 867 3094; baseline 0.002 -3"><span class='ocrx_word' id='word_1_497' title='bbox 462 3061 612 3092; x_wconf 82' lang='lat' dir='ltr'>Wolffii.</span> <span class='ocrx_word' id='word_1_498' title='bbox 641 3072 793 3092; x_wconf 61' lang='lat' dir='ltr'>sin-xxm.</span> <span class='ocrx_word' id='word_1_499' title='bbox 821 3063 867 3094; x_wconf 74' lang='lat'>8⁰.</span> 
     </span>
    </p>
   </div>
  </div>
 </body>
</html>
