2119 3522
280 197 374 242 312
773 207 881 228 mnnx
904 189 1157 237 nioanPmcv's
1182 201 1224 222 m
1248 198 1489 222 oxonAsrrcvs.

281 326 500 360 carminibus
515 320 731 359 Philomusi,
750 317 868 349 claud.
900 344 913 356 ,,
925 315 992 357 ῥυ(
1010 314 1111 355 iccluss
1133 312 1327 355 immensum
1344 322 1413 350 non
1430 311 1582 352 placuisti
1599 312 1664 347 beo.
1700 313 1790 355 Pag.
1803 313 1867 347 ult.
1880 315 1990 345 vacat

283 393 304 413 a
328 391 393 412 sel..
443 377 601 418 Singulae
624 385 732 416 pagg,
758 372 877 414 plenae
899 371 1038 402 habent
1053 370 1097 401 40
1114 378 1257 408 versus,
1285 371 1359 409 typ,
1381 377 1413 407 q.
1431 377 1464 400 v.
1483 367 1605 400 Gotth.
1655 366 1736 410 (Est
1757 369 1794 400 in
1819 369 1915 401 Bibl.
1933 369 1989 400 Ie-

282 434 409 475 nensi)
457 431 618 473 Repetiit
635 428 721 471 (non
741 425 884 468 exacte)
902 425 1067 457 libellum
1086 424 1128 455 (le
1147 426 1318 464 quattuor
1334 423 1580 454 heresiarchis
1597 422 1659 454 δια.
1678 424 1756 455 sine
1774 423 1896 465 figuris

283 492 332 523 Io.
350 490 462 520 Henr.
480 487 679 526 Hottinger
695 484 831 516 Histor.
851 480 1056 513 ecclesiast.
1075 481 1119 512 N.
1134 479 1175 512 T.
1193 482 1278 510 tom.
1293 479 1335 512 V.
1355 488 1439 511 saee.
1458 488 1533 511 ΧΠ,
1551 479 1679 520 Tiguri
1698 480 1794 511 1655.
1814 479 1860 511 8⁰.
1879 490 1912 520 p.
1928 480 1993 511 334

286 546 413 577 ...413
432 544 455 574 i.
475 543 500 576 f.
519 540 678 582 „Brevis
696 533 889 579 ἐπίκρισις.
938 536 1133 577 Tragicum
1151 534 1219 565 hoc
1238 533 1404 575 profecto
1423 533 1494 564 fuit
1511 533 1646 573 scelus,
1671 534 1765 575 quod
1783 535 1910 565 Bernae
1931 536 1994 566 130

286 600 383 631 foliis
406 598 538 628 Latine
563 596 805 636 conscriptum
828 595 866 623 in
890 591 1051 623 archivis
1074 592 1302 628 asservatur,
1332 588 1504 620 Stettlero
1528 592 1621 621 teste
1646 589 1708 623 lib.
1726 591 1757 622 8.
1782 590 1878 621 Hist.
1895 589 1995 623 Nuit.

239 663 247 670 ‘
289 654 329 696 [1.
349 650 458 694 Sum]
477 652 538 683 ubi
562 650 658 682 haud
683 649 874 681 admodum
890 647 1028 689 prolixe
1046 646 1205 687 pertexit
1222 643 1441 683 Historiam,
1467 644 1593 675 addita
1611 645 1813 686 appendice
1831 645 1875 677 de
1893 655 1995 686 repe-

286 711 356 741 tita
380 709 432 739 rei
455 710 566 749 gestae
591 705 883 744 confessione‚.a
900 704 1058 742 Ietzero,
1082 712 1160 732 cum
1178 700 1289 732 Badae
1313 702 1458 741 captus,
1482 711 1546 741 per
1569 701 1788 732 Praefectum
1806 701 1995 732 HelvetIO-

287 776 363 796 rum
388 764 673 801 examinaretur,
706 760 819 792 edita.
867 758 983 790 Malui
1005 761 1128 789 tamen
1151 757 1219 788 hoc
1241 756 1322 787 loco
1347 755 1467 787 verbis
1490 756 1543 787 uti
1567 766 1706 796 eorum,
1739 766 1888 797 quorum
1913 756 1998 787 fidei

289 820 382 862 apud
405 819 632 851 adversarios
655 816 871 848 Reformata
894 814 1021 855 religio
1044 824 1116 845 non
1139 812 1323 844 obstabit:
1355 821 1559 852 quanquam
1588 811 1692 853 plura
1715 811 1822 853 longe
1847 813 1892 844 ab
1918 812 1997 852 ipso

290 878 485 917 expectare
503 874 747 916 potuissemus
764 870 957 910 Stettlero,
982 869 1041 901 cui
1057 872 1191 910 praeter
1211 871 1294 899 acta
1311 867 1476 908 publica,
1503 866 1548 898 ad
1564 877 1709 907 manus,
1736 867 1842 898 dubio
1860 866 1998 908 procul,

288 931 435 963 fuerunt
457 930 594 970 scripta
611 927 780 959 Doctoris
797 925 976 966 Thuringi
998 924 1129 963 Frick,
1155 925 1216 964 qui
1238 923 1423 964 Interpres
1446 923 1596 963 Ietzeri,
1622 923 1785 964 adeoque
1811 916 2000 964 αὐτόπτης

291 984 356 1018 καὶ
380 979 585 1027 αὐτήκοος,
625 983 745 1015 omnia
777 982 975 1023 diligenter
1004 980 1168 1012 notavit:
1200 978 1323 1010 Stettl.
1343 988 1402 1010 an.
1423 977 1504 1012 Chr,
1525 980 1621 1010 1507.
1646 989 1679 1019 p.
1694 980 1772 1010 413.
1799 982 1835 1009 et
1860 978 2001 1009 Valerii

290 1041 492 1081 Anshelmi‚
517 1039 758 1079 Rotvilensis,
783 1037 953 1069 Doctoris
978 1035 1189 1075 Medicinae,
1217 1034 1323 1066 testis
1348 1035 1385 1064 in
1411 1033 1663 1075 cognoscenda
1688 1033 1757 1065 hac
1781 1034 1863 1075 ipsa
1889 1043 2001 1065 causa

291 1098 410 1128 asciti.
428 1096 479 1129 Id.
500 1106 557 1128 an.
577 1094 659 1126 Chr.
679 1095 776 1140 1505).
793 1104 827 1135 p.
841 1091 947 1125 436.“

292 1162 326 1205 3)
345 1168 376 1206 q
395 1162 643 1194 Defensor-ium
661 1162 784 1202 impiae
802 1159 993 1199 falsitatis,
1013 1168 1034 1189 a
1053 1157 1263 1199 quibusdam
1281 1154 1592 1198 pseudo'patribus
1611 1156 1746 1188 ordinis
1763 1155 2006 1198 praedicatorii

294 1212 559 1260 excogitatum!
591 1215 871 1258 princi-{paliter
901 1217 1029 1246 contra
1057 1211 1286 1244 mundissima.
1317 1211 1624 1253 superbenedictae
1653 1213 1807 1253 virginis
1840 1211 1845 1253 Ι
1878 1213 2004 1244 Mariae

295 1268 552 1315 conceptione:
579 1272 668 1304 Cum
692 1272 885 1303 insertione
912 1268 1038 1302 actoru
1057 1270 1094 1300 in
1112 1270 1244 1300 Berua
1267 1268 1328 1299 sub
1355 1268 1460 1299 annis
1484 1267 1613 1298 christi*
1624 1267 1812 1299 millesimo
1831 1268 2005 1309 quingen-

294 1330 418 1361 tesimo
445 1328 638 1371 septi-[mos
669 1331 797 1359 octauo
821 1325 851 1358 St.
873 1336 966 1358 nono
990 1325 1068 1367 vsq3
1092 1325 1137 1356 ad
1160 1325 1320 1356 vltimam
1343 1323 1456 1364 Maij:
1489 1333 1560 1364 qua
1584 1323 1642 1355 die
1665 1321 1670 1364 1
1692 1326 1862 1364 quattuor
1885 1321 2006 1355 eiusde

295 1386 468 1418 falsitatis
493 1385 687 1417 architecti
711 1384 794 1425 igne
819 1382 929 1415 deleti
952 1381 1042 1415 sunt.
1068 1379 1072 1421 ἱ
1097 1379 1206 1422 (Pict.
1226 1379 1316 1420 xyl.:
1338 1379 1457 1411 Ietzer
1473 1381 1494 1410 4
1511 1379 1771 1420 praedicatores
1794 1378 1946 1420 supplex
1968 1381 2008 1409 ut

296 1443 332 1473 in
357 1442 516 1473 ordinem
540 1441 742 1482 recipiatur
765 1437 872 1487 orat.)
914 1440 956 1470 30
974 1436 1051 1470 foll.
1071 1437 1107 1467 in
1125 1435 1171 1467 4⁰.
1189 1436 1280 1477 sign.
1299 1436 1434 1468 Α...Ε.
1480 1435 1654 1466 Ultimum
1677 1434 1738 1469 fol,
1757 1445 1779 1466 a
1802 1445 1868 1465 scr.
1886 1438 2006 1466 vacat.

297 1500 338 1529 In
360 1498 429 1528 fine
453 1498 516 1530 fol.
535 1498 597 1529 29³
620 1496 777 1538 legitur:
806 1499 837 1536 (ι
855 1494 960 1525 Finis
982 1491 1187 1532 Defensorij
1213 1485 1323 1533 impie
1347 1491 1519 1522 falsitatis
1543 1489 1732 1531 quorunda‘¹
1758 1488 2011 1531 pseudopafftrd

299 1554 433 1585 ordinis
452 1553 698 1595 Predicatoxgzz
724 1561 797 1582 vna
816 1548 859 1581 οὗ
876 1549 1096 1581 Confessatis
1115 1548 1309 1580 eorundem
1334 1546 1339 1588 Ι
1362 1546 1536 1588 Impressa
1555 1546 1614 1577 sub
1633 1547 1703 1583 Dio
1718 1556 1726 1576 :
1741 1547 1842 1577 Anno
1859 1545 2007 1576 Christi:

299 1619 417 1641 innrx.
459 1609 537 1642 1³01.
555 1607 638 1640 29¹¹:
666 1606 722 1638 Ad
739 1607 930 1638 Lectorem
948 1603 1140 1637 conclusio.
1168 1602 1172 1645 Ι
1191 1607 1223 1648 q
1240 1604 1317 1646 Hec
1334 1602 1530 1634 dulcissime
1545 1602 1680 1634 Lector
1695 1626 1704 1634 .
1718 1625 1726 1634 .
1739 1601 1792 1633 .“.
1841 1599 1899 1643 (Iu
1915 1601 2009 1635 Bibl.

297 1662 456 1707 Ienens)

389 1788 426 1819 id
449 1787 543 1819 fictis
569 1790 604 1818 et
629 1786 733 1818 falsis
757 1786 881 1818 facere
906 1784 1072 1827 aggressi
1088 1786 1184 1816 sunt.
1233 1782 1344 1814 Cuius
1361 1782 1577 1814 temeritatis
1597 1785 1765 1823 quattuor
1781 1781 2013 1824 heresiarche

390 1843 601 1885 nequissimi
620 1843 722 1874 fuere
739 1844 971 1884 operatores:
997 1840 1134 1882 primns
1153 1842 1349 1871 conventus
1367 1838 1560 1870 Ber-nensis
1578 1837 1698 1878 Prior,
1722 1837 1878 1869 Ioannes
1895 1837 2013 1869 dictus

391 1901 534 1940 Vetter,
566 1898 745 1930 secundus
770 1897 975 1939 Stephanus
998 1896 1189 1928 Bolshorst
1211 1905 1326 1927 sacrae
1354 1894 1548 1936 theologiae
1573 1894 1714 1934 doctor,
1748 1893 1906 1925 eiusdem
1931 1887 2011 1925 c'on-

391 1958 522 1987 ventus
553 1955 763 1997 predicans,
800 1954 930 1985 tertius
957 1952 1174 1984 Franciscus
1202 1950 1328 1983 Ulschi
1357 1950 1545 1992 Supprior,
1588 1953 1625 1981 et
1656 1953 1804 1991 quartus
1832 1949 2014 1981 Henricus

393 2011 581 2043 Steinecer
608 2013 821 2052 procurator
851 2011 1061 2041 conventus.
1114 2007 1163 2038 Hi
1193 2018 1278 2048 ergo
1312 2009 1482 2048 quattuor
1513 2008 1638 2047 patres
1672 2008 1893 2047 assumptum
1926 2015 2015 2037 onus

392 2068 655 2109 negociumque
684 2069 899 2108 praetensum
928 2074 1105 2107 pergrave
1134 2063 1354 2103 sentientes,
1388 2065 1424 2094 et
1453 2061 1496 2093 de
1526 2062 1601 2094 suis
1630 2061 1766 2093 viribus
1795 2060 2014 2109 diffidentes,

394 2123 564 2154 (laemonis
592 2123 832 2164 implorarunt
861 2121 1034 2153 auxilium
1053 2145 1155 2152 .....
1190 2117 1363 2162 [Reliquae
1391 2119 1599 2150 narrationis
1627 2119 1864 2159 inscriptiones
1891 2121 2016 2148 tantum

394 2180 536 2220 capitam
564 2180 723 2210 adicimus
750 2176 855 2219 Ιιαεε]
895 2178 1026 2208 Frater
1051 2176 1096 2208 ad
1121 2175 1282 2207 ordinem
1311 2174 1506 2216 suscipitur
1533 2173 1671 2215 [laicus
1695 2173 1840 2215 quidam
1864 2171 2016 2204 artificio

396 2238 529 2273 sartor,
555 2234 614 2264 cui
635 2244 764 2265 nomen
786 2234 943 2264 Ioannes
965 2233 1081 2264 Ietser
1104 2241 1147 2262 ex
1171 2230 1301 2272 oppido
1324 2230 1488 2261 Zurcach
1513 2229 1805 2261 Constantiensis
1828 2225 2016 2270 diocesis}

397 2290 614 2330 Simplicitas
643 2289 767 2320 fratris
796 2289 949 2329 negocio
977 2286 1233 2318 miraculorum
1262 2286 1421 2328 prestitit
1443 2286 1684 2317 occasionem.
1733 2284 1890 2326 Spiritus
1914 2284 2018 2314 fictus

396 2345 507 2377 fratri
524 2344 664 2376 revelat
681 2354 749 2385 quo
766 2343 917 2376 liberari
933 2343 1047 2384 possit
1065 2340 1104 2385 [a
1121 2342 1375 2374 vexationibus
1394 2342 1554 2383 spiritus,
1573 2341 1596 2375 i.
1612 2351 1641 2372 e.
1657 2340 1847 2372 Francisci
1860 2337 2017 2382 Ulschi].

396 2400 494 2431 Ficti
518 2400 664 2442 spiritus
690 2399 872 2441 apparitio
896 2398 1073 2438 secunda,
1107 2408 1186 2429 cum
1217 2408 1336 2429 eorum
1364 2397 1580 2437 excogitatis
1604 2396 1840 2430 falsitatibus.
1888 2395 2020 2437 Explo—

398 2459 497 2487 ratur
520 2455 668 2497 spiritus
694 2455 724 2486 si
748 2455 861 2486 bonus
885 2455 933 2485 sit
955 2465 1079 2486 necne.
1129 2453 1355 2494 Quaestiones
1379 2453 1546 2494 nequiter
1572 2452 1714 2494 spiritui
1730 2452 1768 2483 in
1787 2451 1943 2493 epistola
1960 2451 2015 2483 do-

399 2512 505 2544 ctoris
524 2511 699 2553 Stephani
718 2511 839 2543 factae.
880 2510 1071 2552 Apparitio
1088 2510 1241 2541 larvatae
1258 2509 1430 2540 Barbarae
1448 2508 1555 2540 fratri
1573 2508 1685 2539 facta.
1734 2508 1880 2539 Mentiti
1896 2517 2020 2539 sexum

397 2568 435 2598 in
463 2577 619 2609 persona
646 2566 798 2608 virginis
826 2566 953 2598 Mariae
980 2569 1170 2607 apparent.
1217 2565 1301 2596 Alia
1330 2565 1511 2606 apparitio
1539 2564 1692 2605 virginis
1719 2564 1852 2606 Marie,
1885 2564 1922 2594 in
1951 2573 2021 2605 qua

400 2624 513 2655 frater
540 2623 764 2656 vulneratur.
817 2623 940 2654 Fratri
969 2631 1144 2653 converso
1173 2620 1319 2652 residua
1348 2624 1520 2662 quattuor
1546 2620 1699 2652 vulnera
1728 2620 1881 2653 faciunt.
1927 2619 2021 2651 Ten-

399 2682 498 2710 tatur
526 2679 642 2710 frater
668 2678 844 2710 ultroneis
867 2678 993 2710 Mariae
1023 2677 1335 2719 apparitionibus:
1367 2676 1477 2717 fitque
1506 2676 1652 2708 tandem
1673 2675 1870 2717 impatiens
1892 2674 2020 2707 fraude

401 2739 570 2776 quattuor
593 2737 736 2776 patrum
758 2737 898 2767 notata.
946 2734 1077 2765 Frater
1100 2733 1260 2764 ordinem
1284 2733 1379 2764 exire
1404 2735 1540 2772 tentat,
1566 2732 1631 2763 sed
1652 2741 1846 2774 persuasus
1869 2731 1907 2762 in
1925 2731 2022 2762 frau-

401 2791 481 2821 dem
512 2791 700 2822 consentit.
749 2790 951 2832 Imaginem
978 2789 1130 2831 virginis
1153 2789 1269 2831 Marie
1299 2789 1450 2821 furnisio
1480 2788 1634 2829 aliisque
1663 2787 1848 2820 coloribus
1877 2786 2021 2828 ploran-

400 2849 474 2877 tem
506 2846 695 2878 finxerunt.
758 2847 879 2878 Vitam
910 2849 986 2877 tam
1018 2848 1157 2877 aretam
1190 2849 1226 2876 et
1259 2846 1402 2877 anxiam
1434 2845 1550 2877 frater
1579 2843 1674 2875 ultro
1703 2843 1858 2875 tolerare
1891 2841 2021 2874 noluit.

403 2901 603 2943 Capiuntur
635 2904 805 2942 quattuor
836 2902 1117 2943 pseudopatreS,
1163 2904 1200 2933 et
1231 2912 1296 2943 per
1331 2900 1482 2933 chordas
1514 2902 1740 2942 torquentur.
1801 2897 2022 2929 Confessata

402 2957 555 2988 Fratris.
614 2957 770 2999 Legatio
803 2969 824 2989 a
856 2968 1004 2990 romano
1036 2956 1207 2999 pontifice
1242 2957 1416 2997 mittitur,
1457 2956 1727 2995 examinantur,
1766 2953 2022 2996 degradantur,

405 3012 670 3046 comburuntur.
1970 3008 1973 3010 ’
