2119 3522
634 248 848 271 MISTOTHEVS
873 263 880 270 .
906 249 1020 271 MODVS
1045 247 1221 271 DICTANDI.
1690 232 1785 276 417

72 371 229 401 MODVS
251 370 479 400 DICTANDI
503 361 554 412 (p.
573 361 663 412 (30³⁰)
688 364 772 401 sive
795 369 1106 401 EPISTOLANDI
1130 362 1181 413 (p.
1201 362 1279 414 19⁶)
1297 362 1317 403 ¹.
1365 364 1460 402 Non
1481 365 1609 402 solum
1631 365 1684 403 ad
1705 366 1788 416 epi-

70 420 192 457 stolas
225 418 274 457 O.
298 420 346 457 V.
369 426 476 457 reete
507 419 781 465 aestimandas,
821 420 893 457 sed
925 420 977 458 ad
1007 421 1176 458 aliarum
1207 433 1367 471 quoque
1396 421 1621 459 litterarum
1650 435 1788 459 monu-

70 481 207 514 menta
251 476 383 513 medio
430 489 513 513 aevo
562 481 729 513 exarata
777 476 1001 525 prudenter
1052 477 1315 514 diiudicanda
1365 478 1509 514 notitia
1560 477 1790 515 libellorum

70 532 346 569 formularium
377 532 622 582 praecipuum
642 538 888 569 momentum
918 532 1053 570 habet.
1085 533 1134 570 de
1165 534 1213 570 iis
1244 539 1334 583 post
1362 533 1560 584 Palackyi
1591 548 1789 572 commen-

70 586 267 625 tationes²
297 588 546 638 Rockingeri
578 586 792 637 opuscula³
822 588 1031 625 laudanda
1061 595 1167 626 sunt.
1211 596 1470 639 conspectum
1509 590 1638 627 edidit
1676 591 1788 628 Wat-

70 643 309 681 tenbachius
326 641 350 681 ³.
384 644 435 681 ad
466 657 549 681 rem
581 649 757 681 nostram
779 643 933 682 iuvabit
956 658 1004 681 ex
1026 645 1512 695 Baumgartenbergensis
1544 644 1790 684 formulariif‘

70 701 203 749 priore
226 706 340 750 parte
370 713 452 736 non
476 700 598 746 nulla,
632 713 720 749 quae
742 700 887 737 similia
909 706 1003 736 sunt
1025 713 1162 737 eorum
1197 700 1455 738 ‘notabilium
1479 702 1527 739 de
1552 702 1787 740 dictamine’

70 756 175 793 circa
205 769 238 793 a.
264 757 383 794 1300.
406 756 664 806 scriptorum,
698 769 786 806 quae
816 754 1119 806 Rockingerusss
1152 756 1292 803 edidit,
1326 763 1529 807 repetere:

517 837 681 878 „Incipit
707 836 937 868 formularius
963 836 1006 868 de
1033 837 1135 869 modo
1161 838 1345 878 prosandi.

68 899 121 930 Ad
147 899 350 931 habendam
375 899 576 941 preclaram
606 898 875 940 dilucidamque
908 899 1060 930 formam
1092 899 1299 930 dictaminis
1333 900 1507 940 prosaici,
1539 904 1579 931 ut
1609 902 1790 933 modernis

68 943 208 997 placuit
239 965 397 996 ususque
430 955 607 996 presentis
638 955 809 996 temporis
840 955 1076 996 approbavit,
1108 954 1297 985 sciendum
1327 956 1419 996 quod
1446 956 1545 986 circa
1571 957 1789 998 principium

69 1011 230 1043 eiusdem
268 1011 460 1042 facultatis
498 1012 654 1052 quinque
692 1010 904 1051 specialiter
940 1013 1025 1042 sunt
1060 1010 1243 1041 notanda:
1299 1012 1332 1041 10
1369 1011 1454 1052 quid
1492 1012 1540 1042 sit
1574 1012 1714 1044 dictare
1746 1030 1790 1035 -—-

67 1069 104 1098 2⁰
129 1068 215 1108 quid
247 1059 295 1099 sit
327 1067 511 1098 dictamen
540 1084 583 1088 —
621 1069 656 1098 30
683 1077 794 1108 quare
827 1067 879 1098 sic
912 1066 1054 1098 dicatur
1086 1085 1126 1088 —
1163 1068 1200 1097 4⁰
1233 1077 1300 1108 que
1332 1069 1380 1097 sit
1413 1077 1525 1098 causa
1563 1068 1791 1100 invencionis

68 1123 173 1155 huius
199 1141 241 1146 —-
270 1125 306 1155 5ο
331 1133 399 1164 que
425 1126 462 1154 et
488 1128 573 1164 quot
597 1122 668 1154 sint
695 1123 772 1154 eius
799 1123 951 1164 species.
1001 1124 1104 1154 Nunc
1130 1123 1173 1154 de
1200 1122 1354 1164 singulis
1380 1123 1578 1154 videamus.
1629 1121 1697 1167 [10]
1727 1126 1791 1156 Di-

68 1183 167 1211 ctare
202 1184 257 1211 est
291 1180 402 1211 animi
434 1179 708 1221 conceptionem
746 1182 847 1210 recta
879 1179 1115 1210 ordinacione
1154 1178 1348 1220 explicare.
1413 1176 1481 1222 [2⁰]
1510 1180 1702 1211 Dictamen
1736 1183 1791 1212 est

68 1236 180 1277 igitur
206 1235 316 1276 digna
342 1235 531 1267 verborum
561 1239 596 1266 et
622 1235 821 1267 artificiosa
849 1236 1041 1277 congeries
1074 1246 1150 1266 cnm
1177 1235 1335 1276 pondere
1361 1236 1645 1275 sententiarum,
1678 1237 1790 1268 nichil

68 1291 104 1322 in
129 1301 167 1322 se
194 1292 354 1322 retinens
379 1291 610 1331 diminutum,
644 1291 757 1322 nichil
791 1292 980 1323 continens
1012 1302 1105 1333 pene
1135 1292 1305 1322 ociosum.
1363 1287 1431 1333 [30]
1461 1292 1653 1323 Dictamen
1679 1292 1792 1333 igitur

69 1347 123 1378 sic
156 1347 288 1378 dicitnr
320 1357 342 1378 a
366 1346 554 1386 dictandO,
594 1357 634 1378 eo
667 1347 761 1387 quod
793 1348 842 1378 sit
870 1348 1023 1389 quedam
1055 1347 1228 1378 litteralis
1262 1348 1378 1379 edicio
1413 1347 1637 1379 diversarum
1670 1359 1789 1390 perso-

67 1414 192 1434 narum
231 1414 364 1445 capax,
405 1406 596 1435 venustate
631 1403 819 1434 verborum
864 1406 1033 1445 egregia,
1075 1404 1338 1434 sententiarum
1382 1403 1564 1435 coloribus
1604 1409 1787 1438 exornata.

69 1457 137 1502 [4⁰]
166 1460 287 1491 Causa
314 1462 435 1491 autem
461 1459 682 1490 inventionis
708 1459 814 1491 huius
840 1459 909 1490 fuit
935 1460 1084 1502 duplex:
1117 1461 1232 1501 prima
1263 1463 1302 1490 ut
1334 1470 1396 1501 per
1430 1459 1611 1491 dictamen
1637 1471 1701 1491 seu
1728 1471 1791 1502 per

68 1515 260 1558 epistolam
293 1516 490 1547 amicorum
523 1519 667 1547 secreta
699 1515 923 1556 celarentur,
962 1517 1056 1547 unde
1094 1517 1226 1547 dicitur
1258 1513 1456 1556 ‘epistola'
1491 1516 1535 1546 ab
1570 1514 1789 1557 ‘epistolon’

68 1582 193 1613 grece,
221 1571 314 1613 quod
341 1572 453 1603 latine
481 1571 615 1602 dieitur
642 1570 879 1609 ‘abscond0’3
906 1573 1067 1604 secunda
1092 1576 1131 1603 ut
1156 1572 1284 1603 melius
1312 1572 1492 1613 exprimat
1517 1583 1587 1614 qne
1613 1573 1790 1604 mandan-

67 1632 134 1663 tur,
181 1629 342 1660 Nuncius
376 1629 516 1669 quidem
548 1629 733 1659 intricatis
765 1629 836 1660 sibi
866 1629 1025 1669 negotiis
1056 1629 1255 1660 commissis
1281 1629 1437 1659 omnium
1463 1628 1558 1659 forte
1585 1630 1791 1660 commisso-

67 1695 144 1716 rum
171 1685 378 1716 meminisse
410 1695 481 1716 non
512 1684 648 1726 potnit:
686 1685 844 1716 omnium
877 1685 968 1715 enim
1002 1685 1137 1717 habere
1169 1685 1396 1724 memoriam,
1434 1685 1469 1715 in
1502 1684 1602 1716 nullo
1629 1685 1789 1716 hesitare

66 1741 186 1783 potius
224 1738 279 1772 est
310 1741 514 1772 divinitatis
547 1751 652 1782 quam
684 1741 937 1774 humanitatis.
994 1738 1098 1783 [Coa.
1126 1742 1253 1774 Zweltl.
1278 1743 1381 1774 tuM..-
1422 1744 1458 1772 et
1493 1740 1688 1771 secundum
1721 1741 1789 1772 hoc

68 1796 223 1839 epistola
249 1800 371 1838 potest
396 1797 467 1828 dici
495 1797 539 1828 ab
573 1795 680 1839 ‘epy'
707 1796 801 1837 quod
828 1800 883 1828 est
915 1796 1058 1838 ‘supra’
1093 1801 1128 1828 et
1162 1796 1317 1829 ‘stolon’
1349 1808 1476 1839 grece,
1511 1797 1602 1838 quod
1628 1800 1682 1828 est
1707 1798 1789 1828 mis-

67 1854 136 1894 si0‚
170 1864 212 1885 eo
244 1853 339 1895 quod
372 1863 482 1895 supra
512 1853 548 1884 id
574 1853 666 1894 quod
699 1853 793 1884 forte
826 1854 981 1884 nuncius
1015 1856 1151 1894 posset,
1187 1853 1357 1884 affectum
1385 1853 1564 1884 mittentis
1596 1850 1787 1895 declarat.]

68 1907 136 1952 [5⁰]
165 1910 255 1941 Sunt
287 1912 406 1941 autem
440 1914 514 1941 tres
545 1910 688 1951 species
722 1910 975 1949 dictaminum,
1015 1910 1238 1951 prosaicum,
1278 1910 1466 1941 metricum
1500 1913 1535 1940 ct
1566 1897 1788 1948 rithmieumss

68 1966 250 1998 invenitur
277 1967 384 1997 etiam
412 1966 791 2007 prosaicometricum,
818 1966 911 2007 quod
938 1969 1083 1997 constat
1109 1977 1151 1997 ex
1178 1966 1303 1996 metris
1330 1969 1366 1996 et
1391 1976 1515 2007 prosa,
1543 1969 1582 1996 ut
1607 1965 1788 1997 dictamen

66 2023 186 2054 Boetii
212 2023 249 2053 in
275 2022 502 2064 quibusdam.
540 2022 605 2053 scd
632 2023 800 2054 obmissis
827 2022 910 2053 aliis
936 2022 979 2054 de
1007 2022 1083 2053 solo
1108 2022 1275 2063 prosaico
1299 2022 1497 2053 videamus.
1547 2021 1651 2054 Unde
1671 2022 1787 2053 scien-

67 2078 148 2110 dum
181 2079 275 2119 qnod
305 2078 504 2117 dictamen,
543 2078 720 2120 epistola,
757 2078 907 2116 kartha,
947 2078 1069 2109 littere
1104 2081 1274 2119 quantum
1305 2078 1350 2109 ad
1382 2088 1531 2119 presens
1564 2078 1787 2119 opusculum,

67 2145 173 2166 unum
205 2137 289 2165 sunt
320 2137 357 2165 et
389 2134 609 2175 synonimia,
643 2138 679 2166 et
710 2134 862 2166 alterum
897 2144 960 2176 pro
992 2134 1109 2165 altero
1139 2134 1392 2165 indifferenter
1416 2135 1570 2176 ponitur.
1620 2134 1789 2175 Epistola

67 2192 179 2233 igItur
205 2194 261 2222 est
285 2190 431 2222 libellus
457 2191 602 2222 absenti
627 2190 685 2222 vel
713 2191 926 2222 absentibus
952 2190 1157 2222 destinatus
1178 2216 1184 2222 .
1202 2217 1207 2222 .
1225 2217 1230 2222 .
1251 2216 1256 2221 .
1290 2191 1419 2221 Partes
1448 2190 1602 2231 epistole
1629 2181 1787 2231 quinque

67 2250 167 2285 sunt,
201 2246 346 2278 scilicet
380 2244 432 2289 [1]
460 2247 654 2287 salutatio,
688 2243 741 2289 [2]
771 2247 954 2277 exordium
982 2247 1057 2278 sive
1084 2246 1341 2278 benevolentie
1369 2247 1549 2288 captatio,
1584 2244 1636 2289 [3]
1663 2257 1788 2278 narra—

67 2305 136 2343 tio,
170 2296 223 2346 [4]
252 2304 382 2345 petitio
410 2306 446 2334 et
472 2300 526 2346 [5]
555 2303 752 2334 conclusio.
802 2303 856 2334 Ad
882 2289 1066 2334 minimum
1097 2302 1140 2334 de
1173 2302 1242 2333 hiis
1276 2313 1297 2333 v
1324 2303 1488 2344 partibus
1515 2302 1680 2343 ponende
1706 2306 1790 2334 sunt

66 2360 134 2392 due
167 2361 204 2391 in
234 2360 330 2391 omni
362 2360 536 2401 epistola:
574 2344 759 2391 salutatio*
785 2370 864 2390 cum
901 2359 1130 2400 narratione,
1169 2358 1228 2390 vel
1265 2359 1440 2390 salutatio
1480 2369 1557 2390 cum
1596 2359 1788 2399 petitione.

65 2416 185 2448 Primo
212 2427 296 2458 ergo
322 2416 364 2447 de
391 2416 615 2448 salutatione
640 2416 842 2447 videamus.
1010 2408 1013 2410 ¹
1784 2410 1785 2413 ¹

67 2469 134 2516 [1.]
162 2462 366 2503 SALrTATm
392 2476 447 2504 est
472 2472 604 2504 salutis
630 2472 777 2513 adoptio
804 2472 906 2513 largo
932 2475 1073 2513 sumpto
1090 2471 1289 2511 vocabulo,
1321 2471 1489 2512 quoniam
1507 2470 1596 2502 lieet
1613 2471 1787 2502 salutatio

67 2539 137 2560 non
168 2538 310 2569 semper
341 2528 493 2560 salutem
526 2530 563 2559 in
595 2539 632 2560 se
665 2529 872 2568 contineat,
911 2532 951 2559 ut
988 2528 1067 2559 dum
1101 2522 1228 2559 scribit
1258 2528 1428 2558 inimicus
1459 2527 1624 2566 inimico,
1665 2530 1787 2557 tamen

67 2584 240 2616 salutatio
267 2589 322 2617 est
348 2584 503 2616 dicenda
529 2585 682 2626 quodam
707 2584 829 2624 modo,
863 2584 943 2615 dum
975 2585 1142 2615 inimicus
1176 2583 1374 2624 alloquitur
1402 2582 1598 2614 inimicum.
1649 2583 1787 2613 Notan—

162 2676 192 2714 1)
214 2675 270 2706 Cf.
293 2675 401 2706 ctiam
420 2675 545 2709 articc.
560 2675 749 2714 Bebelius,
771 2674 894 2706 Caroli
913 2685 1010 2716 epp.,
1030 2674 1152 2705 Pontii
1172 2684 1252 2715 epp.
1346 2671 1379 2712 2)
1403 2673 1511 2704 Heber
1528 2673 1788 2703 Formelbiielcer·

159 2733 194 2762 in
221 2731 355 2762 Abtedll.
375 2732 406 2762 (Z.
428 2731 546 2764 Bo'lzm.
568 2731 642 2763 Ges.
662 2732 724 2762 der
749 2731 953 2763 ll'z'ssensele.
973 2730 1013 2763 V.
1033 2731 1063 2762 2.
1085 2734 1120 2760 et
1137 2731 1169 2761 5.
1291 2729 1325 2769 3)
1349 2729 1430 2760 Uel).
1447 2729 1695 2768 formellaiielzer·
1717 2740 1786 2759 vom

162 2788 437 2827 13...16.jalm·lz.
471 2787 639 2819 Miinclzen
658 2788 755 2823 1855,
773 2788 819 2818 8⁰.
871 2787 950 2819 [seb.
972 2786 1188 2826 Briefsleller
1205 2797 1234 2817 u.
1250 2785 1508 2817 Iv'ormelbizeleer
1523 2810 1528 2815 .
1541 2809 1566 2815 ..
1583 2785 1643 2815 (les
1661 2785 1787 2816 Mutel-

157 2847 274 2876 allers.
307 2844 474 2875 Miinelzen
493 2844 590 2876 1861.
607 2843 655 2878 40,
746 2844 781 2883 4)
801 2843 931 2875 ‘Heber
948 2842 1166 2882 Brielkteller
1189 2843 1248 2873 cles
1266 2838 1501 2872 dffiltelulters’
1526 2840 1563 2870 in
1582 2840 1707 2872 Archiv
1727 2840 1787 2881 fiir·

157 2902 280 2933 (Ister-r.
303 2900 528 2941 Geselzielzesq.
547 2898 643 2933 XIV.
662 2910 694 2941 p.
714 2901 768 2933 29.
787 2909 864 2940 sqq.
983 2898 1017 2937 5)
1036 2899 1184 2929 ineunte
1209 2907 1292 2929 saec.
1312 2907 1387 2928 mv.
1407 2908 1427 2928 a
1449 2896 1628 2928 monacho
1652 2895 1786 2928 Cister-

159 2957 275 2990 ciensi
299 2956 511 2988 monasterii
528 2955 866 2997 Baumgartenberg
888 2965 996 2996 prope
1016 2955 1182 2986 Lincium
1201 2953 1403 2995 compositi.
1452 2954 1524 2985 Das
1542 2953 1787 2995 Baumyarten-

157 3015 278 3054 heryer
295 3013 326 3044 F
325 3012 511 3045 ormelbuelz
534 3012 688 3052 leerazcsy.
709 3023 741 3044 u.
760 3014 821 3046 erl.
841 3022 903 3043 von
921 3011 1036 3042 Herm.
1058 3011 1239 3042 Bwrwald.
1280 3011 1379 3042 Wien
1400 3011 1496 3044 1866.
1514 3009 1561 3042 8⁰.
1669 3010 1703 3048 6)
1722 3009 1786 3041 ΠΙ»

157 3072 220 3103 cit.
238 3070 320 3101 iiber
336 3069 553 3109 Briefsleller
571 3080 603 3110 p,
622 3070 661 3099 31
674 3069 772 3100 ...41.
1384 3083 1385 3086 ¹
1540 3071 1541 3075 ’

119 3138 205 3158 uVTT.
225 3138 290 3158 orP.
309 3138 410 3157 svprn.
430 3138 461 3157 Π.
1473 3124 1514 3154 ’.27
