<?xml version="1.0" encoding="UTF-8"?>
<!DOCTYPE html PUBLIC "-//W3C//DTD XHTML 1.0 Transitional//EN"
    "http://www.w3.org/TR/xhtml1/DTD/xhtml1-transitional.dtd">
<html xmlns="http://www.w3.org/1999/xhtml" xml:lang="en" lang="en">
 <head>
  <title>
</title>
<meta http-equiv="Content-Type" content="text/html;charset=utf-8" />
  <meta name='ocr-system' content='tesseract 3.04.00' />
  <meta name='ocr-capabilities' content='ocr_page ocr_carea ocr_par ocr_line ocrx_word'/>
</head>
<body>
  <div class='ocr_page' id='page_1' title='image "./operaquaereperir02huttuoft/operaquaereperir02huttuoft_0749.png"; bbox 0 0 2119 3522; ppageno 0'>
   <div class='ocr_carea' id='block_1_1' title="bbox 189 231 1781 277">
    <p class='ocr_par' dir='ltr' id='par_1_1' title="bbox 189 231 1781 277">
     <span class='ocr_line' id='line_1_1' title="bbox 189 231 1781 277; baseline -0.001 -3"><span class='ocrx_word' id='word_1_1' title='bbox 189 252 261 274; x_wconf 82' lang='lat' dir='ltr'>EPP.</span> <span class='ocrx_word' id='word_1_2' title='bbox 275 250 318 275; x_wconf 88' lang='lat'>50.</span> <span class='ocrx_word' id='word_1_3' title='bbox 331 249 373 275; x_wconf 89' lang='lat'>51.</span> <span class='ocrx_word' id='word_1_4' title='bbox 405 252 559 276; x_wconf 82' lang='lat' dir='ltr'><strong>ADOLFVS</strong></span> <span class='ocrx_word' id='word_1_5' title='bbox 576 252 769 275; x_wconf 82' lang='lat' dir='ltr'>CLINGESOR</span> <span class='ocrx_word' id='word_1_6' title='bbox 787 252 946 276; x_wconf 83' lang='lat' dir='ltr'>ORTVINO.</span> <span class='ocrx_word' id='word_1_7' title='bbox 964 260 1006 265; x_wconf 83' lang='lat'><strong>—</strong></span> <span class='ocrx_word' id='word_1_8' title='bbox 1024 251 1196 275; x_wconf 79' lang='lat' dir='ltr'>IOHANNES</span> <span class='ocrx_word' id='word_1_9' title='bbox 1212 251 1407 274; x_wconf 78' lang='lat' dir='ltr'><strong>HELFERICH</strong></span> <span class='ocrx_word' id='word_1_10' title='bbox 1424 250 1581 274; x_wconf 83' lang='lat' dir='ltr'>ORTVINO.</span> <span class='ocrx_word' id='word_1_11' title='bbox 1688 231 1781 277; x_wconf 73' lang='lat'>735</span> 
     </span>
    </p>
   </div>
   <div class='ocr_carea' id='block_1_2' title="bbox 65 309 1784 1134">
    <p class='ocr_par' dir='ltr' id='par_1_2' title="bbox 69 309 1783 464">
     <span class='ocr_line' id='line_1_2' title="bbox 69 309 1783 352; baseline -0.001 -11"><span class='ocrx_word' id='word_1_12' title='bbox 69 310 155 352; x_wconf 85' lang='lat' dir='ltr'>Pag.</span> <span class='ocrx_word' id='word_1_13' title='bbox 177 309 266 345; x_wconf 77' lang='lat'>266.</span> <span class='ocrx_word' id='word_1_14' title='bbox 1142 311 1228 352; x_wconf 84' lang='lat' dir='ltr'>Pag.</span> <span class='ocrx_word' id='word_1_15' title='bbox 1243 311 1319 343; x_wconf 66' lang='lat'>264.</span> <span class='ocrx_word' id='word_1_16' title='bbox 1337 317 1413 342; x_wconf 78' lang='lat' dir='ltr'>v.1‘2</span> <span class='ocrx_word' id='word_1_17' title='bbox 1431 334 1438 340; x_wconf 96' lang='lat'>.</span> <span class='ocrx_word' id='word_1_18' title='bbox 1454 334 1460 340; x_wconf 95' lang='lat'>.</span> <span class='ocrx_word' id='word_1_19' title='bbox 1476 334 1483 340; x_wconf 93' lang='lat'>.</span> <span class='ocrx_word' id='word_1_20' title='bbox 1500 309 1587 351; x_wconf 87' lang='lat' dir='ltr'>Pag.</span> <span class='ocrx_word' id='word_1_21' title='bbox 1602 310 1677 341; x_wconf 71' lang='lat'>267.</span> <span class='ocrx_word' id='word_1_22' title='bbox 1696 319 1726 340; x_wconf 91' lang='lat' dir='ltr'>v.</span> <span class='ocrx_word' id='word_1_23' title='bbox 1739 316 1783 340; x_wconf 78' lang='lat'>62.</span> 
     </span>
     <span class='ocr_line' id='line_1_3' title="bbox 71 362 1783 408; baseline -0.001 -11"><span class='ocrx_word' id='word_1_24' title='bbox 71 367 111 397; x_wconf 81' lang='lat'>12</span> <span class='ocrx_word' id='word_1_25' title='bbox 136 374 251 407; x_wconf 72' lang='lat' dir='ltr'>neque</span> <span class='ocrx_word' id='word_1_26' title='bbox 275 363 399 398; x_wconf 75' lang='lat' dir='ltr'>oculus</span> <span class='ocrx_word' id='word_1_27' title='bbox 423 364 518 398; x_wconf 73' lang='lat' dir='ltr'>vidit</span> <span class='ocrx_word' id='word_1_28' title='bbox 542 364 620 408; x_wconf 60' lang='lat' dir='ltr'>eto]</span> <span class='ocrx_word' id='word_1_29' title='bbox 647 364 691 398; x_wconf 89' lang='lat' dir='ltr'>cf.</span> <span class='ocrx_word' id='word_1_30' title='bbox 710 363 812 398; x_wconf 90' lang='lat' dir='ltr'>Paul.</span> <span class='ocrx_word' id='word_1_31' title='bbox 830 377 852 398; x_wconf 91' lang='lat'>1.</span> <span class='ocrx_word' id='word_1_32' title='bbox 872 364 919 398; x_wconf 86' lang='lat' dir='ltr'>ad</span> <span class='ocrx_word' id='word_1_33' title='bbox 944 363 1023 399; x_wconf 88' lang='lat' dir='ltr'>Cor.</span> <span class='ocrx_word' id='word_1_34' title='bbox 1042 377 1078 398; x_wconf 87' lang='lat'>11.</span> <span class='ocrx_word' id='word_1_35' title='bbox 1097 369 1127 399; x_wconf 85' lang='lat'>9.</span> <span class='ocrx_word' id='word_1_36' title='bbox 1154 364 1227 398; x_wconf 88' lang='lat' dir='ltr'>vid.</span> <span class='ocrx_word' id='word_1_37' title='bbox 1246 364 1358 398; x_wconf 86' lang='lat' dir='ltr'>etiam</span> <span class='ocrx_word' id='word_1_38' title='bbox 1376 362 1510 396; x_wconf 87' lang='lat' dir='ltr'>Psalm.</span> <span class='ocrx_word' id='word_1_39' title='bbox 1529 362 1575 396; x_wconf 90' lang='lat' dir='ltr'>ad</span> <span class='ocrx_word' id='word_1_40' title='bbox 1592 363 1703 397; x_wconf 69' lang='lat'>25731.</span> <span class='ocrx_word' id='word_1_41' title='bbox 1722 362 1783 396; x_wconf 88' lang='lat' dir='ltr'>cit.</span> 
     </span>
     <span class='ocr_line' id='line_1_4' title="bbox 73 419 1613 464; baseline -0.001 -11"><span class='ocrx_word' id='word_1_42' title='bbox 73 423 113 453; x_wconf 85' lang='lat'>17</span> <span class='ocrx_word' id='word_1_43' title='bbox 140 423 242 453; x_wconf 69' lang='lat' dir='ltr'>eoetra</span> <span class='ocrx_word' id='word_1_44' title='bbox 269 420 450 454; x_wconf 73' lang='lat' dir='ltr'>ecclesiam</span> <span class='ocrx_word' id='word_1_45' title='bbox 479 420 677 463; x_wconf 69' lang='lat' dir='ltr'>Colonien.]</span> <span class='ocrx_word' id='word_1_46' title='bbox 704 420 747 454; x_wconf 87' lang='lat' dir='ltr'>cf.</span> <span class='ocrx_word' id='word_1_47' title='bbox 768 419 898 464; x_wconf 88' lang='lat' dir='ltr'>Consp.</span> <span class='ocrx_word' id='word_1_48' title='bbox 917 420 1079 454; x_wconf 89' lang='lat' dir='ltr'>chronol.</span> <span class='ocrx_word' id='word_1_49' title='bbox 1096 432 1131 464; x_wconf 89' lang='lat' dir='ltr'>p.</span> <span class='ocrx_word' id='word_1_50' title='bbox 1151 423 1226 454; x_wconf 81' lang='grc'><strong>126.</strong></span> <span class='ocrx_word' id='word_1_51' title='bbox 1245 419 1279 453; x_wconf 85' lang='lat' dir='ltr'>d.</span> <span class='ocrx_word' id='word_1_52' title='bbox 1298 424 1328 453; x_wconf 86' lang='lat'>9.</span> <span class='ocrx_word' id='word_1_53' title='bbox 1347 419 1448 463; x_wconf 84' lang='lat' dir='ltr'>Sept.</span> <span class='ocrx_word' id='word_1_54' title='bbox 1466 430 1497 452; x_wconf 92' lang='lat' dir='ltr'>a.</span> <span class='ocrx_word' id='word_1_55' title='bbox 1518 422 1613 453; x_wconf 84' lang='lat'>1513.</span> 
     </span>
    </p>

    <p class='ocr_par' dir='ltr' id='par_1_3' title="bbox 70 474 1784 576">
     <span class='ocr_line' id='line_1_5' title="bbox 70 474 1784 521; baseline 0 -13"><span class='ocrx_word' id='word_1_56' title='bbox 70 478 112 508; x_wconf 76' lang='lat'>25</span> <span class='ocrx_word' id='word_1_57' title='bbox 137 476 244 518; x_wconf 75' lang='lat' dir='ltr'>quasi</span> <span class='ocrx_word' id='word_1_58' title='bbox 268 476 423 518; x_wconf 74' lang='lat' dir='ltr'><em>scriptor</em></span> <span class='ocrx_word' id='word_1_59' title='bbox 450 475 536 519; x_wconf 55' lang='lat'>001]</span> <span class='ocrx_word' id='word_1_60' title='bbox 564 475 626 517; x_wconf 89' lang='lat' dir='ltr'>„si</span> <span class='ocrx_word' id='word_1_61' title='bbox 652 477 774 509; x_wconf 87' lang='lat' dir='ltr'>essent</span> <span class='ocrx_word' id='word_1_62' title='bbox 798 477 877 510; x_wconf 91' lang='lat' dir='ltr'>veri</span> <span class='ocrx_word' id='word_1_63' title='bbox 907 476 1073 521; x_wconf 85' lang='lat' dir='ltr'>theologi</span> <span class='ocrx_word' id='word_1_64' title='bbox 1098 476 1162 509; x_wconf 90' lang='lat' dir='ltr'>aut</span> <span class='ocrx_word' id='word_1_65' title='bbox 1186 475 1294 519; x_wconf 87' lang='lat' dir='ltr'>probi</span> <span class='ocrx_word' id='word_1_66' title='bbox 1318 475 1403 517; x_wconf 89' lang='lat' dir='ltr'>viri,</span> <span class='ocrx_word' id='word_1_67' title='bbox 1432 502 1438 508; x_wconf 94' lang='lat'>.</span> <span class='ocrx_word' id='word_1_68' title='bbox 1458 502 1465 509; x_wconf 91' lang='lat'>.</span> <span class='ocrx_word' id='word_1_69' title='bbox 1484 501 1491 508; x_wconf 89' lang='lat'>.</span> <span class='ocrx_word' id='word_1_70' title='bbox 1516 485 1590 509; x_wconf 92' lang='lat' dir='ltr'>non</span> <span class='ocrx_word' id='word_1_71' title='bbox 1615 474 1784 508; x_wconf 87' lang='lat' dir='ltr'>velarent</span> 
     </span>
     <span class='ocr_line' id='line_1_6' title="bbox 159 530 1553 576; baseline 0 -12"><span class='ocrx_word' id='word_1_72' title='bbox 159 532 197 564; x_wconf 89' lang='lat' dir='ltr'>et</span> <span class='ocrx_word' id='word_1_73' title='bbox 222 531 434 565; x_wconf 80' lang='lat' dir='ltr'>occularent</span> <span class='ocrx_word' id='word_1_74' title='bbox 458 541 496 564; x_wconf 89' lang='lat' dir='ltr'>se</span> <span class='ocrx_word' id='word_1_75' title='bbox 523 542 606 564; x_wconf 90' lang='lat' dir='ltr'>cum</span> <span class='ocrx_word' id='word_1_76' title='bbox 632 530 702 565; x_wconf 90' lang='lat' dir='ltr'>isto</span> <span class='ocrx_word' id='word_1_77' title='bbox 727 532 946 566; x_wconf 77' lang='lat' dir='ltr'>ti·ufat01·e.“</span> <span class='ocrx_word' id='word_1_78' title='bbox 970 544 1005 576; x_wconf 93' lang='lat' dir='ltr'>p.</span> <span class='ocrx_word' id='word_1_79' title='bbox 1027 534 1173 566; x_wconf 70' lang='lat' dir='ltr'>1962-S‘1·</span> <span class='ocrx_word' id='word_1_80' title='bbox 1201 532 1244 565; x_wconf 91' lang='lat' dir='ltr'>cf.</span> <span class='ocrx_word' id='word_1_81' title='bbox 1263 531 1309 564; x_wconf 87' lang='lat' dir='ltr'>ad</span> <span class='ocrx_word' id='word_1_82' title='bbox 1336 532 1445 565; x_wconf 52' lang='lat'>1953&amp;</span> <span class='ocrx_word' id='word_1_83' title='bbox 1465 532 1553 565; x_wconf 80' lang='lat'>74¹3.</span> 
     </span>
    </p>

    <p class='ocr_par' dir='ltr' id='par_1_4' title="bbox 67 586 1783 854">
     <span class='ocr_line' id='line_1_7' title="bbox 67 586 1783 631; baseline -0.001 -11"><span class='ocrx_word' id='word_1_84' title='bbox 67 590 108 621; x_wconf 80' lang='grc'>27</span> <span class='ocrx_word' id='word_1_85' title='bbox 134 590 245 621; x_wconf 69' lang='lat' dir='ltr'>natus</span> <span class='ocrx_word' id='word_1_86' title='bbox 269 598 313 620; x_wconf 76' lang='lat' dir='ltr'>eoe</span> <span class='ocrx_word' id='word_1_87' title='bbox 336 587 486 630; x_wconf 66' lang='lat' dir='ltr'>Perlioz]</span> <span class='ocrx_word' id='word_1_88' title='bbox 513 586 586 621; x_wconf 80' lang='lat' dir='ltr'>Vix</span> <span class='ocrx_word' id='word_1_89' title='bbox 617 587 854 629; x_wconf 70' lang='lat' dir='ltr'>crediderim,</span> <span class='ocrx_word' id='word_1_90' title='bbox 887 587 1000 621; x_wconf 87' lang='lat' dir='ltr'>fuerit</span> <span class='ocrx_word' id='word_1_91' title='bbox 1028 589 1136 622; x_wconf 85' lang='lat' dir='ltr'>natus</span> <span class='ocrx_word' id='word_1_92' title='bbox 1168 598 1211 621; x_wconf 80' lang='lat' dir='ltr'>ex</span> <span class='ocrx_word' id='word_1_93' title='bbox 1244 586 1526 631; x_wconf 85' lang='lat' dir='ltr'>Steckelberga,</span> <span class='ocrx_word' id='word_1_94' title='bbox 1559 587 1623 620; x_wconf 90' lang='lat' dir='ltr'>sed</span> <span class='ocrx_word' id='word_1_95' title='bbox 1653 597 1783 620; x_wconf 83' lang='lat' dir='ltr'>verum</span> 
     </span>
     <span class='ocr_line' id='line_1_8' title="bbox 155 642 1781 687; baseline -0.001 -11"><span class='ocrx_word' id='word_1_96' title='bbox 155 643 247 686; x_wconf 88' lang='lat' dir='ltr'>puto</span> <span class='ocrx_word' id='word_1_97' title='bbox 273 642 372 686; x_wconf 89' lang='lat' dir='ltr'>quod</span> <span class='ocrx_word' id='word_1_98' title='bbox 405 643 500 687; x_wconf 89' lang='lat' dir='ltr'>‘ipse</span> <span class='ocrx_word' id='word_1_99' title='bbox 526 643 632 676; x_wconf 88' lang='lat' dir='ltr'>stetit</span> <span class='ocrx_word' id='word_1_100' title='bbox 654 642 860 685; x_wconf 83' lang='lat' dir='ltr'>Bononiae&#39;,</span> <span class='ocrx_word' id='word_1_101' title='bbox 893 643 993 686; x_wconf 86' lang='lat' dir='ltr'>quod</span> <span class='ocrx_word' id='word_1_102' title='bbox 1019 643 1167 677; x_wconf 86' lang='lat' dir='ltr'>additur</span> <span class='ocrx_word' id='word_1_103' title='bbox 1192 643 1287 685; x_wconf 88' lang='lat' dir='ltr'>„ubi</span> <span class='ocrx_word' id='word_1_104' title='bbox 1310 642 1382 676; x_wconf 88' lang='lat' dir='ltr'>fuit</span> <span class='ocrx_word' id='word_1_105' title='bbox 1411 643 1506 676; x_wconf 89' lang='lat' dir='ltr'>bene</span> <span class='ocrx_word' id='word_1_106' title='bbox 1539 642 1781 687; x_wconf 86' lang='lat' dir='ltr'>castigatus“,</span> 
     </span>
     <span class='ocr_line' id='line_1_9' title="bbox 155 697 1782 743; baseline 0 -12"><span class='ocrx_word' id='word_1_107' title='bbox 155 709 229 732; x_wconf 91' lang='lat' dir='ltr'>non</span> <span class='ocrx_word' id='word_1_108' title='bbox 255 698 301 732; x_wconf 87' lang='lat' dir='ltr'>ad</span> <span class='ocrx_word' id='word_1_109' title='bbox 333 697 522 732; x_wconf 78' lang='lat' dir='ltr'>discissam</span> <span class='ocrx_word' id='word_1_110' title='bbox 546 698 707 732; x_wconf 89' lang='lat' dir='ltr'>Viterbii</span> <span class='ocrx_word' id='word_1_111' title='bbox 737 699 892 732; x_wconf 90' lang='lat' dir='ltr'>buccam</span> <span class='ocrx_word' id='word_1_112' title='bbox 923 698 1085 733; x_wconf 82' lang='lat' dir='ltr'>aliumve</span> <span class='ocrx_word' id='word_1_113' title='bbox 1117 699 1303 742; x_wconf 75' lang='lat' dir='ltr'>quendam</span> <span class='ocrx_word' id='word_1_114' title='bbox 1333 709 1485 743; x_wconf 87' lang='lat' dir='ltr'>gravem</span> <span class='ocrx_word' id='word_1_115' title='bbox 1519 709 1643 731; x_wconf 87' lang='lat' dir='ltr'>casum</span> <span class='ocrx_word' id='word_1_116' title='bbox 1668 698 1782 732; x_wconf 88' lang='lat' dir='ltr'>rettu-</span> 
     </span>
     <span class='ocr_line' id='line_1_10' title="bbox 155 753 1782 799; baseline 0.001 -12"><span class='ocrx_word' id='word_1_117' title='bbox 155 754 281 796; x_wconf 89' lang='lat' dir='ltr'>lerim,</span> <span class='ocrx_word' id='word_1_118' title='bbox 308 754 373 788; x_wconf 90' lang='lat' dir='ltr'>sed</span> <span class='ocrx_word' id='word_1_119' title='bbox 397 753 624 799; x_wconf 75' lang='lat' dir='ltr'>generaliter</span> <span class='ocrx_word' id='word_1_120' title='bbox 649 754 790 788; x_wconf 84' lang='lat' dir='ltr'>dictum</span> <span class='ocrx_word' id='word_1_121' title='bbox 816 754 990 788; x_wconf 87' lang='lat' dir='ltr'>fictumve</span> <span class='ocrx_word' id='word_1_122' title='bbox 1016 755 1242 798; x_wconf 85' lang='lat' dir='ltr'>putaverim,</span> <span class='ocrx_word' id='word_1_123' title='bbox 1269 756 1312 788; x_wconf 90' lang='lat' dir='ltr'>ut</span> <span class='ocrx_word' id='word_1_124' title='bbox 1336 765 1379 788; x_wconf 92' lang='lat' dir='ltr'>eo</span> <span class='ocrx_word' id='word_1_125' title='bbox 1405 754 1573 788; x_wconf 78' lang='lat' dir='ltr'>acerbius</span> <span class='ocrx_word' id='word_1_126' title='bbox 1598 754 1676 787; x_wconf 92' lang='lat' dir='ltr'>eius</span> <span class='ocrx_word' id='word_1_127' title='bbox 1700 764 1782 797; x_wconf 84' lang='lat' dir='ltr'>pra-</span> 
     </span>
     <span class='ocr_line' id='line_1_11' title="bbox 156 809 1417 854; baseline 0.001 -11"><span class='ocrx_word' id='word_1_128' title='bbox 156 810 262 851; x_wconf 87' lang='lat' dir='ltr'>vitas,</span> <span class='ocrx_word' id='word_1_129' title='bbox 289 810 389 853; x_wconf 88' lang='lat' dir='ltr'>quod</span> <span class='ocrx_word' id='word_1_130' title='bbox 416 810 554 844; x_wconf 89' lang='lat' dir='ltr'>‘adhuc</span> <span class='ocrx_word' id='word_1_131' title='bbox 578 809 744 852; x_wconf 84' lang='lat' dir='ltr'>loquitur</span> <span class='ocrx_word' id='word_1_132' title='bbox 768 809 897 843; x_wconf 88' lang='lat' dir='ltr'>contra</span> <span class='ocrx_word' id='word_1_133' title='bbox 920 810 1132 854; x_wconf 84' lang='lat' dir='ltr'>theologos’</span> <span class='ocrx_word' id='word_1_134' title='bbox 1160 810 1417 845; x_wconf 85' lang='lat' dir='ltr'>devoveretur.</span> 
     </span>
    </p>

    <p class='ocr_par' dir='ltr' id='par_1_5' title="bbox 65 864 1780 965">
     <span class='ocr_line' id='line_1_12' title="bbox 65 864 1780 911; baseline -0.002 -10"><span class='ocrx_word' id='word_1_135' title='bbox 65 871 108 902; x_wconf 89' lang='lat'>30</span> <span class='ocrx_word' id='word_1_136' title='bbox 131 866 306 900; x_wconf 71' lang='lat' dir='ltr'>morietur</span> <span class='ocrx_word' id='word_1_137' title='bbox 321 866 363 899; x_wconf 72' lang='lat' dir='ltr'>in</span> <span class='ocrx_word' id='word_1_138' title='bbox 379 866 555 910; x_wconf 62' lang='lat' dir='ltr'>yeltewma]</span> <span class='ocrx_word' id='word_1_139' title='bbox 582 864 724 898; x_wconf 88' lang='lat' dir='ltr'>Biblice</span> <span class='ocrx_word' id='word_1_140' title='bbox 753 865 957 908; x_wconf 87' lang='lat' dir='ltr'>‘mittetur,</span> <span class='ocrx_word' id='word_1_141' title='bbox 984 865 1054 899; x_wconf 89' lang='lat' dir='ltr'>ibit</span> <span class='ocrx_word' id='word_1_142' title='bbox 1076 867 1113 899; x_wconf 92' lang='lat' dir='ltr'>in</span> <span class='ocrx_word' id='word_1_143' title='bbox 1138 866 1365 911; x_wconf 83' lang='lat' dir='ltr'>gehennam,</span> <span class='ocrx_word' id='word_1_144' title='bbox 1392 866 1429 900; x_wconf 85' lang='lat' dir='ltr'>in</span> <span class='ocrx_word' id='word_1_145' title='bbox 1448 866 1626 910; x_wconf 83' lang='lat' dir='ltr'>gehennae</span> <span class='ocrx_word' id='word_1_146' title='bbox 1644 866 1780 910; x_wconf 87' lang='lat' dir='ltr'>ignem,</span> 
     </span>
     <span class='ocr_line' id='line_1_13' title="bbox 154 921 693 965; baseline -0.002 -10"><span class='ocrx_word' id='word_1_147' title='bbox 154 932 239 956; x_wconf 85' lang='lat' dir='ltr'>reus</span> <span class='ocrx_word' id='word_1_148' title='bbox 264 921 336 955; x_wconf 88' lang='lat' dir='ltr'>erit</span> <span class='ocrx_word' id='word_1_149' title='bbox 358 921 539 965; x_wconf 71' lang='lat' dir='ltr'>gehennae</span> <span class='ocrx_word' id='word_1_150' title='bbox 564 921 693 965; x_wconf 81' lang='lat' dir='ltr'>ignis&#39;.</span> 
     </span>
    </p>

    <p class='ocr_par' dir='ltr' id='par_1_6' title="bbox 65 976 1781 1134">
     <span class='ocr_line' id='line_1_14' title="bbox 65 976 1781 1022; baseline -0.001 -10"><span class='ocrx_word' id='word_1_151' title='bbox 65 982 105 1013; x_wconf 89' lang='lat'>31</span> <span class='ocrx_word' id='word_1_152' title='bbox 132 990 156 1012; x_wconf 80' lang='lat' dir='ltr'>a</span> <span class='ocrx_word' id='word_1_153' title='bbox 180 989 253 1022; x_wconf 74' lang='lat' dir='ltr'>qua</span> <span class='ocrx_word' id='word_1_154' title='bbox 278 977 367 1012; x_wconf 81' lang='lat' dir='ltr'>deus</span> <span class='ocrx_word' id='word_1_155' title='bbox 391 980 572 1011; x_wconf 73' lang='lat' dir='ltr'>conservet</span> <span class='ocrx_word' id='word_1_156' title='bbox 597 977 671 1020; x_wconf 66' lang='lat' dir='ltr'>etc]</span> <span class='ocrx_word' id='word_1_157' title='bbox 698 976 777 1011; x_wconf 92' lang='lat' dir='ltr'>Hoc</span> <span class='ocrx_word' id='word_1_158' title='bbox 802 977 840 1011; x_wconf 90' lang='lat' dir='ltr'>in</span> <span class='ocrx_word' id='word_1_159' title='bbox 865 978 1083 1012; x_wconf 83' lang='lat' dir='ltr'>memoriam</span> <span class='ocrx_word' id='word_1_160' title='bbox 1108 980 1260 1012; x_wconf 81' lang='lat' dir='ltr'>revocat</span> <span class='ocrx_word' id='word_1_161' title='bbox 1284 978 1390 1012; x_wconf 87' lang='grc'><strong>11111111</strong></span> <span class='ocrx_word' id='word_1_162' title='bbox 1414 978 1451 1011; x_wconf 84' lang='grc'>111</span> <span class='ocrx_word' id='word_1_163' title='bbox 1474 988 1609 1012; x_wconf 88' lang='lat' dir='ltr'>nomen</span> <span class='ocrx_word' id='word_1_164' title='bbox 1632 978 1781 1011; x_wconf 87' lang='lat' dir='ltr'>sanctis—</span> 
     </span>
     <span class='ocr_line' id='line_1_15' title="bbox 154 1033 1781 1078; baseline -0.001 -10"><span class='ocrx_word' id='word_1_165' title='bbox 154 1034 237 1068; x_wconf 84' lang='lat' dir='ltr'>simi</span> <span class='ocrx_word' id='word_1_166' title='bbox 260 1044 328 1078; x_wconf 87' lang='lat' dir='ltr'>per</span> <span class='ocrx_word' id='word_1_167' title='bbox 350 1033 495 1078; x_wconf 88' lang='lat' dir='ltr'>legatos</span> <span class='ocrx_word' id='word_1_168' title='bbox 519 1033 643 1067; x_wconf 86' lang='lat' dir='ltr'>nescio</span> <span class='ocrx_word' id='word_1_169' title='bbox 677 1033 779 1067; x_wconf 90' lang='lat' dir='ltr'>cuius</span> <span class='ocrx_word' id='word_1_170' title='bbox 810 1033 977 1067; x_wconf 87' lang='lat' dir='ltr'>conversi</span> <span class='ocrx_word' id='word_1_171' title='bbox 1005 1034 1136 1078; x_wconf 87' lang='lat' dir='ltr'>populi</span> <span class='ocrx_word' id='word_1_172' title='bbox 1165 1034 1321 1078; x_wconf 83' lang='lat' dir='ltr'>praestiti</span> <span class='ocrx_word' id='word_1_173' title='bbox 1350 1034 1550 1068; x_wconf 87' lang='lat' dir='ltr'>iuramenti</span> <span class='ocrx_word' id='word_1_174' title='bbox 1579 1033 1781 1067; x_wconf 78' lang='lat' dir='ltr'>clausulam</span> 
     </span>
     <span class='ocr_line' id='line_1_16' title="bbox 156 1088 1326 1134; baseline 0 -10"><span class='ocrx_word' id='word_1_175' title='bbox 156 1091 213 1124; x_wconf 85' lang='lat' dir='ltr'>‘et</span> <span class='ocrx_word' id='word_1_176' title='bbox 237 1090 372 1124; x_wconf 90' lang='lat' dir='ltr'>erimus</span> <span class='ocrx_word' id='word_1_177' title='bbox 396 1090 435 1123; x_wconf 91' lang='lat' dir='ltr'>in</span> <span class='ocrx_word' id='word_1_178' title='bbox 460 1089 639 1123; x_wconf 87' lang='lat' dir='ltr'>comitatu</span> <span class='ocrx_word' id='word_1_179' title='bbox 663 1090 727 1123; x_wconf 87' lang='lat' dir='ltr'>tuo</span> <span class='ocrx_word' id='word_1_180' title='bbox 753 1100 869 1132; x_wconf 87' lang='lat' dir='ltr'>usque</span> <span class='ocrx_word' id='word_1_181' title='bbox 896 1088 943 1122; x_wconf 88' lang='lat' dir='ltr'>ad</span> <span class='ocrx_word' id='word_1_182' title='bbox 967 1090 1093 1134; x_wconf 89' lang='lat' dir='ltr'>portas</span> <span class='ocrx_word' id='word_1_183' title='bbox 1117 1090 1326 1134; x_wconf 80' lang='lat' dir='ltr'>gehennae⁷.</span> 
     </span>
    </p>
   </div>
   <div class='ocr_carea' id='block_1_3' title="bbox 898 1184 1006 1186">
    <p class='ocr_par' dir='ltr' id='par_1_7' title="bbox 898 1184 1006 1186">
     <span class='ocr_line' id='line_1_17' title="bbox 898 1184 1006 1186; baseline 0 0"><span class='ocrx_word' id='word_1_184' title='bbox 898 1184 1006 1186; x_wconf 95' lang='lat' dir='ltr'> </span> 
     </span>
    </p>
   </div>
   <div class='ocr_carea' id='block_1_4' title="bbox 64 1234 1507 1280">
    <p class='ocr_par' dir='ltr' id='par_1_8' title="bbox 64 1234 1507 1280">
     <span class='ocr_line' id='line_1_18' title="bbox 64 1234 1507 1280; baseline 0 -9"><span class='ocrx_word' id='word_1_185' title='bbox 64 1241 151 1280; x_wconf 83' lang='lat' dir='ltr'>Pag.</span> <span class='ocrx_word' id='word_1_186' title='bbox 167 1238 258 1275; x_wconf 77' lang='lat'>267.</span> <span class='ocrx_word' id='word_1_187' title='bbox 366 1234 602 1270; x_wconf 84' lang='lat' dir='ltr'><strong>EPISTOLA</strong></span> <span class='ocrx_word' id='word_1_188' title='bbox 620 1237 684 1274; x_wconf 84' lang='lat'>51.</span> <span class='ocrx_word' id='word_1_189' title='bbox 720 1234 969 1270; x_wconf 85' lang='lat' dir='ltr'>IOHANNES</span> <span class='ocrx_word' id='word_1_190' title='bbox 987 1235 1259 1272; x_wconf 84' lang='lat' dir='ltr'>HELFERICH</span> <span class='ocrx_word' id='word_1_191' title='bbox 1277 1236 1507 1271; x_wconf 82' lang='lat' dir='ltr'>ORTVINO.</span> 
     </span>
    </p>
   </div>
   <div class='ocr_carea' id='block_1_5' title="bbox 36 1313 1783 3089">
    <p class='ocr_par' dir='ltr' id='par_1_9' title="bbox 64 1313 1783 1527">
     <span class='ocr_line' id='line_1_19' title="bbox 64 1313 1783 1360; baseline 0.001 -11"><span class='ocrx_word' id='word_1_192' title='bbox 64 1320 84 1350; x_wconf 77' lang='lat'><strong>2</strong></span> <span class='ocrx_word' id='word_1_193' title='bbox 108 1315 293 1359; x_wconf 71' lang='lat' dir='ltr'>Iuppiter]</span> <span class='ocrx_word' id='word_1_194' title='bbox 320 1314 370 1348; x_wconf 89' lang='lat' dir='ltr'>Io.</span> <span class='ocrx_word' id='word_1_195' title='bbox 389 1314 435 1348; x_wconf 88' lang='lat' dir='ltr'>de</span> <span class='ocrx_word' id='word_1_196' title='bbox 460 1314 577 1348; x_wconf 86' lang='lat' dir='ltr'>Ianua</span> <span class='ocrx_word' id='word_1_197' title='bbox 602 1313 778 1348; x_wconf 86' lang='lat' dir='ltr'>Catholic.</span> <span class='ocrx_word' id='word_1_198' title='bbox 797 1313 934 1356; x_wconf 74' lang='lat' dir='ltr'>„Iovis</span> <span class='ocrx_word' id='word_1_199' title='bbox 952 1314 1095 1358; x_wconf 85' lang='lat' dir='ltr'>Iupiter</span> <span class='ocrx_word' id='word_1_200' title='bbox 1125 1315 1261 1349; x_wconf 90' lang='lat' dir='ltr'>dicitur</span> <span class='ocrx_word' id='word_1_201' title='bbox 1292 1316 1397 1360; x_wconf 81' lang='lat' dir='ltr'>quasi</span> <span class='ocrx_word' id='word_1_202' title='bbox 1427 1316 1558 1350; x_wconf 89' lang='lat' dir='ltr'>iuvans</span> <span class='ocrx_word' id='word_1_203' title='bbox 1588 1318 1711 1360; x_wconf 84' lang='lat' dir='ltr'>pater,</span> <span class='ocrx_word' id='word_1_204' title='bbox 1745 1318 1783 1352; x_wconf 86' lang='lat' dir='ltr'>et</span> 
     </span>
     <span class='ocr_line' id='line_1_20' title="bbox 155 1369 1780 1415; baseline 0.001 -10"><span class='ocrx_word' id='word_1_205' title='bbox 155 1370 390 1415; x_wconf 71' lang='lat' dir='ltr'>componitur</span> <span class='ocrx_word' id='word_1_206' title='bbox 414 1381 436 1403; x_wconf 90' lang='lat' dir='ltr'>a</span> <span class='ocrx_word' id='word_1_207' title='bbox 465 1370 551 1404; x_wconf 89' lang='lat' dir='ltr'>iuvo</span> <span class='ocrx_word' id='word_1_208' title='bbox 577 1369 638 1404; x_wconf 88' lang='lat' dir='ltr'>vel</span> <span class='ocrx_word' id='word_1_209' title='bbox 669 1369 800 1403; x_wconf 87' lang='lat' dir='ltr'>iuvans</span> <span class='ocrx_word' id='word_1_210' title='bbox 826 1371 864 1404; x_wconf 89' lang='lat' dir='ltr'>et</span> <span class='ocrx_word' id='word_1_211' title='bbox 892 1371 1001 1414; x_wconf 87' lang='lat' dir='ltr'>pater</span> <span class='ocrx_word' id='word_1_212' title='bbox 1025 1398 1031 1404; x_wconf 97' lang='lat'>.</span> <span class='ocrx_word' id='word_1_213' title='bbox 1051 1398 1059 1404; x_wconf 93' lang='lat'>.</span> <span class='ocrx_word' id='word_1_214' title='bbox 1077 1398 1084 1405; x_wconf 93' lang='lat'>.</span> <span class='ocrx_word' id='word_1_215' title='bbox 1111 1372 1149 1405; x_wconf 89' lang='lat' dir='ltr'>et</span> <span class='ocrx_word' id='word_1_216' title='bbox 1179 1371 1368 1406; x_wconf 87' lang='lat' dir='ltr'>invenitur</span> <span class='ocrx_word' id='word_1_217' title='bbox 1396 1373 1433 1405; x_wconf 92' lang='lat' dir='ltr'>in</span> <span class='ocrx_word' id='word_1_218' title='bbox 1464 1373 1693 1407; x_wconf 86' lang='lat' dir='ltr'>nominativo</span> <span class='ocrx_word' id='word_1_219' title='bbox 1723 1373 1780 1406; x_wconf 90' lang='lat' dir='ltr'>Iu-</span> 
     </span>
     <span class='ocr_line' id='line_1_21' title="bbox 153 1425 1781 1472; baseline 0 -11"><span class='ocrx_word' id='word_1_220' title='bbox 153 1427 252 1471; x_wconf 88' lang='lat' dir='ltr'>piter</span> <span class='ocrx_word' id='word_1_221' title='bbox 268 1426 329 1460; x_wconf 90' lang='lat' dir='ltr'>vel</span> <span class='ocrx_word' id='word_1_222' title='bbox 345 1426 468 1460; x_wconf 90' lang='lat' dir='ltr'>Iovius</span> <span class='ocrx_word' id='word_1_223' title='bbox 487 1453 493 1459; x_wconf 94' lang='lat'>.</span> <span class='ocrx_word' id='word_1_224' title='bbox 513 1428 569 1459; x_wconf 87' lang='lat'>.“.</span> <span class='ocrx_word' id='word_1_225' title='bbox 606 1425 651 1460; x_wconf 86' lang='lat' dir='ltr'>cf.</span> <span class='ocrx_word' id='word_1_226' title='bbox 669 1437 747 1469; x_wconf 88' lang='lat' dir='ltr'>sqq.</span> <span class='ocrx_word' id='word_1_227' title='bbox 765 1439 817 1460; x_wconf 85' lang='lat' dir='ltr'>vv.</span> <span class='ocrx_word' id='word_1_228' title='bbox 832 1436 857 1460; x_wconf 80' lang='grc'>9.</span> <span class='ocrx_word' id='word_1_229' title='bbox 873 1439 926 1470; x_wconf 88' lang='lat' dir='ltr'>sq.</span> <span class='ocrx_word' id='word_1_230' title='bbox 976 1426 1096 1460; x_wconf 83' lang='lat' dir='ltr'>Hodie</span> <span class='ocrx_word' id='word_1_231' title='bbox 1115 1427 1393 1462; x_wconf 86' lang='lat' dir='ltr'>Coloniensibus</span> <span class='ocrx_word' id='word_1_232' title='bbox 1410 1428 1579 1472; x_wconf 86' lang='lat' dir='ltr'>Iuppiter</span> <span class='ocrx_word' id='word_1_233' title='bbox 1602 1429 1679 1463; x_wconf 89' lang='lat' dir='ltr'>sive</span> <span class='ocrx_word' id='word_1_234' title='bbox 1697 1428 1781 1472; x_wconf 88' lang='lat' dir='ltr'>Iup-</span> 
     </span>
     <span class='ocr_line' id='line_1_22' title="bbox 153 1481 720 1527; baseline -0.004 -10"><span class='ocrx_word' id='word_1_235' title='bbox 153 1483 270 1527; x_wconf 89' lang='lat' dir='ltr'>pitter</span> <span class='ocrx_word' id='word_1_236' title='bbox 295 1483 350 1516; x_wconf 91' lang='lat' dir='ltr'>est</span> <span class='ocrx_word' id='word_1_237' title='bbox 374 1482 552 1526; x_wconf 83' lang='lat' dir='ltr'>Iosephus</span> <span class='ocrx_word' id='word_1_238' title='bbox 576 1481 720 1516; x_wconf 84' lang='lat' dir='ltr'>Petrus.</span> 
     </span>
    </p>

    <p class='ocr_par' dir='ltr' id='par_1_10' title="bbox 65 1537 922 1583">
     <span class='ocr_line' id='line_1_23' title="bbox 65 1537 922 1583; baseline -0.002 -9"><span class='ocrx_word' id='word_1_239' title='bbox 65 1544 84 1574; x_wconf 83' lang='lat'><strong>7</strong></span> <span class='ocrx_word' id='word_1_240' title='bbox 113 1539 236 1583; x_wconf 75' lang='lat' dir='ltr'>Celtis]</span> <span class='ocrx_word' id='word_1_241' title='bbox 264 1538 309 1573; x_wconf 88' lang='lat' dir='ltr'>cf.</span> <span class='ocrx_word' id='word_1_242' title='bbox 326 1537 406 1572; x_wconf 89' lang='lat' dir='ltr'>Ind.</span> <span class='ocrx_word' id='word_1_243' title='bbox 424 1538 541 1583; x_wconf 88' lang='lat' dir='ltr'>biogr.</span> <span class='ocrx_word' id='word_1_244' title='bbox 559 1549 594 1582; x_wconf 87' lang='lat' dir='ltr'>p.</span> <span class='ocrx_word' id='word_1_245' title='bbox 612 1542 687 1572; x_wconf 81' lang='lat'>341.</span> <span class='ocrx_word' id='word_1_246' title='bbox 706 1550 783 1582; x_wconf 85' lang='lat' dir='ltr'>sqq.</span> <span class='ocrx_word' id='word_1_247' title='bbox 802 1538 836 1572; x_wconf 92' lang='lat' dir='ltr'>h.</span> <span class='ocrx_word' id='word_1_248' title='bbox 855 1540 922 1573; x_wconf 85' lang='lat' dir='ltr'>art.</span> 
     </span>
    </p>

    <p class='ocr_par' dir='ltr' id='par_1_11' title="bbox 36 1594 826 1639">
     <span class='ocr_line' id='line_1_24' title="bbox 36 1594 826 1639; baseline -0.003 -8"><span class='ocrx_word' id='word_1_249' title='bbox 36 1621 40 1622; x_wconf 18' lang='grc' dir='ltr'><em>γ</em></span> <span class='ocrx_word' id='word_1_250' title='bbox 64 1600 84 1631; x_wconf 90' lang='grc'>8</span> <span class='ocrx_word' id='word_1_251' title='bbox 109 1594 274 1639; x_wconf 74' lang='lat' dir='ltr'>Sibutus[</span> <span class='ocrx_word' id='word_1_252' title='bbox 299 1594 344 1628; x_wconf 90' lang='lat' dir='ltr'>cf.</span> <span class='ocrx_word' id='word_1_253' title='bbox 361 1594 449 1628; x_wconf 87' lang='lat' dir='ltr'>ibid.</span> <span class='ocrx_word' id='word_1_254' title='bbox 463 1607 498 1638; x_wconf 91' lang='lat' dir='ltr'>p.</span> <span class='ocrx_word' id='word_1_255' title='bbox 515 1598 592 1629; x_wconf 71' lang='lat'>469.</span> <span class='ocrx_word' id='word_1_256' title='bbox 610 1606 688 1638; x_wconf 89' lang='lat' dir='ltr'>sqq.</span> <span class='ocrx_word' id='word_1_257' title='bbox 706 1594 740 1627; x_wconf 90' lang='lat' dir='ltr'>h.</span> <span class='ocrx_word' id='word_1_258' title='bbox 760 1596 826 1629; x_wconf 87' lang='lat' dir='ltr'>art.</span> 
     </span>
    </p>

    <p class='ocr_par' dir='ltr' id='par_1_12' title="bbox 66 1651 1783 1920">
     <span class='ocr_line' id='line_1_25' title="bbox 66 1651 1782 1696; baseline 0 -10"><span class='ocrx_word' id='word_1_259' title='bbox 66 1656 104 1686; x_wconf 90' lang='lat'>11</span> <span class='ocrx_word' id='word_1_260' title='bbox 131 1652 183 1686; x_wconf 71' lang='lat' dir='ltr'>ibi</span> <span class='ocrx_word' id='word_1_261' title='bbox 207 1651 345 1694; x_wconf 71' lang='lat' dir='ltr'>accepit</span> <span class='ocrx_word' id='word_1_262' title='bbox 369 1661 482 1685; x_wconf 58' lang='lat' dir='ltr'>uncam</span> <span class='ocrx_word' id='word_1_263' title='bbox 506 1651 699 1694; x_wconf 65' lang='lat' dir='ltr'>antiquam</span> <span class='ocrx_word' id='word_1_264' title='bbox 717 1652 795 1695; x_wconf 63' lang='lat' dir='ltr'>vet]</span> <span class='ocrx_word' id='word_1_265' title='bbox 822 1651 870 1684; x_wconf 76' lang='lat' dir='ltr'>da</span> <span class='ocrx_word' id='word_1_266' title='bbox 887 1652 997 1686; x_wconf 71' lang='lat' dir='ltr'>mchm</span> <span class='ocrx_word' id='word_1_267' title='bbox 1023 1663 1059 1686; x_wconf 80' lang='lat' dir='ltr'>er</span> <span class='ocrx_word' id='word_1_268' title='bbox 1083 1653 1161 1686; x_wconf 68' lang='lat' dir='ltr'>eine</span> <span class='ocrx_word' id='word_1_269' title='bbox 1179 1653 1251 1687; x_wconf 76' lang='lat' dir='ltr'>alte</span> <span class='ocrx_word' id='word_1_270' title='bbox 1273 1652 1386 1688; x_wconf 77' lang='lat' dir='ltr'>Vettel</span> <span class='ocrx_word' id='word_1_271' title='bbox 1412 1655 1497 1696; x_wconf 65' lang='lat' dir='ltr'>(zur</span> <span class='ocrx_word' id='word_1_272' title='bbox 1515 1653 1656 1696; x_wconf 65' lang='lat' dir='ltr'>Fran).</span> <span class='ocrx_word' id='word_1_273' title='bbox 1704 1652 1782 1687; x_wconf 86' lang='lat' dir='ltr'>Iam</span> 
     </span>
     <span class='ocr_line' id='line_1_26' title="bbox 155 1706 1783 1753; baseline 0.002 -12"><span class='ocrx_word' id='word_1_274' title='bbox 155 1718 185 1741; x_wconf 90' lang='lat' dir='ltr'>a.</span> <span class='ocrx_word' id='word_1_275' title='bbox 203 1711 298 1742; x_wconf 82' lang='lat'>1507.</span> <span class='ocrx_word' id='word_1_276' title='bbox 316 1706 448 1750; x_wconf 83' lang='lat' dir='ltr'>Lipsiae</span> <span class='ocrx_word' id='word_1_277' title='bbox 465 1707 657 1751; x_wconf 86' lang='lat' dir='ltr'>prodierat</span> <span class='ocrx_word' id='word_1_278' title='bbox 674 1706 793 1740; x_wconf 80' lang='lat' dir='ltr'>Sibuti</span> <span class='ocrx_word' id='word_1_279' title='bbox 811 1707 970 1750; x_wconf 84' lang='lat' dir='ltr'>libellus,</span> <span class='ocrx_word' id='word_1_280' title='bbox 998 1719 1070 1752; x_wconf 81' lang='lat' dir='ltr'>quo</span> <span class='ocrx_word' id='word_1_281' title='bbox 1090 1709 1343 1753; x_wconf 69' lang='lat' dir='ltr'>„astipulatur</span> <span class='ocrx_word' id='word_1_282' title='bbox 1359 1709 1493 1753; x_wconf 82' lang='lat' dir='ltr'>puellae</span> <span class='ocrx_word' id='word_1_283' title='bbox 1511 1721 1592 1753; x_wconf 84' lang='lat' dir='ltr'>quae</span> <span class='ocrx_word' id='word_1_284' title='bbox 1609 1710 1783 1744; x_wconf 84' lang='lat' dir='ltr'>hesterna</span> 
     </span>
     <span class='ocr_line' id='line_1_27' title="bbox 153 1762 1783 1809; baseline 0.001 -12"><span class='ocrx_word' id='word_1_285' title='bbox 153 1763 236 1797; x_wconf 88' lang='lat' dir='ltr'>luce</span> <span class='ocrx_word' id='word_1_286' title='bbox 255 1774 436 1797; x_wconf 90' lang='lat' dir='ltr'>summam</span> <span class='ocrx_word' id='word_1_287' title='bbox 452 1762 671 1797; x_wconf 88' lang='lat' dir='ltr'>felicitatem</span> <span class='ocrx_word' id='word_1_288' title='bbox 689 1763 727 1795; x_wconf 90' lang='lat' dir='ltr'>in</span> <span class='ocrx_word' id='word_1_289' title='bbox 744 1763 980 1798; x_wconf 87' lang='lat' dir='ltr'>matrimonio</span> <span class='ocrx_word' id='word_1_290' title='bbox 998 1764 1102 1807; x_wconf 80' lang='lat' dir='ltr'>dixit,</span> <span class='ocrx_word' id='word_1_291' title='bbox 1117 1765 1295 1809; x_wconf 88' lang='lat' dir='ltr'>gaudium</span> <span class='ocrx_word' id='word_1_292' title='bbox 1312 1776 1400 1799; x_wconf 89' lang='lat' dir='ltr'>vero</span> <span class='ocrx_word' id='word_1_293' title='bbox 1418 1766 1455 1798; x_wconf 94' lang='lat' dir='ltr'>in</span> <span class='ocrx_word' id='word_1_294' title='bbox 1473 1765 1707 1799; x_wconf 85' lang='lat' dir='ltr'>studentibus</span> <span class='ocrx_word' id='word_1_295' title='bbox 1722 1769 1783 1800; x_wconf 84' lang='lat'>..“.</span> 
     </span>
     <span class='ocr_line' id='line_1_28' title="bbox 154 1818 1781 1866; baseline 0.001 -13"><span class='ocrx_word' id='word_1_296' title='bbox 154 1819 198 1853; x_wconf 87' lang='lat' dir='ltr'>cf.</span> <span class='ocrx_word' id='word_1_297' title='bbox 216 1819 295 1853; x_wconf 89' lang='lat' dir='ltr'>Ind.</span> <span class='ocrx_word' id='word_1_298' title='bbox 313 1819 430 1864; x_wconf 89' lang='lat' dir='ltr'>biogr.</span> <span class='ocrx_word' id='word_1_299' title='bbox 448 1830 484 1863; x_wconf 89' lang='lat' dir='ltr'>p.</span> <span class='ocrx_word' id='word_1_300' title='bbox 501 1823 577 1853; x_wconf 70' lang='lat'>471.</span> <span class='ocrx_word' id='word_1_301' title='bbox 595 1819 671 1853; x_wconf 88' lang='lat' dir='ltr'>not.</span> <span class='ocrx_word' id='word_1_302' title='bbox 692 1823 742 1853; x_wconf 89' lang='lat'>14.</span> <span class='ocrx_word' id='word_1_303' title='bbox 783 1818 866 1863; x_wconf 85' lang='lat' dir='ltr'>Ipse</span> <span class='ocrx_word' id='word_1_304' title='bbox 892 1830 924 1853; x_wconf 89' lang='lat' dir='ltr'>a.</span> <span class='ocrx_word' id='word_1_305' title='bbox 944 1824 1039 1855; x_wconf 85' lang='lat'>1511.</span> <span class='ocrx_word' id='word_1_306' title='bbox 1054 1820 1326 1865; x_wconf 87' lang='lat' dir='ltr'>Wittenbergae</span> <span class='ocrx_word' id='word_1_307' title='bbox 1352 1821 1484 1855; x_wconf 86' lang='lat' dir='ltr'>docere</span> <span class='ocrx_word' id='word_1_308' title='bbox 1508 1823 1688 1866; x_wconf 84' lang='lat' dir='ltr'>coeperat,</span> <span class='ocrx_word' id='word_1_309' title='bbox 1715 1822 1781 1855; x_wconf 88' lang='lat' dir='ltr'>ibi-</span> 
     </span>
     <span class='ocr_line' id='line_1_29' title="bbox 155 1875 1725 1920; baseline 0.002 -11"><span class='ocrx_word' id='word_1_310' title='bbox 155 1886 227 1919; x_wconf 88' lang='lat' dir='ltr'>que</span> <span class='ocrx_word' id='word_1_311' title='bbox 252 1875 329 1909; x_wconf 87' lang='lat' dir='ltr'>fere</span> <span class='ocrx_word' id='word_1_312' title='bbox 355 1875 630 1920; x_wconf 76' lang='lat' dir='ltr'>octogenariam</span> <span class='ocrx_word' id='word_1_313' title='bbox 649 1885 734 1909; x_wconf 88' lang='lat' dir='ltr'>eum</span> <span class='ocrx_word' id='word_1_314' title='bbox 759 1883 912 1909; x_wconf 79' lang='lat' dir='ltr'>uxorem</span> <span class='ocrx_word' id='word_1_315' title='bbox 937 1876 1132 1920; x_wconf 87' lang='lat' dir='ltr'>sumpsisse</span> <span class='ocrx_word' id='word_1_316' title='bbox 1156 1876 1235 1911; x_wconf 83' lang='lat' dir='ltr'>haec</span> <span class='ocrx_word' id='word_1_317' title='bbox 1252 1876 1400 1910; x_wconf 86' lang='lat' dir='ltr'>Iovialis</span> <span class='ocrx_word' id='word_1_318' title='bbox 1425 1877 1583 1920; x_wconf 87' lang='lat' dir='ltr'>epistola</span> <span class='ocrx_word' id='word_1_319' title='bbox 1607 1877 1725 1912; x_wconf 89' lang='lat' dir='ltr'>docet.</span> 
     </span>
    </p>

    <p class='ocr_par' dir='ltr' id='par_1_13' title="bbox 111 1931 1782 2145">
     <span class='ocr_line' id='line_1_30' title="bbox 111 1931 1782 1978; baseline 0.002 -13"><span class='ocrx_word' id='word_1_320' title='bbox 111 1942 190 1976; x_wconf 66' lang='lat' dir='ltr'>quse</span> <span class='ocrx_word' id='word_1_321' title='bbox 213 1931 309 1966; x_wconf 71' lang='lat' dir='ltr'>viaeit</span> <span class='ocrx_word' id='word_1_322' title='bbox 327 1958 334 1965; x_wconf 93' lang='lat'>.</span> <span class='ocrx_word' id='word_1_323' title='bbox 353 1959 360 1965; x_wconf 88' lang='lat'>.</span> <span class='ocrx_word' id='word_1_324' title='bbox 379 1958 386 1965; x_wconf 95' lang='lat'>.</span> <span class='ocrx_word' id='word_1_325' title='bbox 407 1931 506 1976; x_wconf 74' lang='lat' dir='ltr'>plus]</span> <span class='ocrx_word' id='word_1_326' title='bbox 534 1931 586 1965; x_wconf 80' lang='lat' dir='ltr'>Cf.</span> <span class='ocrx_word' id='word_1_327' title='bbox 606 1931 726 1966; x_wconf 87' lang='lat' dir='ltr'>Olear.</span> <span class='ocrx_word' id='word_1_328' title='bbox 745 1931 790 1965; x_wconf 89' lang='lat' dir='ltr'>de</span> <span class='ocrx_word' id='word_1_329' title='bbox 816 1931 889 1965; x_wconf 85' lang='lat' dir='ltr'>fide</span> <span class='ocrx_word' id='word_1_330' title='bbox 915 1932 1150 1966; x_wconf 88' lang='lat' dir='ltr'>concubinar.</span> <span class='ocrx_word' id='word_1_331' title='bbox 1176 1932 1247 1976; x_wconf 76' lang='lat' dir='ltr'>(ed.</span> <span class='ocrx_word' id='word_1_332' title='bbox 1265 1932 1417 1966; x_wconf 84' lang='lat' dir='ltr'>Zarnck.</span> <span class='ocrx_word' id='word_1_333' title='bbox 1435 1944 1470 1976; x_wconf 84' lang='lat' dir='ltr'>p.</span> <span class='ocrx_word' id='word_1_334' title='bbox 1487 1936 1555 1977; x_wconf 84' lang='lat'>93.)</span> <span class='ocrx_word' id='word_1_335' title='bbox 1581 1960 1619 1976; x_wconf 93' lang='lat'>„.</span> <span class='ocrx_word' id='word_1_336' title='bbox 1639 1960 1646 1968; x_wconf 89' lang='lat'>.</span> <span class='ocrx_word' id='word_1_337' title='bbox 1672 1944 1782 1978; x_wconf 87' lang='lat' dir='ltr'>super</span> 
     </span>
     <span class='ocr_line' id='line_1_31' title="bbox 154 1987 1781 2034; baseline 0.001 -13"><span class='ocrx_word' id='word_1_338' title='bbox 154 1998 267 2032; x_wconf 89' lang='lat' dir='ltr'>quam</span> <span class='ocrx_word' id='word_1_339' title='bbox 297 1987 421 2022; x_wconf 86' lang='lat' dir='ltr'>nullus</span> <span class='ocrx_word' id='word_1_340' title='bbox 452 1987 654 2031; x_wconf 80' lang='lat' dir='ltr'>requievit,</span> <span class='ocrx_word' id='word_1_341' title='bbox 686 1987 757 2021; x_wconf 90' lang='lat' dir='ltr'>nisi</span> <span class='ocrx_word' id='word_1_342' title='bbox 867 1988 905 2021; x_wconf 90' lang='lat' dir='ltr'>in</span> <span class='ocrx_word' id='word_1_343' title='bbox 936 1988 1167 2032; x_wconf 86' lang='lat' dir='ltr'>responsorio</span> <span class='ocrx_word' id='word_1_344' title='bbox 1201 1999 1328 2022; x_wconf 86' lang='lat' dir='ltr'>omnes</span> <span class='ocrx_word' id='word_1_345' title='bbox 1358 1990 1489 2033; x_wconf 86' lang='lat' dir='ltr'>gentes</span> <span class='ocrx_word' id='word_1_346' title='bbox 1519 2000 1602 2023; x_wconf 88' lang='lat' dir='ltr'>cum</span> <span class='ocrx_word' id='word_1_347' title='bbox 1639 1989 1781 2034; x_wconf 86' lang='lat' dir='ltr'>psalmo</span> 
     </span>
     <span class='ocr_line' id='line_1_32' title="bbox 155 2043 1780 2088; baseline 0.001 -11"><span class='ocrx_word' id='word_1_348' title='bbox 155 2043 340 2078; x_wconf 87' lang='lat' dir='ltr'>‘Laudate</span> <span class='ocrx_word' id='word_1_349' title='bbox 373 2054 454 2078; x_wconf 90' lang='lat' dir='ltr'>eam</span> <span class='ocrx_word' id='word_1_350' title='bbox 486 2054 613 2077; x_wconf 89' lang='lat' dir='ltr'>omnes</span> <span class='ocrx_word' id='word_1_351' title='bbox 643 2045 789 2088; x_wconf 79' lang='lat' dir='ltr'>gentes,</span> <span class='ocrx_word' id='word_1_352' title='bbox 827 2043 1015 2086; x_wconf 89' lang='lat' dir='ltr'>Monachi,</span> <span class='ocrx_word' id='word_1_353' title='bbox 1049 2044 1173 2078; x_wconf 86' lang='lat' dir='ltr'>clerici</span> <span class='ocrx_word' id='word_1_354' title='bbox 1199 2045 1237 2078; x_wconf 91' lang='lat' dir='ltr'>et</span> <span class='ocrx_word' id='word_1_355' title='bbox 1260 2044 1466 2087; x_wconf 88' lang='lat' dir='ltr'>studentes,</span> <span class='ocrx_word' id='word_1_356' title='bbox 1493 2045 1530 2078; x_wconf 89' lang='lat' dir='ltr'>in</span> <span class='ocrx_word' id='word_1_357' title='bbox 1556 2044 1702 2080; x_wconf 89' lang='lat' dir='ltr'>Donato</span> <span class='ocrx_word' id='word_1_358' title='bbox 1728 2056 1780 2080; x_wconf 89' lang='lat' dir='ltr'>se-</span> 
     </span>
     <span class='ocr_line' id='line_1_33' title="bbox 154 2099 888 2145; baseline 0 -11"><span class='ocrx_word' id='word_1_359' title='bbox 154 2099 356 2145; x_wconf 87' lang='lat' dir='ltr'>ptuaginta</span> <span class='ocrx_word' id='word_1_360' title='bbox 381 2100 463 2133; x_wconf 90' lang='lat' dir='ltr'>octo</span> <span class='ocrx_word' id='word_1_361' title='bbox 489 2099 550 2133; x_wconf 87' lang='lat' dir='ltr'>vel</span> <span class='ocrx_word' id='word_1_362' title='bbox 574 2099 686 2144; x_wconf 86' lang='lat' dir='ltr'>paulo</span> <span class='ocrx_word' id='word_1_363' title='bbox 711 2100 819 2144; x_wconf 90' lang='lat' dir='ltr'>plus.</span> <span class='ocrx_word' id='word_1_364' title='bbox 839 2103 888 2134; x_wconf 87' lang='lat'>.“.</span> 
     </span>
    </p>

    <p class='ocr_par' dir='ltr' id='par_1_14' title="bbox 65 2155 1781 2302">
     <span class='ocr_line' id='line_1_34' title="bbox 65 2155 1781 2202; baseline 0.001 -11"><span class='ocrx_word' id='word_1_365' title='bbox 65 2161 107 2192; x_wconf 86' lang='lat'>13</span> <span class='ocrx_word' id='word_1_366' title='bbox 132 2156 318 2190; x_wconf 71' lang='lat' dir='ltr'>ambulavi</span> <span class='ocrx_word' id='word_1_367' title='bbox 342 2166 386 2190; x_wconf 63' lang='grc'><strong>098</strong></span> <span class='ocrx_word' id='word_1_368' title='bbox 402 2156 573 2199; x_wconf 70' lang='grc' dir='ltr'>Ρναεεία]</span> <span class='ocrx_word' id='word_1_369' title='bbox 599 2155 655 2189; x_wconf 87' lang='lat' dir='ltr'>Ne</span> <span class='ocrx_word' id='word_1_370' title='bbox 682 2156 763 2199; x_wconf 89' lang='lat' dir='ltr'>quis</span> <span class='ocrx_word' id='word_1_371' title='bbox 788 2167 832 2190; x_wconf 81' lang='lat' dir='ltr'>ex</span> <span class='ocrx_word' id='word_1_372' title='bbox 857 2156 913 2189; x_wconf 89' lang='lat' dir='ltr'>his</span> <span class='ocrx_word' id='word_1_373' title='bbox 937 2156 1060 2190; x_wconf 89' lang='lat' dir='ltr'>verbis</span> <span class='ocrx_word' id='word_1_374' title='bbox 1084 2155 1277 2191; x_wconf 87' lang='lat' dir='ltr'>Eobanum</span> <span class='ocrx_word' id='word_1_375' title='bbox 1302 2156 1459 2191; x_wconf 90' lang='lat' dir='ltr'>Hessum</span> <span class='ocrx_word' id='word_1_376' title='bbox 1482 2157 1592 2191; x_wconf 87' lang='lat' dir='ltr'>huius</span> <span class='ocrx_word' id='word_1_377' title='bbox 1617 2157 1781 2202; x_wconf 72' lang='lat' dir='ltr'>epistolae</span> 
     </span>
     <span class='ocr_line' id='line_1_35' title="bbox 157 2211 1780 2256; baseline 0 -9"><span class='ocrx_word' id='word_1_378' title='bbox 157 2213 346 2247; x_wconf 81' lang='lat' dir='ltr'>auctorem</span> <span class='ocrx_word' id='word_1_379' title='bbox 373 2222 449 2246; x_wconf 87' lang='lat' dir='ltr'>esse</span> <span class='ocrx_word' id='word_1_380' title='bbox 476 2211 682 2256; x_wconf 87' lang='lat' dir='ltr'>supicetur,</span> <span class='ocrx_word' id='word_1_381' title='bbox 720 2222 871 2255; x_wconf 87' lang='lat' dir='ltr'>moneo,</span> <span class='ocrx_word' id='word_1_382' title='bbox 908 2212 1031 2254; x_wconf 88' lang='lat' dir='ltr'>illum,</span> <span class='ocrx_word' id='word_1_383' title='bbox 1065 2224 1149 2246; x_wconf 91' lang='lat' dir='ltr'>cum</span> <span class='ocrx_word' id='word_1_384' title='bbox 1174 2213 1251 2247; x_wconf 83' lang='lat' dir='ltr'>haec</span> <span class='ocrx_word' id='word_1_385' title='bbox 1276 2213 1516 2256; x_wconf 83' lang='lat' dir='ltr'>scriberetur,</span> <span class='ocrx_word' id='word_1_386' title='bbox 1548 2213 1712 2247; x_wconf 86' lang='lat' dir='ltr'>nondum</span> <span class='ocrx_word' id='word_1_387' title='bbox 1743 2214 1780 2247; x_wconf 89' lang='grc'>111</span> 
     </span>
     <span class='ocr_line' id='line_1_36' title="bbox 152 2268 448 2302; baseline 0 0"><span class='ocrx_word' id='word_1_388' title='bbox 152 2268 302 2302; x_wconf 87' lang='lat' dir='ltr'>Prussia</span> <span class='ocrx_word' id='word_1_389' title='bbox 325 2268 448 2302; x_wconf 86' lang='lat' dir='ltr'>fuisse.</span> 
     </span>
    </p>

    <p class='ocr_par' dir='ltr' id='par_1_15' title="bbox 65 2324 1781 2425">
     <span class='ocr_line' id='line_1_37' title="bbox 65 2324 1781 2370; baseline 0.001 -11"><span class='ocrx_word' id='word_1_390' title='bbox 65 2328 106 2359; x_wconf 88' lang='grc'><strong>16</strong></span> <span class='ocrx_word' id='word_1_391' title='bbox 131 2324 251 2359; x_wconf 78' lang='lat' dir='ltr'>adhuc</span> <span class='ocrx_word' id='word_1_392' title='bbox 268 2325 361 2359; x_wconf 71' lang='lat' dir='ltr'>bona</span> <span class='ocrx_word' id='word_1_393' title='bbox 377 2325 418 2358; x_wconf 71' lang='lat' dir='ltr'>in</span> <span class='ocrx_word' id='word_1_394' title='bbox 435 2324 544 2368; x_wconf 61' lang='lat' dir='ltr'>form]</span> <span class='ocrx_word' id='word_1_395' title='bbox 570 2324 675 2358; x_wconf 89' lang='lat' dir='ltr'>Paul.</span> <span class='ocrx_word' id='word_1_396' title='bbox 693 2324 719 2358; x_wconf 88' lang='grc' dir='ltr'>Ι.</span> <span class='ocrx_word' id='word_1_397' title='bbox 738 2324 784 2359; x_wconf 90' lang='lat' dir='ltr'>ad</span> <span class='ocrx_word' id='word_1_398' title='bbox 803 2324 881 2360; x_wconf 84' lang='lat' dir='ltr'>Cor.</span> <span class='ocrx_word' id='word_1_399' title='bbox 900 2337 961 2360; x_wconf 89' lang='lat' dir='ltr'>v11.</span> <span class='ocrx_word' id='word_1_400' title='bbox 979 2330 1010 2359; x_wconf 80' lang='lat'>2.</span> <span class='ocrx_word' id='word_1_401' title='bbox 1028 2327 1213 2370; x_wconf 83' lang='lat' dir='ltr'>„propter</span> <span class='ocrx_word' id='word_1_402' title='bbox 1236 2326 1519 2360; x_wconf 84' lang='lat' dir='ltr'>fornicationem</span> <span class='ocrx_word' id='word_1_403' title='bbox 1537 2327 1663 2361; x_wconf 90' lang='lat' dir='ltr'>autem</span> <span class='ocrx_word' id='word_1_404' title='bbox 1687 2338 1781 2361; x_wconf 82' lang='lat' dir='ltr'>unus</span> 
     </span>
     <span class='ocr_line' id='line_1_38' title="bbox 153 2381 1616 2425; baseline 0.002 -11"><span class='ocrx_word' id='word_1_405' title='bbox 153 2381 309 2425; x_wconf 87' lang='lat' dir='ltr'>quisque</span> <span class='ocrx_word' id='word_1_406' title='bbox 334 2392 438 2414; x_wconf 89' lang='lat' dir='ltr'>suam</span> <span class='ocrx_word' id='word_1_407' title='bbox 462 2391 617 2415; x_wconf 85' lang='lat' dir='ltr'>uxorem</span> <span class='ocrx_word' id='word_1_408' title='bbox 640 2381 789 2424; x_wconf 85' lang='lat' dir='ltr'>habeat,</span> <span class='ocrx_word' id='word_1_409' title='bbox 817 2382 854 2415; x_wconf 91' lang='lat' dir='ltr'>et</span> <span class='ocrx_word' id='word_1_410' title='bbox 878 2392 953 2415; x_wconf 90' lang='lat' dir='ltr'>una</span> <span class='ocrx_word' id='word_1_411' title='bbox 978 2393 1134 2425; x_wconf 81' lang='lat' dir='ltr'>quaeque</span> <span class='ocrx_word' id='word_1_412' title='bbox 1160 2394 1266 2416; x_wconf 91' lang='lat' dir='ltr'>suum</span> <span class='ocrx_word' id='word_1_413' title='bbox 1291 2382 1412 2415; x_wconf 86' lang='lat' dir='ltr'>virum</span> <span class='ocrx_word' id='word_1_414' title='bbox 1436 2382 1616 2417; x_wconf 85' lang='lat' dir='ltr'>habeat“.</span> 
     </span>
    </p>

    <p class='ocr_par' dir='ltr' id='par_1_16' title="bbox 108 2435 1780 2649">
     <span class='ocr_line' id='line_1_39' title="bbox 108 2435 1779 2484; baseline 0.001 -13"><span class='ocrx_word' id='word_1_415' title='bbox 108 2438 175 2472; x_wconf 74' lang='lat' dir='ltr'>scit</span> <span class='ocrx_word' id='word_1_416' title='bbox 201 2464 207 2470; x_wconf 92' lang='lat'>.</span> <span class='ocrx_word' id='word_1_417' title='bbox 227 2463 234 2471; x_wconf 94' lang='lat'>.</span> <span class='ocrx_word' id='word_1_418' title='bbox 253 2463 260 2470; x_wconf 93' lang='lat'>.</span> <span class='ocrx_word' id='word_1_419' title='bbox 279 2463 286 2470; x_wconf 95' lang='lat'>.</span> <span class='ocrx_word' id='word_1_420' title='bbox 313 2437 401 2481; x_wconf 82' lang='lat' dir='ltr'>eam]</span> <span class='ocrx_word' id='word_1_421' title='bbox 429 2435 487 2471; x_wconf 86' lang='lat' dir='ltr'>Sic</span> <span class='ocrx_word' id='word_1_422' title='bbox 506 2437 544 2470; x_wconf 92' lang='lat' dir='ltr'>et</span> <span class='ocrx_word' id='word_1_423' title='bbox 568 2437 724 2471; x_wconf 89' lang='lat' dir='ltr'>aliorum</span> <span class='ocrx_word' id='word_1_424' title='bbox 742 2437 991 2481; x_wconf 78' lang='lat' dir='ltr'>professorum</span> <span class='ocrx_word' id='word_1_425' title='bbox 1008 2448 1140 2472; x_wconf 81' lang='lat' dir='ltr'>uxores</span> <span class='ocrx_word' id='word_1_426' title='bbox 1156 2449 1231 2472; x_wconf 88' lang='lat' dir='ltr'>non</span> <span class='ocrx_word' id='word_1_427' title='bbox 1249 2437 1367 2472; x_wconf 85' lang='lat' dir='ltr'>solum</span> <span class='ocrx_word' id='word_1_428' title='bbox 1385 2438 1779 2484; x_wconf 87' lang='lat' dir='ltr'>Wittenbergensium‚</span> 
     </span>
     <span class='ocr_line' id='line_1_40' title="bbox 155 2493 1780 2540; baseline 0.002 -14"><span class='ocrx_word' id='word_1_429' title='bbox 155 2494 193 2527; x_wconf 90' lang='lat' dir='ltr'>et</span> <span class='ocrx_word' id='word_1_430' title='bbox 215 2493 327 2537; x_wconf 83' lang='lat' dir='ltr'>longe</span> <span class='ocrx_word' id='word_1_431' title='bbox 353 2493 466 2526; x_wconf 88' lang='lat' dir='ltr'>etiam</span> <span class='ocrx_word' id='word_1_432' title='bbox 490 2494 575 2538; x_wconf 89' lang='lat' dir='ltr'>post</span> <span class='ocrx_word' id='word_1_433' title='bbox 597 2493 664 2527; x_wconf 90' lang='lat' dir='ltr'>illa</span> <span class='ocrx_word' id='word_1_434' title='bbox 687 2494 859 2537; x_wconf 84' lang='lat' dir='ltr'>tempora</span> <span class='ocrx_word' id='word_1_435' title='bbox 883 2494 1095 2528; x_wconf 88' lang='lat' dir='ltr'>faciebant.</span> <span class='ocrx_word' id='word_1_436' title='bbox 1114 2494 1169 2528; x_wconf 89' lang='lat' dir='ltr'>ius</span> <span class='ocrx_word' id='word_1_437' title='bbox 1193 2494 1392 2529; x_wconf 80' lang='lat' dir='ltr'>braxandae</span> <span class='ocrx_word' id='word_1_438' title='bbox 1417 2494 1697 2540; x_wconf 82' lang='lat' dir='ltr'>vendendaeque</span> <span class='ocrx_word' id='word_1_439' title='bbox 1723 2507 1780 2530; x_wconf 90' lang='lat' dir='ltr'>ce-</span> 
     </span>
     <span class='ocr_line' id='line_1_41' title="bbox 153 2548 1779 2596; baseline 0.002 -14"><span class='ocrx_word' id='word_1_440' title='bbox 153 2548 295 2583; x_wconf 85' lang='lat' dir='ltr'>revisiae</span> <span class='ocrx_word' id='word_1_441' title='bbox 312 2548 350 2582; x_wconf 87' lang='lat' dir='ltr'>in</span> <span class='ocrx_word' id='word_1_442' title='bbox 367 2560 441 2583; x_wconf 88' lang='lat' dir='ltr'>non</span> <span class='ocrx_word' id='word_1_443' title='bbox 458 2549 570 2583; x_wconf 89' lang='lat' dir='ltr'>nullis</span> <span class='ocrx_word' id='word_1_444' title='bbox 586 2550 891 2584; x_wconf 85' lang='lat' dir='ltr'>universitatibus</span> <span class='ocrx_word' id='word_1_445' title='bbox 916 2561 1031 2593; x_wconf 90' lang='lat' dir='ltr'>usque</span> <span class='ocrx_word' id='word_1_446' title='bbox 1050 2550 1096 2584; x_wconf 85' lang='lat' dir='ltr'>ad</span> <span class='ocrx_word' id='word_1_447' title='bbox 1113 2550 1182 2584; x_wconf 90' lang='lat' dir='ltr'>hoc</span> <span class='ocrx_word' id='word_1_448' title='bbox 1201 2550 1374 2585; x_wconf 82' lang='lat' dir='ltr'>saeculum</span> <span class='ocrx_word' id='word_1_449' title='bbox 1392 2562 1465 2585; x_wconf 92' lang='lat' dir='ltr'>non</span> <span class='ocrx_word' id='word_1_450' title='bbox 1489 2551 1680 2586; x_wconf 88' lang='lat' dir='ltr'>minimam</span> <span class='ocrx_word' id='word_1_451' title='bbox 1697 2562 1779 2596; x_wconf 85' lang='lat' dir='ltr'>par-</span> 
     </span>
     <span class='ocr_line' id='line_1_42' title="bbox 153 2605 1055 2649; baseline 0.001 -10"><span class='ocrx_word' id='word_1_452' title='bbox 153 2606 232 2639; x_wconf 89' lang='lat' dir='ltr'>tem</span> <span class='ocrx_word' id='word_1_453' title='bbox 257 2605 380 2639; x_wconf 86' lang='lat' dir='ltr'>salarii</span> <span class='ocrx_word' id='word_1_454' title='bbox 404 2605 672 2649; x_wconf 88' lang='lat' dir='ltr'>professoribus</span> <span class='ocrx_word' id='word_1_455' title='bbox 697 2607 859 2640; x_wconf 86' lang='lat' dir='ltr'>concessi</span> <span class='ocrx_word' id='word_1_456' title='bbox 884 2606 1055 2640; x_wconf 87' lang='lat' dir='ltr'>faciebat.</span> 
     </span>
    </p>

    <p class='ocr_par' dir='ltr' id='par_1_17' title="bbox 66 2661 1779 2818">
     <span class='ocr_line' id='line_1_43' title="bbox 66 2661 1779 2708; baseline 0.002 -13"><span class='ocrx_word' id='word_1_457' title='bbox 66 2665 106 2695; x_wconf 88' lang='lat'>19</span> <span class='ocrx_word' id='word_1_458' title='bbox 135 2661 299 2696; x_wconf 72' lang='lat' dir='ltr'>Corinna</span> <span class='ocrx_word' id='word_1_459' title='bbox 315 2672 413 2703; x_wconf 78' lang='lat' dir='ltr'>mea,</span> <span class='ocrx_word' id='word_1_460' title='bbox 431 2661 564 2696; x_wconf 71' lang='lat' dir='ltr'>Lesbia</span> <span class='ocrx_word' id='word_1_461' title='bbox 583 2663 658 2706; x_wconf 66' lang='lat' dir='ltr'>etc]</span> <span class='ocrx_word' id='word_1_462' title='bbox 680 2661 814 2696; x_wconf 82' lang='lat' dir='ltr'>Poetas</span> <span class='ocrx_word' id='word_1_463' title='bbox 830 2662 1149 2706; x_wconf 86' lang='lat' dir='ltr'>interpretabatur</span> <span class='ocrx_word' id='word_1_464' title='bbox 1166 2662 1333 2705; x_wconf 82' lang='lat' dir='ltr'>Sibutus,</span> <span class='ocrx_word' id='word_1_465' title='bbox 1351 2664 1478 2706; x_wconf 85' lang='lat' dir='ltr'>itaque</span> <span class='ocrx_word' id='word_1_466' title='bbox 1497 2665 1658 2698; x_wconf 86' lang='lat' dir='ltr'>amatam</span> <span class='ocrx_word' id='word_1_467' title='bbox 1675 2664 1779 2708; x_wconf 92' lang='lat' dir='ltr'>puel-</span> 
     </span>
     <span class='ocr_line' id='line_1_44' title="bbox 152 2717 1779 2762; baseline 0.002 -11"><span class='ocrx_word' id='word_1_468' title='bbox 152 2717 228 2751; x_wconf 90' lang='lat' dir='ltr'>lam</span> <span class='ocrx_word' id='word_1_469' title='bbox 253 2729 356 2752; x_wconf 88' lang='lat' dir='ltr'>suam</span> <span class='ocrx_word' id='word_1_470' title='bbox 381 2718 623 2762; x_wconf 87' lang='lat' dir='ltr'>nonpuellam</span> <span class='ocrx_word' id='word_1_471' title='bbox 654 2729 698 2751; x_wconf 86' lang='lat' dir='ltr'>ex</span> <span class='ocrx_word' id='word_1_472' title='bbox 730 2717 862 2752; x_wconf 86' lang='lat' dir='ltr'>Ovidio</span> <span class='ocrx_word' id='word_1_473' title='bbox 895 2717 1109 2761; x_wconf 85' lang='lat' dir='ltr'>Corinnam,</span> <span class='ocrx_word' id='word_1_474' title='bbox 1143 2730 1188 2753; x_wconf 80' lang='lat' dir='ltr'>ex</span> <span class='ocrx_word' id='word_1_475' title='bbox 1220 2718 1365 2753; x_wconf 88' lang='lat' dir='ltr'>Catullo</span> <span class='ocrx_word' id='word_1_476' title='bbox 1397 2718 1585 2762; x_wconf 87' lang='lat' dir='ltr'>Lesbiam,</span> <span class='ocrx_word' id='word_1_477' title='bbox 1618 2731 1663 2754; x_wconf 82' lang='lat' dir='ltr'>ex</span> <span class='ocrx_word' id='word_1_478' title='bbox 1692 2720 1779 2754; x_wconf 88' lang='lat' dir='ltr'>Pro-</span> 
     </span>
     <span class='ocr_line' id='line_1_45' title="bbox 153 2773 692 2818; baseline -0.002 -10"><span class='ocrx_word' id='word_1_479' title='bbox 153 2774 274 2818; x_wconf 89' lang='lat' dir='ltr'>pertio</span> <span class='ocrx_word' id='word_1_480' title='bbox 301 2773 498 2818; x_wconf 80' lang='lat' dir='ltr'>Cynthiam</span> <span class='ocrx_word' id='word_1_481' title='bbox 522 2774 692 2808; x_wconf 86' lang='lat' dir='ltr'>vocabat.</span> 
     </span>
    </p>

    <p class='ocr_par' dir='ltr' id='par_1_18' title="bbox 64 2829 1780 3089">
     <span class='ocr_line' id='line_1_46' title="bbox 64 2829 1780 2877; baseline 0.002 -13"><span class='ocrx_word' id='word_1_482' title='bbox 64 2833 106 2864; x_wconf 82' lang='lat'>26</span> <span class='ocrx_word' id='word_1_483' title='bbox 130 2829 346 2864; x_wconf 67' lang='lat' dir='ltr'>Bizibazdus</span> <span class='ocrx_word' id='word_1_484' title='bbox 368 2831 486 2864; x_wconf 70' lang='lat' dir='ltr'>nescio</span> <span class='ocrx_word' id='word_1_485' title='bbox 511 2830 610 2874; x_wconf 70' lang='lat' dir='ltr'>quis]</span> <span class='ocrx_word' id='word_1_486' title='bbox 637 2831 680 2863; x_wconf 88' lang='lat' dir='ltr'>ut</span> <span class='ocrx_word' id='word_1_487' title='bbox 702 2841 737 2874; x_wconf 92' lang='lat' dir='ltr'>p.</span> <span class='ocrx_word' id='word_1_488' title='bbox 756 2831 868 2865; x_wconf 81' lang='lat'>27822.</span> <span class='ocrx_word' id='word_1_489' title='bbox 916 2829 1004 2864; x_wconf 80' lang='lat' dir='ltr'>Haec</span> <span class='ocrx_word' id='word_1_490' title='bbox 1022 2830 1242 2865; x_wconf 85' lang='lat' dir='ltr'>Ortviniana</span> <span class='ocrx_word' id='word_1_491' title='bbox 1258 2832 1498 2866; x_wconf 85' lang='lat' dir='ltr'>hebetissima</span> <span class='ocrx_word' id='word_1_492' title='bbox 1515 2832 1780 2877; x_wconf 87' lang='lat' dir='ltr'>impotentissi-</span> 
     </span>
     <span class='ocr_line' id='line_1_47' title="bbox 154 2885 1779 2934; baseline 0.003 -15"><span class='ocrx_word' id='word_1_493' title='bbox 154 2897 289 2930; x_wconf 87' lang='lat' dir='ltr'>maque</span> <span class='ocrx_word' id='word_1_494' title='bbox 315 2885 506 2929; x_wconf 86' lang='lat' dir='ltr'>superbia,</span> <span class='ocrx_word' id='word_1_495' title='bbox 533 2896 607 2929; x_wconf 87' lang='lat' dir='ltr'>qua</span> <span class='ocrx_word' id='word_1_496' title='bbox 631 2886 676 2920; x_wconf 90' lang='lat' dir='ltr'>de</span> <span class='ocrx_word' id='word_1_497' title='bbox 704 2885 906 2920; x_wconf 81' lang='lat' dir='ltr'>‘Bilibaldo</span> <span class='ocrx_word' id='word_1_498' title='bbox 930 2887 1053 2921; x_wconf 91' lang='lat' dir='ltr'>nescio</span> <span class='ocrx_word' id='word_1_499' title='bbox 1072 2898 1144 2931; x_wconf 89' lang='lat' dir='ltr'>quo</span> <span class='ocrx_word' id='word_1_500' title='bbox 1162 2887 1200 2921; x_wconf 91' lang='lat' dir='ltr'>in</span> <span class='ocrx_word' id='word_1_501' title='bbox 1217 2888 1480 2934; x_wconf 85' lang='lat' dir='ltr'>Nurenberga’</span> <span class='ocrx_word' id='word_1_502' title='bbox 1502 2889 1690 2934; x_wconf 86' lang='lat' dir='ltr'>(Peperic.</span> <span class='ocrx_word' id='word_1_503' title='bbox 1708 2889 1779 2924; x_wconf 84' lang='lat' dir='ltr'>De-</span> 
     </span>
     <span class='ocr_line' id='line_1_48' title="bbox 154 2941 1778 2991; baseline 0.003 -16"><span class='ocrx_word' id='word_1_504' title='bbox 154 2942 244 2976; x_wconf 89' lang='lat' dir='ltr'>fens.</span> <span class='ocrx_word' id='word_1_505' title='bbox 260 2954 297 2986; x_wconf 90' lang='lat' dir='ltr'>p.</span> <span class='ocrx_word' id='word_1_506' title='bbox 319 2942 428 2976; x_wconf 75' lang='lat'>15620.</span> <span class='ocrx_word' id='word_1_507' title='bbox 446 2941 502 2975; x_wconf 90' lang='lat' dir='ltr'>ed.</span> <span class='ocrx_word' id='word_1_508' title='bbox 519 2943 569 2985; x_wconf 88' lang='lat' dir='ltr'>n.)</span> <span class='ocrx_word' id='word_1_509' title='bbox 595 2943 747 2985; x_wconf 87' lang='lat' dir='ltr'>questus</span> <span class='ocrx_word' id='word_1_510' title='bbox 778 2943 849 2985; x_wconf 88' lang='lat' dir='ltr'>est,</span> <span class='ocrx_word' id='word_1_511' title='bbox 882 2954 1029 2987; x_wconf 85' lang='lat' dir='ltr'>semper</span> <span class='ocrx_word' id='word_1_512' title='bbox 1052 2943 1284 2978; x_wconf 83' lang='lat' dir='ltr'>delectabilis</span> <span class='ocrx_word' id='word_1_513' title='bbox 1309 2946 1346 2979; x_wconf 89' lang='lat' dir='ltr'>et</span> <span class='ocrx_word' id='word_1_514' title='bbox 1370 2945 1442 2979; x_wconf 88' lang='lat' dir='ltr'>fuit</span> <span class='ocrx_word' id='word_1_515' title='bbox 1472 2947 1511 2979; x_wconf 92' lang='lat' dir='ltr'>et</span> <span class='ocrx_word' id='word_1_516' title='bbox 1535 2946 1629 2980; x_wconf 92' lang='lat' dir='ltr'>erit.</span> <span class='ocrx_word' id='word_1_517' title='bbox 1649 2956 1694 2980; x_wconf 87' lang='lat' dir='ltr'>ea</span> <span class='ocrx_word' id='word_1_518' title='bbox 1717 2957 1778 2991; x_wconf 88' lang='lat' dir='ltr'>ge-</span> 
     </span>
     <span class='ocr_line' id='line_1_49' title="bbox 154 2998 1778 3046; baseline 0.003 -15"><span class='ocrx_word' id='word_1_519' title='bbox 154 2998 237 3032; x_wconf 89' lang='lat' dir='ltr'>nuit</span> <span class='ocrx_word' id='word_1_520' title='bbox 272 2998 384 3032; x_wconf 83' lang='lat' dir='ltr'>etiam</span> <span class='ocrx_word' id='word_1_521' title='bbox 419 3008 576 3041; x_wconf 87' lang='lat' dir='ltr'>sequens</span> <span class='ocrx_word' id='word_1_522' title='bbox 606 3008 773 3040; x_wconf 86' lang='lat' dir='ltr'>carmen,</span> <span class='ocrx_word' id='word_1_523' title='bbox 811 2999 910 3042; x_wconf 86' lang='lat' dir='ltr'>quod</span> <span class='ocrx_word' id='word_1_524' title='bbox 942 3010 985 3033; x_wconf 82' lang='lat' dir='ltr'>ex</span> <span class='ocrx_word' id='word_1_525' title='bbox 1016 2999 1135 3033; x_wconf 90' lang='lat' dir='ltr'>libelli</span> <span class='ocrx_word' id='word_1_526' title='bbox 1171 3000 1208 3033; x_wconf 88' lang='lat' dir='ltr'>in</span> <span class='ocrx_word' id='word_1_527' title='bbox 1238 3001 1317 3035; x_wconf 87' lang='lat' dir='ltr'>Ind.</span> <span class='ocrx_word' id='word_1_528' title='bbox 1341 3012 1424 3035; x_wconf 87' lang='lat' dir='ltr'>scrr.</span> <span class='ocrx_word' id='word_1_529' title='bbox 1448 3013 1483 3046; x_wconf 92' lang='lat' dir='ltr'>p.</span> <span class='ocrx_word' id='word_1_530' title='bbox 1504 3006 1577 3036; x_wconf 84' lang='lat'>113.</span> <span class='ocrx_word' id='word_1_531' title='bbox 1594 3014 1629 3036; x_wconf 89' lang='lat' dir='ltr'>n.</span> <span class='ocrx_word' id='word_1_532' title='bbox 1646 3015 1778 3037; x_wconf 77' lang='lat' dir='ltr'>mxu.</span> 
     </span>
     <span class='ocr_line' id='line_1_50' title="bbox 154 3053 825 3089; baseline 0.001 -2"><span class='ocrx_word' id='word_1_533' title='bbox 154 3053 308 3089; x_wconf 86' lang='lat' dir='ltr'>indicati</span> <span class='ocrx_word' id='word_1_534' title='bbox 334 3053 465 3087; x_wconf 87' lang='lat' dir='ltr'>ultimo</span> <span class='ocrx_word' id='word_1_535' title='bbox 491 3053 578 3088; x_wconf 87' lang='lat' dir='ltr'>folio</span> <span class='ocrx_word' id='word_1_536' title='bbox 603 3055 825 3089; x_wconf 84' lang='lat' dir='ltr'>transcribo:</span> 
     </span>
    </p>
   </div>
  </div>
 </body>
</html>
