2119 3522
202 270 274 294 EPP.
288 268 330 293 53.
346 267 388 293 54.
413 269 585 293 IOHANNES
601 269 834 293 scntvwrzmiz
850 268 1009 293 onrvmo.
1028 282 1069 285 —
1087 267 1296 292 wimmmavs
1312 267 1434 291 mucor
1450 266 1607 291 onrvino.
1713 247 1806 294 739

92 328 177 369 Pag.
197 327 290 364 270.
1168 327 1256 368 Pag.
1269 328 1346 359 269.
1364 337 1394 358 v.
1408 333 1440 358 33
1458 350 1465 358 .
1480 350 1487 358 .
1503 350 1510 357 .
1528 326 1613 367 Pag.
1627 327 1703 357 271.
1719 336 1749 356 v.
1763 332 1806 357 30.

136 392 160 414 a
183 381 354 426 theoloyis
384 382 564 426 votatum]
607 381 831 415 sententiam
867 392 969 415 suam
1010 380 1147 426 singuli
1181 380 1321 414 iudices
1356 379 1595 414 commissarii
1631 379 1808 420 dicerent,

182 436 398 482 suffragium
423 437 573 471 ferrent.
621 436 663 470 In
681 436 845 471 Vocabb.
872 437 1036 471 ‘votare'
1062 436 1131 470 hoc
1156 447 1264 470 sensu
1288 447 1362 469 non
1387 435 1542 480 legitur,
1573 435 1637 468 sed
1662 451 1705 462 =
1730 445 1809 468 ver-

182 494 279 534 tere,
306 494 344 526 et
367 509 410 520 =
435 502 588 535 vovere,
615 492 809 536 spondere.

91 550 177 591 Pag.
199 550 291 586 271.
1055 587 1157 589 ἡ

91 606 113 636 4
137 603 231 638 talia
254 604 453 648 vituperia]
480 603 524 637 cf.
542 615 578 647 p.
595 605 692 638 269⁹.

391 737 626 771 EPISTOLA
652 739 717 776 54.
757 737 1052 772 WILHELMVS
1077 738 1254 772 BRICOT
1280 737 1510 772 ORTVINO.

92 831 112 861 6
137 827 278 871 Bricot]
296 826 457 860 Thomas
474 827 616 868 Bricot,
642 827 754 860 theol.
772 826 866 870 prof.
884 826 1015 867 Paris..
1042 828 1266 870 Aristotelis,
1292 827 1394 861 Petri
1412 826 1566 870 Hispani
1584 826 1808 871 Georgiique

183 883 433 917 Bruxellensis
463 883 576 917 libros
606 882 651 916 de
676 882 799 927 logica
823 883 903 916 tum
928 884 1199 917 commentatus
1224 884 1295 924 est,
1328 884 1407 916 tum
1432 882 1470 915 in
1494 882 1643 915 brevius
1667 882 1808 915 contra—

182 939 246 972 xit.
287 938 332 972 cf.
350 937 492 972 Fabric.
509 938 598 972 bibl.
616 938 713 972 med.
732 938 770 971 et
785 937 849 971 inf.
867 938 924 974 aet.
943 937 1006 972 VI.
1024 951 1058 983 p.
1073 942 1148 973 691.
1163 950 1216 982 sq.
1263 938 1404 972 Panzer
1420 938 1513 971 Ann.
1531 939 1609 981 typ.
1623 938 1666 971 V.
1685 949 1719 981 p.
1738 941 1809 971 115.

182 994 224 1029 Χ.
242 1006 277 1038 p.
297 998 371 1029 195.
419 994 515 1028 Hain
542 994 735 1038 Repertor.
753 1005 789 1027 n.
807 997 1053 1028 3966...3977.
1102 993 1270 1028 Fortasse
1302 994 1445 1027 mutato
1487 993 1713 1036 praenomine
1750 993 1809 1025 hic

182 1049 421 1084 scholasticus
438 1051 596 1094 scriptor
612 1050 721 1083 huius
738 1060 796 1094 ep.
810 1050 967 1093 scriptor
985 1050 1146 1095 fingitur.
1183 1049 1303 1083 Possis
1321 1050 1447 1083 autem
1464 1049 1545 1093 pari
1561 1049 1640 1082 iure
1659 1048 1704 1082 de
1719 1048 1810 1081 Wil-

181 1105 305 1139 helmo
330 1105 482 1140 Britone
515 1106 691 1150 cogitare.
738 1106 782 1139 cf.
802 1106 879 1139 Ind.
898 1106 1015 1150 biogr.
1040 1107 1105 1139 art.
1125 1105 1228 1139 Brito
1254 1106 1292 1139 et
1315 1105 1593 1148 inscriptionem
1619 1115 1676 1148 ep.
1695 1103 1739 1137 Π.
1758 1107 1809 1137 50.

91 1166 111 1195 9
136 1161 197 1196 sed
220 1172 295 1195 mm
319 1162 436 1206 iuvat]
462 1162 546 1196 aber
571 1172 605 1196 es
628 1160 715 1204 hilft
739 1162 856 1204 nicht,
881 1162 922 1195 tu
947 1162 1073 1195 tamen
1099 1172 1245 1205 semper
1270 1172 1383 1195 novas
1406 1171 1502 1195 nova
1525 1160 1728 1194 referentes
1751 1160 1809 1193 lit-

180 1218 278 1252 teras
303 1229 325 1251 a
348 1228 407 1251 me
432 1217 608 1261 postulas,

93 1277 130 1307 11
159 1273 293 1318 Fioick]
319 1273 364 1307 cf.
382 1285 416 1317 p.
437 1277 500 1307 196
510 1275 549 1307 ²⁸.
567 1274 605 1306 et
622 1272 700 1307 ind.
718 1273 835 1317 biogr.
856 1284 890 1317 p.
909 1277 985 1308 370.
1004 1274 1071 1307 art.
1089 1272 1215 1307 Finck.

94 1333 133 1363 12
157 1329 362 1364 habuerunt
385 1340 440 1363 mc
463 1331 629 1373 royatum
654 1329 762 1373 quod]
788 1329 903 1363 haben
927 1329 1020 1364 mich
1043 1329 1205 1373 ycbeten,
1231 1328 1308 1373 clas?
1325 1348 1367 1352 -
1393 1328 1620 1372 rogaverunt
1643 1338 1721 1370 me,
1748 1338 1809 1372 pe-

180 1385 323 1419 tierunt
346 1395 368 1418 a
392 1395 469 1427 me,
496 1385 539 1418 ut
562 1411 569 1419 .
584 1412 591 1420 .

136 1441 374 1485 epitaphium]
407 1440 594 1482 Quantum
625 1440 701 1474 haec
727 1440 919 1484 epitaphia
943 1441 1006 1483 (.Cf-
1025 1453 1060 1485 p.
1078 1445 1131 1474 22.
1149 1445 1203 1475 29.
1220 1444 1312 1484 sq),
1343 1441 1388 1474 ab
1418 1441 1496 1484 ipso
1522 1440 1809 1483 compositorum

181 1497 240 1540 (cf.
258 1508 293 1541 p.
307 1501 382 1531 410.
400 1498 494 1540 sqq.)
519 1493 693 1543 παρῳδιὲ,
714 1496 910 1530 Ortvinum
937 1496 1216 1539 momorderint,
1233 1497 1312 1540 ipse
1338 1497 1444 1541 epist.
1460 1496 1646 1540 apologet.
1664 1497 1810 1539 p.400²G

180 1552 345 1597 prodidit
374 1552 584 1587 exclamans
616 1552 706 1594 „Vae
731 1552 836 1586 vobis
860 1552 1035 1595 falsariis,
1068 1552 1131 1595 qui
1156 1553 1282 1585 nostra
1306 1552 1497 1596 epitaphia
1522 1552 1560 1585 et
1582 1551 1810 1585 laudabilem

181 1608 337 1642 aliorum
356 1608 445 1651 [vult
461 1609 619 1643 marcione
636 1608 907 1653 Ortvinianam]
927 1608 1134 1642 doctrinam
1158 1608 1416 1652 pervertentes
1438 1607 1587 1641 illorum
1610 1607 1691 1640 loco
1709 1607 1809 1650 ryth-

180 1675 258 1699 mos
289 1664 426 1708 ponitis
455 1664 722 1709 impurissimos
753 1665 1021 1709 commissoque
1047 1675 1114 1708 per
1138 1675 1203 1698 vos
1228 1663 1382 1697 crimine
1407 1663 1490 1697 falsi
1515 1673 1675 1706 nequam
1702 1663 1811 1696 editis

181 1720 419 1765 prognostica
445 1720 506 1764 [cf.
525 1721 572 1754 ad
597 1724 662 1755 264
675 1722 738 1764 12],
771 1721 861 1754 mihi
889 1721 955 1754 illa
978 1721 1115 1755 insonti
1140 1722 1177 1754 et
1200 1720 1387 1753 immerito
1412 1720 1459 1753 ad
1484 1719 1686 1752 multorum
1712 1719 1809 1763 prin-

181 1777 318 1821 cipum,
344 1776 538 1810 civitatum
564 1776 865 1821 optimorumque
892 1777 1055 1811 virorum
1073 1776 1314 1810 offensionem
1337 1786 1379 1809 ac
1397 1786 1508 1809 sacrae
1527 1775 1758 1808 astronomiae
1775 1775 1809 1818 [l]

180 1832 388 1866 irrisionem
413 1843 487 1866 non
511 1833 704 1867 incruente
720 1833 755 1877 [!]
781 1832 1062 1869 asscribentes‚“

93 1892 133 1923 14
158 1889 352 1933 eoetiiictus]
379 1888 512 1922 Procul
530 1888 643 1923 dnbio
660 1899 734 1922 non
751 1888 931 1922 scelerata
948 1899 1077 1930 manu,
1097 1888 1160 1921 sed
1178 1887 1419 1932 gastricismo.
1460 1886 1504 1920 cf.
1523 1887 1583 1920 cit.
1601 1888 1668 1920 art.
1683 1886 1809 1920 Finck.

95 1948 133 1978 16
159 1945 246 1979 bibit
275 1944 427 1978 Cursica
450 1945 552 1988 vimi]
579 1945 623 1979 cf.
641 1944 688 1979 ad
717 1945 824 1979 193‘24.

92 2004 132 2036 17
157 2001 335 2035 charitate
357 2001 455 2045 vera]
482 2011 555 2035 non
582 2000 676 2035 ficta.
718 2000 762 2035 ef.
781 2000 827 2035 ad
846 2001 933 2034 15¹⁹.

92 2060 133 2091 18
155 2066 240 2101 royo
266 2057 309 2091 de
332 2056 444 2100 vobis]
469 2058 506 2091 te
532 2067 638 2102 rogo⁷
665 2057 752 2100 peto
779 2067 823 2090 ex
847 2057 903 2098 te,
934 2057 976 2090 ut
999 2067 1057 2090 me
1083 2056 1260 2097 instruas,
1287 2057 1328 2089 ut
1352 2055 1443 2089 mihi
1468 2055 1640 2099 explices.

92 2116 132 2146 19
156 2113 392 2156 sententiam]
427 2112 695 2155 ‘Sententiare,
732 2113 868 2155 ortem,
903 2113 1099 2154 verm-tem,
1135 2112 1342 2153 verm-delii,
1373 2111 1511 2152 arichi,
1543 2110 1703 2154 orteyzn,
1734 2121 1809 2144 ver-

179 2168 375 2212 urteyleoff.
401 2167 572 2202 Diefenb.
590 2167 746 2202 Glossar.
764 2168 799 2202 11.
817 2180 850 2201 v.
899 2168 1092 2202 Sententia
1115 2167 1423 2201 Parrhisiensium
1456 2167 1649 2201 doctorum
1679 2168 1810 2200 contra

180 2223 427 2258 Reuchlinnm
451 2224 529 2258 lata
553 2225 608 2258 est
632 2224 666 2258 (1.
684 2228 714 2258 2.
732 2224 826 2268 Aug.
845 2234 876 2257 a.
896 2227 1014 2266 1514.‚
1045 2223 1109 2257 sed
1134 2234 1207 2258 non
1234 2234 1292 2265 ea,
1325 2234 1406 2266 quae
1431 2222 1554 2266 potius
1586 2222 1721 2256 ‘libelli
1746 2232 1807 2255 au-

180 2281 321 2314 ctorem
353 2280 397 2313 ad
430 2280 706 2320 revocationem
732 2279 1048 2324 compellendum'
1083 2291 1160 2314 esse
1186 2278 1444 2324 pronuntiavit
1473 2278 1532 2322 (cf.
1550 2278 1717 2322 Peperic.
1734 2277 1807 2311 def.

180 2348 214 2380 p.
235 2338 365 2379 14l2⁰)‚
390 2336 455 2370 sed
472 2335 753 2381 Erphordiensis
777 2336 963 2370 sententia
985 2335 1018 2369 (1.
1037 2340 1067 2370 3.
1086 2334 1186 2379 Sept.
1204 2346 1235 2369 a.
1255 2338 1351 2369 1513.
1370 2334 1447 2368 lata
1463 2344 1508 2368 ea
1531 2345 1613 2377 quae
1637 2333 1696 2367 hic
1721 2333 1808 2367 alle-

179 2393 316 2435 gantur
341 2392 452 2426 ‘citra
474 2393 601 2426 tamen
625 2420 653 2427 ..
670 2420 678 2428 .
699 2392 910 2434 habemus'‚
942 2402 1064 2435 neque
1094 2391 1171 2425 haec
1203 2391 1355 2434 quidem
1384 2390 1517 2424 iisdem
1546 2389 1669 2424 verbis
1694 2389 1808 2423 conti-

179 2449 261 2482 net:
287 2447 331 2482 cf.
349 2446 517 2492 Peperic.
535 2447 616 2482 Def.
634 2460 670 2493 p.
689 2449 923 2482 13639...1372
940 2450 964 2469 ‘³²
982 2448 1008 2469 ¹⁹
1025 2449 1064 2482 et
1086 2447 1174 2481 ibid.
1192 2459 1226 2491 p.
1247 2449 1371 2481 138⁹·--
1384 2447 1409 2468 ¹3
1434 2446 1570 2480 similia
1591 2446 1707 2479 verba
1728 2456 1807 2479 sen-

179 2504 306 2538 tentiae
330 2503 626 2549 Moguntinensis
651 2504 685 2538 d.
706 2508 756 2539 13.
776 2503 856 2538 Oct.
875 2514 906 2538 a.
926 2507 1021 2538 1513.
1039 2503 1135 2538 latae.

89 2563 132 2594 22
156 2570 231 2594 ‘non
255 2560 328 2594 scio
352 2560 443 2603 quid
467 2561 529 2605 est]
556 2560 766 2604 discrepare
790 2560 883 2593 mihi
907 2559 1065 2593 videtur.
1113 2559 1263 2593 Scilicet
1288 2558 1472 2600 Bricotus,
1499 2558 1541 2590 ut
1565 2556 1809 2590 Hochstratus

180 2617 219 2650 et
243 2616 504 2650 universaliter
527 2616 764 2660 inquisitores
788 2615 970 2650 haereticae
995 2615 1190 2659 pravitatis
1215 2614 1348 2648 nolunt
1370 2614 1468 2648 inter
1493 2623 1634 2646 errores
1658 2612 1722 2655 qui
1739 2610 1808 2646 sibi

180 2671 372 2714 videntur,
399 2672 437 2706 et
460 2671 616 2705 crimina
639 2670 828 2715 distingui.

89 2731 133 2761 24
157 2738 270 2762 causa
294 2727 467 2772 efficiens]
500 2727 618 2772 Culpa
643 2729 699 2761 est
723 2727 943 2769 ‘causantiS‚
969 2737 1043 2760 non
1068 2726 1239 2763 causati'.

89 2787 132 2818 26
157 2783 404 2818 Lovanieiiscs
427 2783 502 2827 etc]
534 2782 638 2816 Hanc
664 2782 859 2827 epistolam
885 2782 919 2815 d.
937 2786 990 2816 23.
1007 2781 1093 2816 Mai.
1112 2792 1143 2815 a.
1165 2785 1260 2816 1515.
1280 2782 1455 2826 scriptam
1474 2781 1626 2815 exhibet
1641 2780 1807 2824 Peperic.

179 2838 261 2874 Des.
279 2851 314 2883 p.
335 2842 520 2874 150...152.
540 2838 597 2872 ed.
615 2850 668 2881 n.;
701 2838 817 2873 verba
847 2848 870 2871 a
898 2837 1048 2872 Bricoto
1078 2837 1303 2881 reprehensa
1332 2838 1419 2870 sunt
1449 2835 1717 2880 „Suscepimns
1748 2862 1755 2869 .
1775 2862 1781 2868 .
1800 2861 1808 2868 .

179 2905 252 2928 non
277 2905 410 2938 parum
442 2894 546 2928 nobis
571 2893 774 2938 spiritualis
802 2893 1040 2927 iocunditatis
1065 2893 1221 2927 attulit“
1246 2905 1282 2938 p.
1302 2897 1363 2928 151
1376 2894 1412 2917 ¹⁷-
1422 2900 1479 2922 ⁵0¹⁶!-

89 2955 133 2986 28
152 2961 256 2994 papa
281 2951 355 2994 eta]
381 2949 493 2984 Putes
517 2950 636 2994 ipsam
660 2949 946 2994 praedicatorum
971 2949 1234 2983 conscientiam
1260 2949 1398 2983 audire.

89 3010 133 3041 30
155 3006 435 3049 compassionem
458 3005 603 3050 habere]
636 3005 786 3040 Mitleid
815 3005 941 3039 haben.
989 3005 1034 3040 cf.
1052 3005 1078 3039 I.
1097 3005 1177 3040 Cor.
1194 3018 1255 3040 ΧΠ.
1272 3009 1326 3040 26.
1352 3006 1390 3039 et
1414 3017 1470 3050 ep.
1489 3006 1536 3039 ad
1560 3004 1672 3038 Hebr.
1690 3016 1737 3038 1v.
1758 3008 1808 3037 15.

181 3061 293 3104 ⁷,Non
320 3062 418 3095 enim
450 3061 629 3096 habemus
655 3060 890 3104 Pontificem,
924 3062 987 3104 qui
1019 3072 1091 3094 nou
1118 3061 1233 3105 possit
1256 3061 1420 3105 compati
1444 3059 1721 3094 infirmitatibus
1747 3069 1808 3091 110-

1466 3117 1539 3152 47*
