2119 3522
239 219 311 242 EPP.
326 218 365 241 10.
382 217 423 240 ll.
448 219 594 241 IOANNES
612 219 761 241 ARNOLDI
780 219 937 242 ORTVINO.
956 232 999 236 —-
1017 218 1204 241 CORNELIVS
1221 219 1473 241 FENESTRIFICIS
1491 220 1648 242 ORTVINO.
1753 201 1848 245 543

1824 284 1850 308 3.

135 277 220 318 Pag.
243 276 303 312 16.
1271 277 1360 317 Pag.
1375 278 1427 308 16.
1442 288 1472 308 v.
1488 284 1520 308 26
1537 301 1544 308 .
1559 301 1567 309 .
1583 301 1590 309 .
1607 278 1694 318 Pag.
1710 278 1761 309 17.
1780 288 1810 308 v.

224 332 262 364 et
279 330 434 364 scientia
451 330 689 364 scientiarum
707 330 959 373 appellatione
978 330 1132 375 vulgata
1155 331 1340 364 vocitatur
1356 357 1364 364 .
1379 357 1386 364 .
1402 358 1408 365 .
1425 357 1432 364 .
1455 330 1631 364 Albertus
1648 342 1804 375 magnus
1819 358 1825 364 .
1842 357 1849 364 .

223 386 383 429 logicam
400 386 507 420 nobis
525 386 571 419 ad
594 385 815 419 felicitatem
832 387 1078 420 necessariam
1102 386 1316 430 intelligens
1342 386 1448 419 dicit:
1482 385 1619 431 Logica
1643 387 1698 420 est
1722 397 1803 429 quae
1830 397 1851 419 a

223 442 427 485 phantasiis
444 452 516 485 que
534 442 716 485 apparent
734 442 772 474 et
788 452 861 475 non
879 443 965 475 sunt
981 442 1133 476 liberat:
1169 452 1310 476 errores
1329 441 1497 475 damnat:
1530 442 1712 476 falsitates
1730 443 1849 475 osten—

224 497 296 531 dit:
325 498 362 531 et
386 497 423 530 in
442 496 613 531 omnibus
629 496 757 530 lumen
775 499 875 531 recte
894 497 1221 541 contemplationis
1238 497 1474 532 administrat
1493 525 1612 532 ......
1642 497 1708 531 Est
1725 499 1850 531 autem

223 553 417 587 dialectice
444 563 501 586 ars
527 552 663 586 artium
682 554 720 586 et
738 553 894 587 scientia
910 553 1149 587 scientiarum
1174 553 1413 598 promulgata
1430 553 1658 587 definitione.
1705 553 1777 587 Vel
1795 554 1851 587 est

221 608 376 642 scientia
400 609 500 642 recte
521 608 724 641 disserendi
742 608 839 642 circ-a
856 609 1061 643 orationem
1079 619 1150 652 que
1169 608 1462 653 interrogatione
1481 611 1593 653 atque
1611 609 1849 653 responsione

222 665 402 698 constat.“
439 663 615 708 Logicam
640 664 823 697 rationem
849 664 1053 698 disserendi
1078 666 1187 698 vocat
1212 664 1284 698 Cic.
1303 664 1348 698 de
1373 665 1450 699 fato
1476 665 1502 699 Ι.
1524 670 1551 699 1.

130 724 217 765 Pag.
236 722 298 758 17.
791 741 1005 743 -κ-ΫΑψῌ
1035 741 1058 743 2*
1105 741 1147 743 *ν
1177 741 1187 742 ff

132 781 160 810 1.
181 780 211 810 2.
234 776 396 820 qratiam
414 802 421 809 .
441 803 448 809 .
468 802 474 809 .
493 776 711 818 compowere]
737 777 780 809 ut
803 776 924 819 poetae
950 775 1160 817 saeculares,
1194 786 1275 818 quae
1301 786 1375 810 11011
1406 778 1493 810 sunt
1515 777 1552 810 in
1579 776 1651 810 fide
1677 777 1788 811 zelosi
1813 778 1851 810 et

220 831 440 865 illuminati:
467 831 511 865 cf.
529 831 626 864 infra
648 842 684 874 p.
703 834 756 864 58.

130 892 145 921 1
174 886 435 931 Syllogismus,
462 886 697 920 ratiocinatio
722 898 746 920 s.
766 887 1042 931 argumentatio
1067 888 1215 920 constat
1238 897 1282 921 ex
1305 887 1558 931 propositione
1583 889 1769 931 (maiore),
1796 900 1849 922 as-

218 943 428 987 sumptione
444 942 614 985 (minore)
632 942 670 975 et
688 942 944 986 complexione
963 942 1039 976 sive
1058 942 1303 976 conclusione.
1323 942 1547 985 (Marcianus
1562 943 1720 988 Cap.lV.
1739 947 1758 985 ξ
1773 948 1849 978 406.

222 998 325 1042 „Hoc
342 1000 474 1039 totum,
502 998 601 1041 quod
620 998 765 1032 constat
783 1009 827 1032 ex
845 997 989 1032 duobus
1007 998 1163 1042 sumptis
1182 998 1220 1032 et
1235 998 1416 1041 illatione,
1437 999 1673 1033 ratiocinatio
1692 1010 1713 1033 a
1729 1000 1846 1041 nobis,

218 1066 239 1088 a
256 1054 394 1089 Graecis
412 1050 661 1098 συλλογισμὸς
680 1054 943 1098 ἃΡῙ)01131111·“.)
992 1053 1206 1099 Syllogismi
1230 1054 1408 1098 simplicis
1432 1055 1650 1100 categorici,
1677 1056 1706 1089 si
1723 1056 1848 1090 termi-

216 1121 347 1144 norum
365 1111 537 1144 naturam
555 1110 776 1154 spectamus,
795 1110 882 1151 tres,
902 1109 931 1143 si
954 1110 1001 1144 ad
1020 1110 1318 1144 enuntiationum
1335 1110 1471 1145 formas
1488 1112 1714 1155 respicimus,
1742 1113 1847 1155 quat—

216 1168 301 1200 tuor
317 1165 454 1210 figuras
471 1177 497 1199 s.
516 1166 704 1199 schemata
721 1166 900 1199 habemus
919 1166 976 1209 (cf.
992 1165 1101 1200 Arist.
1116 1166 1211 1200 anal.
1230 1167 1341 1210 prior.
1359 1167 1385 1201 I.
1407 1172 1435 1201 1.
1454 1168 1559 1211 sqq),
1580 1179 1737 1211 quarum
1755 1167 1846 1212 figu-

216 1233 339 1256 rarum
356 1221 485 1256 modos
503 1222 579 1256 sive
598 1222 828 1255 schematum
845 1222 982 1266 tropos,
1008 1223 1120 1266 prout
1136 1222 1342 1267 propositio
1360 1223 1579 1256 universalis
1597 1225 1662 1257 aut
1679 1225 1731 1267 (α)
1750 1224 1846 1257 affir-

214 1278 355 1311 mativa
379 1278 444 1311 aut
469 1279 513 1321 (e)
532 1278 726 1322 negativa,
766 1278 804 1311 et
832 1277 1068 1321 particularis
1096 1279 1161 1311 aut
1185 1279 1226 1321 (ι’)
1254 1278 1478 1312 affirmativa
1509 1280 1573 1313 aut
1599 1280 1646 1322 (οξ)
1672 1280 1848 1323 negativa

215 1335 288 1375 est,
316 1334 371 1367 his
394 1333 586 1367 vocalibus
608 1333 743 1367 litteris
768 1344 791 1366 a
817 1344 832 1366 e
857 1334 872 1366 27
895 1344 914 1367 0
938 1333 1051 1378 logici
1069 1334 1283 1379 designant,
1311 1334 1672 1379 consonantibusque
1696 1336 1715 1369 b
1740 1347 1758 1370 c
1782 1337 1806 1370 d
1829 1336 1854 1378 f

214 1389 321 1423 cuius
339 1389 466 1433 figurae
485 1389 646 1433 (primae,
665 1389 853 1431 secundae,
879 1390 999 1423 tertiae
1018 1390 1222 1433 quartaeve)
1241 1390 1330 1432 sint,
1357 1390 1533 1424 indicant.
1558 1391 1656 1424 unde
1675 1393 1760 1435 post
1778 1392 1844 1425 Pc-

213 1447 311 1478 trum
333 1444 540 1489 Hispanum
567 1445 624 1489 [cf.
642 1445 740 1479 hunc
765 1445 846 1489 art]
873 1445 928 1479 his
953 1445 1164 1479 nominibus
1188 1446 1225 1478 in
1251 1457 1377 1480 versus
1402 1446 1560 1480 redactis
1584 1446 1639 1480 uti
1664 1447 1801 1481 solent:

302 1503 480 1543 Barbara,
499 1502 688 1543 Celarent,
706 1503 824 1543 Darii,
842 1504 968 1545 Ferio,
986 1503 1217 1545 Baralipton,

303 1558 476 1590 Celantes
495 1558 706 1600 (Celames),
724 1559 886 1598 Dabitis,
904 1559 1097 1601 Fapesmo,
1114 1560 1376 1594 Frisesmorum
1395 1561 1703 1603 (Ferisesmorum)

303 1614 451 1655 Cesare,
470 1614 691 1656 Camestres,
711 1615 879 1655 FestIno,
896 1615 1051 1655 Baroco,
1069 1616 1238 1657 Darapti,

300 1670 496 1711 Felapton,
515 1670 690 1710 Disamis,
708 1671 844 1711 Datisi,
862 1671 1024 1703 Bocardo
1044 1672 1271 1714 (Brocardo),
1288 1673 1451 1705 Ferison.

211 1725 261 1758 sic
287 1724 428 1758 habent
451 1735 481 1758 e.
499 1736 552 1769 gr.
571 1724 721 1759 Hieron.
741 1724 976 1760 Savonarolae
996 1725 1266 1770 Compendium
1292 1727 1441 1772 logices.
1468 1727 1601 1762 Venet.
1622 1732 1718 1763 1534.
1736 1731 1790 1763 80.
1808 1741 1843 1772 p.

213 1782 292 1814 241³.
310 1781 349 1814 et
367 1779 519 1825 Georgii
537 1779 779 1824 Trapezuntii
799 1781 843 1815 de
863 1792 901 1815 re
921 1781 1068 1816 dialect.
1085 1781 1200 1816 libell.
1220 1794 1248 1816 o.
1267 1783 1413 1818 scholiis
1430 1784 1504 1818 Ioa.
1523 1784 1757 1829 Noviomagi.
1777 1784 1841 1819 Co-

209 1837 283 1872 lon.
305 1840 403 1871 1545.
422 1840 474 1870 8⁰.
492 1848 527 1880 p.
545 1835 600 1870 F4
612 1838 638 1878 b,
659 1837 696 1870 et
713 1836 787 1871 loa.
807 1836 955 1872 Caesarii
973 1837 1180 1872 dialectica.
1198 1837 1315 1883 Lugd.
1337 1843 1432 1874 1556.
1451 1843 1498 1874 8¹¹.
1516 1852 1550 1884 p.
1571 1844 1662 1883 149„
1681 1840 1745 1874 ubi
1764 1841 1843 1874 Dr(-

209 1893 311 1935 raptz'
334 1892 539 1935 omittitur,
574 1893 637 1936 qui
661 1894 788 1928 tamen
812 1894 943 1928 modus
967 1906 1001 1938 p.
1022 1898 1096 1928 154.
1115 1895 1331 1938 explicatur.
1381 1895 1453 1929 Sed
1477 1896 1551 1930 iam
1574 1895 1839 1930 Melanchthon

211 1947 446 1992 (Dialectica.
464 1948 646 1983 Wittenb.
666 1953 762 1983 1520.
780 1954 826 1983 4⁰.
844 1962 878 1994 p.
897 1949 946 1983 Ei
950 1949 990 1994 j)
1016 1950 1061 1984 de
1085 1950 1214 1994 primae
1233 1950 1361 1995 figurae
1385 1952 1651 1996 posterioribus
1677 1952 1841 1995 quinque

208 2004 328 2038 modis
352 2005 402 2039 sic
425 2005 588 2049 scripsit:
616 2005 836 2047 „adduntur
858 2006 958 2040 modi
982 2005 1219 2050 Bai-alipton,
1248 2005 1435 2049 Celantes,
1461 2007 1615 2041 Dabitis.
1640 2018 1660 2041 o
1685 2008 1842 2041 insulsos

208 2060 376 2094 homines
402 2061 465 2104 qui
490 2062 671 2105 putarunt
695 2061 839 2105 uspiam
865 2073 972 2095 usum
991 2072 1068 2095 esse
1092 2062 1336 2096 conclusionis
1353 2062 1545 2097 indirectae
1564 2074 1675 2107 quam
1694 2064 1838 2097 vocant.

215 2143 222 2149 .
239 2143 245 2150 .
261 2143 267 2149 .
282 2143 290 2151 .
311 2117 358 2150 ad
383 2116 565 2160 sophistas
588 2116 667 2150 haec
685 2117 839 2162 nugalia
855 2119 1056 2161 pertinent,
1084 2119 1147 2162 qui
1165 2119 1216 2152 sic
1235 2118 1432 2153 dialectica
1447 2120 1627 2161 tractant,
1654 2120 1696 2153 ut
1713 2130 1839 2153 eornm

208 2183 314 2205 usum
339 2173 489 2216 penitus
510 2173 720 2217 ignorent.“
768 2173 920 2207 Rectius
943 2173 1070 2217 itaque
1094 2174 1158 2207 ubi
1182 2176 1359 2218 quattuor
1376 2174 1503 2219 figurae
1529 2176 1759 2217 statuuntur,
1785 2175 1841 2209 his

209 2228 375 2262 versibus
402 2229 661 2273 exprimuntur
685 2229 804 2263 modi:

476 2287 652 2328 Barbara,
671 2287 843 2320 Celarent
860 2290 995 2330 primae,
1014 2289 1117 2321 Darii
1133 2288 1326 2332 Ferioque‚·

476 2343 625 2385 Casare,
645 2344 870 2385 Camcstres,
888 2345 1056 2385 Festino,
1073 2346 1213 2378 Baroco
1231 2347 1407 2381 secunda&

480 2400 596 2432 Tertia
611 2402 742 2442 yrande
759 2412 884 2433 sonans
899 2403 1022 2433 recitat
1039 2402 1209 2444 Darapti,
1227 2403 1422 2445 Felapton,

474 2456 648 2496 Disamis,
666 2457 804 2497 Datisi,
829 2457 1007 2498 Bocardo,
1024 2458 1193 2500 Ferison3
1214 2463 1346 2501 quartae

473 2518 549 2545 sunt
567 2513 747 2555 Bamalip,
765 2512 948 2555 Calemes,
965 2514 1138 2555 Dimatis,
1155 2515 1311 2557 Fesapo,
1329 2515 1510 2548 Fresison.

208 2565 342 2609 quibus
366 2566 604 2611 undeviginti
628 2567 747 2601 modis
771 2567 801 2601 si
825 2568 891 2601 hos
916 2568 1080 2612 quinque
1105 2568 1344 2613 imperfectos
1369 2568 1473 2602 addis

476 2625 642 2665 Barbari,
660 2624 844 2665 Celaront3
864 2625 1014 2665 Cesaro,
1033 2626 1253 2665 Cainestros3
1274 2626 1449 2665 Calcmos,

207 2677 362 2721 singulae
380 2677 508 2722 figurae
532 2689 638 2712 senos
655 2689 740 2712 suos
762 2679 890 2713 modos
913 2679 1116 2713 habebunt.
1166 2679 1255 2713 Haec
1281 2679 1395 2713 fusius
1419 2680 1585 2713 tractant
1607 2680 1736 2725 logicae
1763 2692 1837 2715 ma-

207 2733 323 2777 gistri,
350 2743 416 2767 nos
441 2744 520 2767 rem
545 2734 748 2779 tetigimus,
776 2735 864 2778 quia
889 2734 1022 2778 saepius
1047 2734 1202 2768 Obscuri
1226 2735 1342 2769 nostri
1368 2735 1525 2769 eandem
1550 2735 1769 2780 tetigerunt.

117 2793 136 2822 2
162 2789 368 2832 latz‘mfsare]
395 2788 526 2823 Latine
553 2790 712 2823 scribere
738 2801 766 2823 s.
784 2790 898 2834 loqui,
925 2790 1023 2824 unde
1042 2790 1261 2833 latinisator,
1288 2791 1490 2825 latinisatio
1510 2792 1570 2825 &c
1611 2791 1836 2826 ‘Latinizarc

205 2845 227 2878 i.
253 2855 355 2879 more
387 2845 587 2879 latinorum
620 2856 657 2879 se
690 2845 828 2880 habere
862 2845 922 2879 vel
953 2845 1072 2889 loqui,
1107 2846 1203 2880 latin
1234 2847 1355 2881 reden.
1388 2846 1630 2890 Laticinium,
1665 2848 1837 2882 latini-sela

205 2901 373 2944 sprachf‘
413 2900 571 2935 Gemma
594 2913 629 2946 g.

161 2957 307 2994 dictam,
327 2957 450 3000 comp]
477 2957 522 2991 cf.
541 2957 587 2990 ad
613 2959 678 2991 63⁷.

116 3016 136 3046 3
161 3013 319 3056 imposwt
342 3024 405 3047 un.
425 3014 619 3058 collectam]
645 3014 732 3047 iussi
751 3014 831 3048 ficri
849 3014 1167 3058 elcemosynarum
1188 3016 1456 3059 collectionem,
1482 3017 1649 3060 patinam
1667 3018 1704 3050 in
1723 3028 1833 3061 quam
