2119 3522
220 167 315 213 822
602 182 767 206 ADDENDA
790 183 832 203 ET
856 180 1067 204 EMENDANDA
1094 179 1139 202 AD
1164 181 1265 203 HVTT.
1284 181 1355 202 01‘1‘.
1381 180 1535 202 VOL.V11.

306 298 399 329 bene
423 299 554 328 vertat.
577 294 580 332 l
607 296 670 326 Die
694 294 871 326 Riickseite
897 295 956 325 des
979 295 1159 326 vorletzten
1184 295 1251 325 und
1276 294 1330 325 die
1353 294 1570 325 Vordersez'ce
1595 294 1655 325 des
1679 295 1798 325 lelzlen
1824 293 1919 325 Blat-

307 358 355 384 tes
376 352 454 391 fizllt
478 352 540 382 das
563 340 636 382 hier
657 354 756 384 umen
771 347 804 389 >1”·)
828 349 1041 381 wiederlzolte
1067 348 1230 381 Carmen.

305 478 340 520 ³³²)
366 475 399 513 (ἶ
414 479 469 510 Ad
494 478 773 510 literatissimum
797 476 878 509 virfi
896 477 1085 521 Hugonem
1109 475 1297 510 viturelllfi
1319 479 1386 516 [sic]
1413 478 1579 509 Textoris
1606 475 1763 509 Carmen
1787 476 1830 509 de
1855 477 1921 508 mi-

305 534 394 567 seria
418 533 634 565 Aulicorum.
663 533 666 573 Ι

505 588 606 621 Scire
634 590 752 631 cupis,
779 591 933 630 quantas
957 588 1102 620 habitet
1125 587 1300 620 Viturelle
1325 588 1513 628 tenebras,

573 644 641 676 Cui
666 644 789 686 placet
813 645 1010 676 innumeris
1034 644 1128 676 Aula
1153 644 1290 676 referta
1313 643 1443 675 malis?
1506 642 1510 644 “

505 699 658 731 Stultior
680 699 748 740 est,
777 697 807 744 ζ
827 701 890 741 qui
914 700 1107 742 Scythicas
1132 702 1296 742 raptatur
1322 700 1367 731 ad.
1392 710 1491 740 aras,

570 756 690 787 Exuat
713 759 752 787 vt
775 759 900 788 tomas
923 756 1084 797 pectoris
1109 755 1337 789 Eumenides,

503 811 576 842 Nec
601 813 740 843 tantum
764 815 901 852 portat,
927 815 1097 854 quantum
1125 811 1277 843 formica
1302 811 1454 843 cerebri.

571 866 678 898 Illum
702 867 850 909 Dedalii
873 868 1030 899 carceris
1057 866 1141 899 aula
1166 870 1276 899 tenet.

507 922 657 954 victitat
682 926 717 954 et
741 923 846 963 lolio,
873 923 1021 965 dignus,
1051 923 1112 965 qui
1136 925 1292 967 gutture
1308 925 1420 954 totum

572 977 784 1011 Nascentem
808 979 980 1022 Anticyre
1005 978 1146 1010 sorbeat
1169 977 1402 1010 helleborum.

503 1033 558 1065 Na
581 1037 668 1075 quot
693 1034 804 1066 habet
828 1034 991 1075 fraudes,
1020 1038 1105 1076 quot
1130 1034 1243 1066 habet
1266 1034 1345 1066 vita
1371 1032 1490 1065 aulica
1513 1044 1603 1064 mor-

551 1091 622 1121 'l'ot
647 1094 734 1131 quot
759 1101 847 1122 aues
873 1101 953 1130 aer,
982 1093 1066 1132 quot
1090 1101 1186 1122 mare
1211 1089 1330 1122 voluit
1355 1098 1480 1130 aquas.
1530 1089 1632 1129 (bost)

503 1146 555 1177 Te
581 1156 626 1177 ne
651 1149 796 1178 mouent
819 1147 940 1189 tunice
964 1146 1110 1187 molles,
1141 1145 1326 1188 pulchreq3
1353 1146 1504 1187 catene'!

569 1202 640 1232 Aut
663 1202 722 1242 qui
749 1202 853 1234 frena
878 1202 982 1234 ferox
1006 1212 1119 1234 aurea
1145 1201 1282 1233 mordet
1307 1202 1446 1241 equus?

503 1257 582 1289 Non
607 1256 760 1289 moueat.
808 1258 897 1299 Neq3
924 1261 963 1288 tu
986 1257 1125 1299 byssum
1149 1258 1298 1297 mirare,
1325 1267 1393 1288 nec
1419 1256 1567 1296 ostrum,

570 1313 674 1344 Atria
698 1323 766 1344 nec
790 1314 898 1354 pictis
922 1314 1031 1356 plena
1060 1313 1291 1346 satellitibus.

503 1370 576 1401 Ista
602 1368 744 1410 quidem
769 1369 897 1401 ludunt
921 1372 1076 1409 animos,
1103 1374 1140 1401 et
1166 1368 1322 1411 agrestia
1348 1369 1474 1408 corda,

569 1425 705 1467 Fucate
731 1428 767 1457 et
791 1425 947 1467 speciem
972 1426 1219 1468 prosperitatis
1244 1424 1391 1458 habent,

504 1480 574 1512 Sed
600 1481 714 1512 veluti
739 1481 890 1513 coluber
914 1481 1066 1522 pulchra
1092 1481 1270 1523 quandoq3
1300 1480 1360 1511 sub
1386 1480 1496 1512 herba

569 1536 726 1576 Dormit,
757 1540 793 1568 et
816 1537 853 1567 in
878 1537 987 1568 viridi
1012 1538 1138 1578 vipera
1163 1546 1288 1567 maura
1312 1535 1403 1575 solo,

502 1592 575 1623 Sub
601 1591 706 1632 b’ysso
731 1593 870 1633 pariter
894 1592 1011 1635 molli,
1045 1593 1104 1624 sub
1131 1596 1274 1633 torque,
1302 1592 1362 1623 sub
1389 1601 1495 1631 auro,

569 1646 639 1679 Sub
664 1647 738 1680 lino
763 1652 798 1680 et
823 1649 969 1690 gemmis
993 1648 1112 1680 vlcera
1137 1647 1250 1678 multa
1275 1647 1403 1679 latent.

500 1703 564 1735 Vis
589 1702 731 1734 dicam?
770 1704 915 1736 Patitur
939 1704 1036 1735 mala
1061 1703 1217 1744 plurima
1243 1713 1374 1735 curuus
1400 1705 1540 1741 arator,

568 1759 683 1798 Quum
709 1758 829 1801 gelido
855 1759 970 1791 nudus
996 1759 1056 1791 sub
1080 1759 1168 1791 Ioue
1194 1759 1324 1790 dormit
1348 1759 1456 1790 humi.

501 1815 621 1846 Nauta
646 1815 767 1857 agitur
791 1816 928 1853 ventis,
956 1814 1145 1857 scopulisq3
1172 1814 1361 1856 Capharea
1385 1815 1545 1855 plenum,

567 1872 647 1911 Atq;
674 1874 754 1902 tuas
780 1871 908 1903 metuit
932 1874 1038 1902 torua
1063 1871 1269 1913 Charybdis
1294 1881 1420 1912 aquas.

500 1924 692 1958 'l‘ractzites
717 1926 916 1968 Chalybem
941 1927 1048 1959 lassat
1071 1937 1179 1968 poena
1202 1926 1367 1968 improba
1392 1925 1534 1966 fabros,

567 1982 682 2020 Quum
708 1982 795 2014 deus
819 1982 1027 2025 ignipotens
1051 1987 1224 2025 preparat
1249 1993 1349 2014 arma
1373 1982 1462 2014 Ioui.
1483 1981 1495 2023 ΙΙ

501 2038 538 2068 Si
565 2041 685 2069 tamen
711 2037 840 2070 electis
866 2039 1091 2071 incumberet
1116 2040 1213 2080 optio
1238 2039 1352 2078 votis,

567 2093 691 2125 Iudice
717 2104 773 2125 me
799 2097 996 2126 extremum
1020 2094 1175 2126 sumeret
1200 2094 1286 2126 aula
1311 2094 1437 2126 locum.

498 2149 644 2181 Mallem
670 2149 847 2182 ruricolas
874 2150 919 2182 ad
945 2154 1067 2182 aratra
1092 2160 1223 2182 vocare
1250 2152 1440 2189 iuuencos,

565 2205 719 2236 Turbari
745 2210 809 2237 aut
832 2206 951 2238 ventis
980 2217 999 2238 o
1025 2206 1197 2238 Palinure
1223 2206 1312 2246 tuis⁷

497 2261 671 2302 Voluere,
699 2264 735 2292 et
760 2262 797 2292 in
822 2261 944 2293 Sicula
970 2261 1095 2294 durum
1121 2262 1269 2294 fornace
1295 2261 1492 2301 metallum,

565 2318 612 2348 Et
637 2317 770 2348 seruire
795 2317 867 2349 tuis
893 2318 1064 2350 trinacris
1089 2321 1187 2350 aetna
1214 2318 1350 2357 fabris,

499 2373 613 2411 Quam
640 2374 739 2404 corui
764 2374 802 2404 in
826 2384 958 2406 morem
984 2373 1163 2405 scelerata
1187 2373 1312 2405 viuere
1337 2373 1374 2404 in
1400 2373 1500 2412 aula,

564 2429 636 2459 Hic
661 2428 721 2459 vbi
745 2429 874 2460 virtuti
899 2428 1018 2460 nullus
1042 2429 1198 2460 habetur
1222 2429 1346 2460 honos.

500 2484 593 2525 Ergo
619 2484 701 2526 quid
726 2484 784 2516 hic
809 2485 952 2527 agitur?
992 2485 1126 2516 Veneri
1150 2485 1295 2527 genioq3
1322 2489 1484 2519 vacatur.

565 2541 742 2572 Percacat
765 2541 825 2572 hic
849 2540 983 2579 lectos,
1010 2540 1070 2572 hio
1094 2541 1208 2572 vomit
1230 2541 1267 2572 in
1292 2538 1467 2582 pateram.

496 2596 681 2628 Inmundis
706 2596 800 2628 alter
825 2596 983 2628 scabiem
1010 2596 1120 2628 fricat
1143 2597 1343 2638 vnguibus,
1370 2597 1462 2629 alter

564 2652 693 2684 Somno
719 2652 902 2684 stertentis
927 2651 1023 2693 pedit
1047 2652 1084 2683 in
1110 2663 1148 2684 os
1174 2652 1272 2685 socii.

493 2708 664 2749 Implicat
688 2708 747 2740 hic
773 2708 896 2739 furtim
922 2707 1069 2740 saniosis
1098 2709 1224 2740 vleera
1250 2709 1395 2750 pannis,

561 2764 633 2795 Hic
658 2763 842 2795 immunda
865 2763 994 2803 refert,
1021 2763 1081 2795 hic
1106 2764 1294 2796 inhonesta
1319 2765 1421 2798 facit.

494 2820 565 2851 Hic
591 2819 718 2851 calidis
742 2819 881 2851 hircum
907 2819 1092 2851 foetentem
1116 2820 1233 2861 pascit
1260 2821 1297 2851 in
1323 2820 1411 2860 alis,

561 2875 629 2908 Ille
655 2874 735 2907 suas
758 2885 930 2916 veneres,
956 2875 1199 2916 concubitusq3
1226 2876 1349 2908 refert.

495 2930 565 2963 Sed
590 2931 676 2972 quid
701 2932 793 2972 ago‘?
817 2931 872 2963 his
898 2931 1020 2964 verbis
1045 2930 1210 2962 nubescit
1233 2931 1390 2972 pallidus
1417 2942 1497 2971 aer,

561 2987 608 3018 Et
632 2987 704 3018 iam
729 2996 798 3019 nox
822 2986 981 3019 tenebris
1005 2986 1116 3029 surgit
1142 2987 1277 3018 amicta
1302 2991 1420 3029 caput.
