2119 3522
652 212 907 235 ROTBVRGENSIS
932 228 939 235 .
955 228 961 235 .
978 228 984 235 .
1010 213 1144 236 ROTGER
1174 213 1354 236 SICAMBER.
1763 198 1858 242 461

149 327 344 365 coenobio
365 326 581 378 Heynensi
599 327 914 365 wormaciensis
947 328 1176 375 dioeceseos,
1209 329 1282 367 sub
1304 329 1582 369 Maximiliano
1613 344 1721 381 rege,
1754 344 1862 368 anno

149 381 216 420 dfii
247 396 325 433 quo
356 383 442 421 haec
471 383 693 428 scribimus,
729 383 849 420 1495.
873 384 1123 422 indicatione
1143 386 1264 422 X111.“
1312 385 1374 424 Cf.
1399 387 1573 425 eundem
1593 387 1863 425 Trithemium

148 439 198 477 de
229 439 455 490 scriptorib.
479 435 795 484 ecelesiasticis⁴,
831 445 870 476 et
898 439 1018 476 huius
1050 452 1138 490 quae
1169 454 1252 478 non
1283 455 1420 492 paucae
1450 449 1670 493 supersunt
1701 443 1752 481 ad
1782 443 1862 481 Ro-

147 495 302 544 gerium
331 495 563 545 Rogerique
595 494 647 532 ad
676 494 945 531 Trithemium
977 496 1188 545 epistolas,
1222 497 1263 533 in
1295 510 1463 547 quarum
1495 500 1635 545 unius,
1677 514 1712 537 a.
1740 500 1861 537 1506.

147 551 263 598 datae,
287 551 551 601 inscriptione
574 556 633 588 est
655 550 872 600 ‘Rogerius
891 550 1113 602 Sycamber
1135 553 1352 590 canonicus
1375 554 1599 592 claustralis
1621 556 1662 592 in
1679 555 1860 604 Hegen’,

145 607 187 644 in
218 607 400 653 alterius,
435 620 470 644 a.
496 607 617 644 1507.
641 606 819 656 scriptae,
852 606 1049 657 ‘Rogerio
1079 607 1300 658 Sycambro
1337 610 1579 648 Dumetensi
1610 609 1860 649 eanonico’⁵.

143 662 262 700 Idem
293 668 352 700 est
381 662 612 712 Rudigerus
653 663 890 709 canonicus,
934 663 1004 713 qui
1035 664 1215 713 quamvis
1247 664 1470 703 Trithemio
1511 667 1859 713 familiarissimus,

145 718 440 769 Wimphelingi
470 718 653 756 libellum
677 719 726 756 de
757 719 990 769 integritate
1013 733 1049 756 a.
1075 720 1196 756 1505.
1219 721 1390 770 primum
1423 722 1575 760 editum
1606 723 1759 761 calculo
1790 736 1861 760 suo

145 774 421 825 comprobavit
460 775 645 825 epistolio
678 775 858 825 repetitae
892 774 1062 812 editioni
1094 774 1295 823 adiecto⁶‚
1328 778 1437 827 quod
1469 792 1558 816 cum
1587 779 1639 816 ad
1671 780 1788 829 epist.
1812 778 1859 818 O.

143 831 194 868 V.
216 830 272 868 II.
296 832 347 868 36
372 827 495 880 [App.
522 826 575 882 1.]
602 830 885 880 explicandam
916 831 1131 881 pertineat,
1165 837 1285 882 atque
1317 833 1417 871 illud
1441 835 1668 885 exemplum
1697 849 1861 886 perraro

141 886 283 925 haberi
314 887 450 938 possit,
483 887 787 937 transcripsisse
818 886 994 925 iuvabit:

679 962 884 1004 Rudigerus
907 964 1202 1007 Vuimphelingo.
1226 965 1261 999 S.
1280 967 1323 998 D.

144 1024 176 1064 q
193 1020 328 1052 Venias
354 1019 499 1051 obsecro
526 1018 572 1050 ad
597 1028 662 1050 nos
690 1018 891 1051 dulcissime
916 1020 1047 1053 Iacobe
1064 1031 1072 1052 :
1089 1021 1312 1063 gratissimus
1329 1021 1331 1063 Ι
1350 1022 1420 1054 eris
1445 1023 1611 1055 omnibus
1628 1024 1779 1066 hospes:
1795 1025 1863 1056 Tu-

141 1081 200 1109 tus
233 1075 304 1107 eris
335 1076 380 1107 ab
413 1074 552 1115 insidijs
584 1073 744 1106 emulord
772 1075 935 1115 tuojrum.
983 1076 1180 1109 Auditurus
1207 1088 1244 1109 es
1270 1076 1342 1110 vnfi
1375 1089 1417 1110 ex
1444 1077 1687 1112 Cocanonicis
1712 1080 1862 1113 nostris!

142 1132 203 1173 qui
229 1132 296 1163 tibi
319 1130 324 1172 Ι
351 1131 396 1162 ad
422 1128 528 1162 oculu
553 1130 831 1163 demonstrabit!
864 1132 1043 1164 sermones
1068 1133 1154 1165 istos
1181 1133 1226 1165 ad
1251 1134 1447 1177 heremitas
1473 1136 1534 1177 qui
1560 1135 1564 1178 Ι
1593 1136 1715 1168 sancto
1740 1136 1862 1178 Augu-

142 1187 232 1219 stino
269 1185 488 1219 inscribfitur
526 1186 677 1218 alterius
715 1186 806 1222 esses
840 1187 886 1221 nd
915 1188 1016 1220 illius
1045 1187 1265 1230 Auzlgustini
1287 1201 1294 1221 :
1317 1191 1377 1232 qui
1408 1201 1498 1223 vnus
1531 1202 1575 1223 ex
1607 1196 1777 1233 quattuor
1810 1192 1861 1224 est

142 1243 265 1275 eccl'ie
293 1242 562 1274 cardinalibuSJ
589 1245 668 1284 atq3
689 1241 694 1284 Ι
715 1242 891 1285 colfipnis.
940 1244 1071 1276 Cetera
1094 1245 1337 1278 intelleximus
1363 1246 1567 1279 doctissimi]
1590 1245 1674 1279 dfim
1698 1247 1836 1280 Thomzi
1856 1248 1858 1289 Ι

139 1297 278 1342 phedra'i
306 1297 496 1330 canoniefi.
516 1297 551 1332 S.
570 1299 620 1333 Io.
640 1298 844 1332 lateranen.
860 1299 1130 1340 byblioteearifi
1153 1312 1247 1344 pape
1272 1314 1293 1343 p
1321 1302 1326 1344 Ι
1355 1300 1414 1334 oia
1439 1301 1523 1335 tecti
1553 1303 1683 1335 sentire
1701 1314 1708 1334 :
1725 1304 1800 1345 idq3
1826 1305 1862 1335 in

141 1354 278 1387 abditis
310 1354 518 1396 bybliotece
551 1354 703 1396 reppisse
736 1355 829 1396 quod
857 1355 861 1397 Ι
889 1367 910 1387 a
936 1360 970 1388 te
996 1356 1039 1388 de
1072 1357 1290 1390 sanctissimo
1322 1357 1384 1400 pfe
1411 1357 1474 1391 n?0
1499 1359 1698 1402 Augustino
1730 1359 1864 1402 scriptu

140 1411 202 1443 cst.
250 1411 303 1443 Ne
328 1410 396 1452 sis}
421 1404 492 1453 igit
519 1411 637 1443 animo
665 1408 911 1443 costernatus:
928 1412 989 1444 sed
1014 1412 1058 1444 ad
1086 1423 1149 1444 nos
1173 1415 1388 1454 quantocius
1415 1415 1558 1447 aduola.
1606 1416 1661 1446 Ex
1684 1416 1861 1448 Dumetis.

139 1480 225 1518 Nec
247 1480 509 1530 praeterierim
533 1479 680 1517 Celtim
702 1481 846 1518 litteris
869 1495 905 1518 a.
931 1482 1050 1519 1499.
1076 1482 1180 1520 datis
1200 1483 1431 1533 Rutghero,
1463 1483 1697 1535 Sycambro,
1732 1484 1860 1535 Spon-

138 1536 279 1582 hemii,
320 1536 525 1574 testificari
566 1536 733 1586 dignum
776 1550 866 1575 eum
899 1550 985 1574 esse
1017 1539 1085 1588 qui
1117 1540 1334 1576 amicorum
1366 1546 1405 1577 et
1435 1540 1637 1578 sodalium
1668 1540 1759 1578 albo
1792 1541 1860 1578 ad—

138 1592 354 1639 scribatur,
397 1605 569 1642 eumque
600 1593 766 1631 laudare
798 1607 821 1630 a
851 1593 985 1631 studio
1017 1594 1259 1641 litterarum,
1294 1597 1499 1646 praecipuo
1531 1597 1626 1634 artis
1658 1596 1860 1647 poeticae⁷.

138 1649 314 1686 Ioannes
345 1648 638 1687 Piemontanus
670 1650 712 1686 in
734 1649 821 1687 MS.
843 1650 1038 1687 Auctario
1070 1664 1165 1688 sorr.
1189 1652 1498 1690 ecelesiasticor.
1521 1653 1590 1691 fol.
1609 1654 1666 1692 4³.
1681 1650 1803 1691 ..6¹'.:

139 1726 351 1767 „Rutgerus
387 1726 431 1757 de
462 1726 609 1766 Venray
641 1727 788 1758 natione
825 1727 1035 1758 teutonicus
1073 1728 1194 1769 patria
1229 1727 1406 1760 sicamber
1437 1730 1572 1762 ordinis
1605 1731 1859 1762 canonicorum

136 1782 357 1823 regularium
389 1783 508 1814 sancti
533 1782 731 1824 Augustini
763 1781 978 1823 monasterij
1004 1783 1237 1815 Dumetensis
1269 1784 1364 1826 quod
1394 1796 1464 1817 non
1495 1785 1602 1828 longe
1630 1786 1675 1818 ab
1703 1787 1859 1828 wangio-

138 1847 219 1868 num
245 1837 495 1885 vrbehdistans
521 1838 723 1880 vulgariter
748 1838 943 1881 Heynigen
968 1843 1196 1881 nuncupatur
1221 1841 1276 1872 vir
1301 1842 1337 1872 in
1364 1841 1497 1874 diuinis
1530 1841 1714 1885 scripturis
1741 1843 1860 1874 admo-

137 1893 218 1925 dum
245 1893 422 1926 studiosus
448 1895 670 1927 exercitatus
698 1899 733 1926 et
758 1895 794 1926 in
821 1894 1035 1927 secularium
1063 1896 1265 1928 litterarum
1291 1897 1492 1940 disciplinis
1511 1899 1659 1940 iugenio
1677 1898 1861 1930 excellens

138 1949 274 1982 subtilis
301 1953 336 1982 et
363 1954 490 1982 acutus
517 1950 676 1983 sermone
708 1950 886 1982 facundus
914 1954 1021 1993 atque
1055 1951 1206 1984 disertus
1232 1953 1309 1985 vita
1336 1957 1371 1985 et
1396 1956 1677 1987 conuersacione
1705 1955 1860 1997 singula—

137 2007 223 2037 riter
248 2006 401 2038 deuotus
427 2010 542 2038 metro
567 2007 744 2049 prosaque
770 2007 912 2049 pollens
938 2008 1176 2049 ingenuorum
1202 2009 1396 2041 studiorum
1422 2014 1562 2042 amator
1586 2010 1860 2043 ardentissimus

139 2062 327 2104 cultorque
352 2064 546 2105 precipuus
575 2067 610 2094 et
634 2063 729 2094 hunc
755 2063 951 2094 Tritemius
976 2064 1094 2096 noster
1120 2066 1156 2095 in
1185 2068 1339 2106 vtroque
1366 2066 1559 2108 cathalogo
1586 2067 1644 2099 suo
1671 2077 1750 2099 cum
1776 2078 1861 2109 pau·

137 2119 187 2149 eis
221 2118 436 2159 quibusdam
469 2119 656 2161 opusculis
689 2129 758 2160 que
792 2122 877 2150 tunc
912 2119 1076 2151 ediderat
1105 2122 1298 2152 annotauit
1323 2131 1428 2162 quem
1456 2125 1492 2153 et
1518 2133 1584 2164 ego
1610 2127 1684 2154 tum
1710 2123 1754 2156 ob
1781 2124 1859 2165 plu-

138 2175 228 2206 rima
254 2185 296 2207 ae
322 2185 414 2216 pene
440 2174 585 2206 infinita
616 2174 691 2206 alia
718 2175 794 2206 eius
821 2175 996 2217 opuscula
1022 2176 1068 2207 ab
1095 2176 1218 2208 eodem
1246 2177 1446 2210 studiosius
1473 2178 1690 2211 elucubrata
1716 2183 1788 2211 tum
1815 2181 1859 2212 ob

138 2230 361 2272 singularem
391 2232 506 2273 ipsius
539 2241 625 2273 ergo
655 2231 853 2263 tritemium
885 2234 1046 2263 nostrum
1077 2232 1251 2264 amicicia
1282 2243 1352 2274 qua
1382 2233 1613 2266 familiariter
1639 2235 1673 2266 ei
1700 2235 1862 2268 afficitur

137 2286 231 2318 sicut
262 2280 439 2328 quondam
474 2286 555 2318 dum
590 2297 669 2318 eum
702 2297 781 2318 cum
813 2287 970 2320 tritemio
1002 2287 1190 2320 visitarem
1217 2289 1467 2331 experimento
1493 2290 1604 2322 didici
1628 2292 1713 2324 hinc
1738 2296 1860 2325 nostre

137 2344 294 2384 prostesi
318 2343 480 2375 inserere
506 2353 577 2375 non
603 2342 790 2384 indignum
816 2343 980 2375 indicaui
1005 2344 1159 2376 Afficior
1182 2348 1220 2377 et
1246 2355 1312 2387 ego
1338 2346 1370 2377 ei
1395 2346 1489 2387 quod
1516 2346 1708 2388 plurimum
1735 2359 1776 2380 ac
1800 2359 1859 2380 ve-

139 2398 327 2431 hementer
361 2399 474 2441 diligo
506 2402 700 2442 propterea
731 2398 790 2431 vel
822 2400 977 2431 maxime
1017 2401 1114 2442 quod
1152 2405 1226 2433 tam
1259 2401 1383 2434 sedulo
1417 2402 1648 2445 feruentique
1682 2404 1861 2437 scribendi

139 2454 253 2487 studio
284 2455 434 2495 interea¹
456 2456 630 2497 temporis
661 2455 826 2497 exemplo
859 2455 1076 2498 hortatuque
1108 2458 1223 2490 nostri
1254 2458 1406 2490 tritemii
1437 2464 1656 2500 prouocatus
1682 2460 1861 2493 insudauit

140 2511 297 2553 Scripsit
322 2512 416 2543 enim
442 2512 565 2544 varias
590 2512 763 2544 materias
791 2513 1042 2554 cogitaciones
1069 2512 1148 2546 suas
1175 2514 1390 2555 simpliciter
1415 2518 1450 2546 et
1474 2515 1669 2548 manifeste
1696 2516 1775 2548 stilo
1801 2516 1860 2548 de«

141 2567 292 2608 signans
318 2568 469 2609 cupiens
494 2567 701 2609 legentibus
726 2569 845 2610 magis
869 2568 1011 2600 Vtiliter
1036 2569 1209 2611 prodesse
1236 2581 1343 2611 quam
1367 2571 1527 2602 inaniter
1551 2571 1699 2612 placere
1725 2573 1861 2614 potius-

142 2632 208 2663 que
236 2626 412 2664 exoptans
437 2634 458 2655 a
484 2623 711 2665 simplicibus
729 2624 886 2665 intelligi
905 2634 1009 2666 quam
1033 2635 1054 2656 a
1073 2626 1227 2657 curiosis
1246 2626 1489 2658 commendari
1531 2627 1605 2659 Nec
1622 2626 1732 2659 solum
1750 2639 1861 2670 prosa

141 2678 204 2710 sed
230 2681 267 2709 et
290 2677 413 2710 multis
438 2683 632 2711 metrorum
658 2680 853 2721 generibus
880 2679 1068 2712 oblectare
1087 2681 1166 2712 suos
1186 2684 1339 2713 conatus
1359 2682 1410 2714 est
1428 2682 1583 2715 lectores
1620 2684 1710 2715 Nam
1730 2685 1759 2715 si
1780 2695 1860 2726 par-

140 2744 206 2765 uos
223 2743 349 2766 versus
369 2744 447 2765 cum
466 2735 664 2767 maioribus
681 2739 854 2777 supputes
872 2745 997 2767 manes
1016 2738 1084 2774 [sic]
1104 2737 1218 2769 ferme
1242 2740 1384 2769 centum
1407 2738 1509 2770 milia
1526 2749 1693 2771 versuum
1713 2740 1860 2783 dempta

142 2800 250 2832 prosa
282 2800 351 2831 que
383 2791 420 2822 in
451 2790 560 2833 duplo
591 2791 649 2824 vel
679 2791 717 2822 in
748 2791 856 2833 triplo
888 2792 1129 2833 quantitatem
1163 2793 1306 2825 excedit
1332 2804 1563 2826 camenarum
1590 2805 1738 2837 quorum
1765 2798 1859 2828 enim

231 2925 266 2967 4)
290 2936 374 2968 pag.
392 2926 469 2958 394.
488 2935 543 2967 sq.
686 2927 720 2968 5)
746 2926 939 2958 Trithemii
964 2926 1054 2969 Opp.
1088 2927 1145 2959 Ff.
1165 2928 1262 2962 1601.
1287 2927 1350 2964 fol.
1373 2932 1470 2971 part.
1489 2931 1535 2962 II.
1560 2942 1669 2974 pagg.
1688 2932 1763 2964 523.
1783 2934 1859 2965 537.

233 2980 268 3022 6)
294 2991 377 3024 pag.
398 2981 495 3023 Giiij
531 2981 704 3025 exempli,
743 2982 839 3024 quod
871 2983 909 3015 in
939 2981 1073 3016 Comm.
1094 2983 1138 3015 ad
1164 2994 1198 3026 p.
1217 2984 1318 3016 286Η
1351 2987 1559 3019 accuratius
1590 2987 1860 3030 descripsimus

233 3037 268 3078 7)
293 3037 339 3070 cf.
357 3037 537 3080 Kliipfelii
556 3037 671 3070 Celtis
693 3038 739 3072 II.
757 3049 791 3080 p.
811 3039 883 3070 154.
