2119 3522
229 260 301 281 EPP.
315 257 356 281 30.
371 257 411 281 31.
438 258 507 282 10A.
525 258 823 282 SCHNARHOLTZIVS
839 260 997 283 ORTVINO.
1016 272 1058 276 —
1075 260 1340 283 WILLIBRORDVS
1356 260 1471 282 NICETI
1488 260 1619 282 COLPIO.
1723 240 1819 286 587

105 318 190 359 Pag.
208 316 274 353 45.
1226 318 1312 358 Pag.
1326 319 1378 349 44.
1398 329 1427 350 v.
1441 325 1473 350 22
1492 343 1498 350 .
1515 343 1522 350 .
1537 343 1544 349 .
1562 319 1648 359 Pag.
1662 319 1716 350 46.
1735 328 1765 350 v,
1780 325 1821 350 19.

197 370 338 412 animo,
372 371 601 412 humaniter,
634 371 770 414 passim
802 371 962 404 occurrit
992 371 1091 415 apud
1122 371 1318 415 scriptores
1348 371 1699 406 barbaro-latinos’.
1747 371 1822 405 Du-

196 437 322 470 cange.
371 426 477 460 Zelus
495 427 594 471 apud
611 426 764 460 Nostros
781 437 927 470 semper
951 427 989 460 in
1012 427 1149 461 bonam
1174 428 1320 471 partem
1345 427 1513 469 sumitur,
1535 427 1820 470 Glaubenseifer.

195 482 237 515 In
253 481 502 516 Vocabulario
526 482 803 526 predicatorum
828 494 852 515 s.
872 482 1074 526 Variloquo
1100 483 1156 517 est
1182 482 1301 516 ‘zelus
1325 486 1389 527 yut
1413 483 1634 518 strenekhait
1651 484 1719 518 das
1742 484 1822 518 ubel

195 547 240 572 zu
269 539 449 581 straffen‘.
498 538 542 571 cf.
561 537 730 572 Diefenb.
752 537 908 572 Glossar.
926 538 961 571 h.
980 550 1012 580 v.

105 598 147 629 32
172 594 329 628 tubalem
352 593 438 637 voe]
463 594 813 636 Possmnenstz'mme,
840 605 969 628 vocem
1000 595 1116 628 instar
1140 594 1248 628 tubae.
1288 595 1329 628 In
1354 594 1547 640 Ducangio
1564 595 1752 641 Adelungi
1777 607 1820 630 ex

194 650 219 683 t.
237 662 260 683 1.
278 649 373 694 Aug.
391 661 425 693 p.
445 653 519 683 598.
539 649 599 683 vel
625 649 837 683 ‘tubaliter'
865 650 1057 684 enotatum
1084 651 1148 684 est.
1169 660 1183 671 ⁴

153 705 294 748 David]
320 705 453 739 Psalm.
471 718 593 740 xxxm.
613 710 642 740 7.

104 765 147 796 34
166 762 282 804 prced.
301 762 396 806 (1119]
423 762 467 795 cf.
486 760 570 795 Luc.
590 774 612 795 1.
630 765 682 795 26.
701 773 778 804 sqq.

104 821 147 852 35
172 818 411 861 unanimiter]
438 818 480 851 ut
495 817 576 851 Act.
590 817 841 861 Apost.111.24.
861 844 897 858 „.
915 843 921 850 .
940 817 1166 851 unanimiter
1183 818 1404 852 levaverunt
1421 830 1552 852 vocem
1569 819 1616 852 ad
1634 819 1745 853 deum
1760 823 1820 853 ..“.

195 874 233 907 et
256 873 392 906 Iudith.
409 886 456 907 1v.
477 878 527 907 10.
554 874 625 915 „et
649 873 906 906 clamaverunt
931 872 977 906 ad
1003 873 1195 907 dominum
1222 901 1228 908 .
1248 901 1255 908 .
1281 874 1541 908 unanimiter“.
1590 875 1824 909 Unaniniiter

193 929 267 963 iam
292 929 392 973 apud
416 929 612 973 scriptores
637 939 716 962 saec.
735 941 785 962 111.
803 928 952 973 legitur.

104 989 146 1019 36
171 986 244 1018 viri
272 985 398 1029 Galia]
424 984 591 1019 Fortasse
624 986 752 1019 auctor
781 985 828 1018 ad
853 984 976 1018 Actor.
994 998 1015 1018 1.
1037 989 1087 1018 11.
1107 986 1290 1029 respicere
1324 987 1529 1020 commotus
1560 988 1617 1020 est
1648 987 1716 1020 hoc
1741 987 1822 1020 loc-o

195 1041 315 1075 libelli
332 1041 387 1075 De
414 1041 613 1086 generibus
631 1040 803 1075 ebriosor.
823 1040 893 1083 (ed.
913 1040 1064 1075 Zarnck.
1083 1054 1116 1085 p.
1138 1042 1226 1084 152.)
1254 1041 1358 1083 „Viri
1377 1042 1530 1084 Galilaei,
1550 1043 1585 1076 ir
1601 1046 1824 1087 mzyetrewen

193 1097 233 1130 F
233 1100 437 1139 rantzosen,
471 1097 561 1141 quid
598 1096 850 1138 admiramini,
886 1108 960 1130 was
996 1097 1048 1130 lat
1078 1097 1113 1131 ir
1150 1098 1237 1132 euch
1267 1098 1494 1140 beclzmcken,
1531 1098 1752 1142 aspicientes
1785 1098 1823 1131 in

193 1153 338 1195 coelum,
364 1149 556 1198 meywt'ir,
581 1154 648 1187 clas
672 1153 708 1186 ir
730 1164 796 1186 vus
820 1153 974 1187 teutsche
995 1153 1163 1198 veoegjayen
1186 1154 1312 1188 wellet.
1354 1153 1526 1195 Alleluia,
1556 1153 1627 1187 (ἰοὺ
1650 1154 1712 1198 9σῦ
1738 1154 1824 1188 euch

191 1213 275 1244 ssent
305 1209 448 1244 Vrbans
467 1210 570 1253 play,
595 1210 637 1242 ut
661 1208 859 1242 ambuletis
883 1220 950 1252 per
975 1209 1053 1243 vias
1078 1211 1212 1251 rectas,
1240 1210 1306 1244 das
1332 1210 1366 1243 ir
1389 1210 1441 1244 (ιῖΖ
1465 1211 1531 1244 mit
1556 1210 1620 1244 der
1643 1220 1759 1243 mosen
1783 1210 1824 1243 in

194 1266 300 1299 clo-ecl.-
323 1268 417 1299 must
443 1265 597 1307 fallenf‘
642 1265 764 1298 Actor.
784 1265 886 1298 locus
911 1266 984 1298 est:
1018 1265 1129 1307 „Viri
1155 1265 1316 1307 Galilaei,
1350 1266 1440 1309 quid
1465 1266 1570 1300 statis
1601 1265 1823 1310 aspicientes

191 1321 229 1354 in
255 1321 410 1355 caelum?
442 1321 501 1355 hic
526 1321 643 1362 Iesus,
678 1320 741 1364 qui
767 1323 976 1364 assumptus
1002 1322 1057 1355 est
1081 1333 1103 1355 a
1126 1322 1247 1364 vobis,
1282 1322 1331 1355 sic
1357 1322 1484 1356 veniet
1508 1321 1821 1365 quemadmodum

192 1377 336 1411 vidistis
362 1388 447 1411 euin
472 1378 623 1411 euntem
648 1376 685 1409 in
712 1377 878 1411 caelum.“

103 1437 189 1477 Pag.
208 1435 272 1472 46.

107 1494 123 1523 1
149 1491 346 1534 scriptura]
373 1490 506 1524 Psalm.
526 1502 648 1522 xxxm.
670 1493 719 1523 18.

103 1550 122 1579 2
148 1547 287 1591 extitit]
319 1546 341 1580 i.
361 1558 391 1580 e.
415 1547 461 1580 ist
494 1545 738 1590 ausqefallcn,
775 1546 974 1590 yelmzyen,
1013 1546 1188 1579 successit
1219 1545 1262 1579 ei.
1312 1544 1399 1578 Plus
1431 1547 1487 1579 est
1517 1556 1627 1589 quam
1666 1546 1823 1589 simplex

195 1602 311 1636 ‘fuit'.
360 1602 466 1636 Unde
492 1602 570 1636 haec
596 1602 791 1643 conclusio,
818 1613 929 1645 quam
948 1601 1080 1635 didicit
1103 1602 1325 1645 praedicator
1349 1602 1386 1634 in
1404 1600 1600 1643 Parrhisia,
1627 1602 1825 1645 desumpta

193 1658 255 1700 sit,
288 1658 428 1700 nescio,
467 1658 619 1692 fortasse
652 1669 696 1692 ex
722 1658 884 1702 quodam
909 1657 1177 1692 sententiarum
1204 1657 1480 1691 commentario.
1531 1656 1704 1691 Ceterum
1730 1657 1825 1691 alter

193 1714 252 1747 hic
270 1725 389 1748 sermo
407 1714 539 1758 prioris
557 1714 787 1748 continuatio
812 1714 898 1747 fuit:
925 1725 1012 1747 nam
1038 1724 1056 1747 e
1076 1713 1172 1747 valle
1192 1713 1367 1757 Iosaphat
1390 1724 1507 1757 prope
1526 1713 1823 1757 Hierosolymam

194 1770 385 1804 dominum
410 1770 448 1803 in
474 1770 605 1804 caelum
630 1770 848 1812 ascendisse,
875 1770 988 1814 inque
1015 1770 1171 1804 eandem
1198 1781 1433 1804 reversurum
1454 1769 1506 1802 ibi
1532 1770 1740 1804 extremum
1759 1769 1822 1803 ali-

193 1826 341 1870 quando
367 1826 546 1860 iudicium
571 1826 784 1860 habiturum
811 1837 900 1868 esse,
925 1826 1126 1860 tradebant
1149 1826 1268 1860 multi.

103 1888 122 1917 3
146 1883 297 1916 habere.
317 1910 323 1916 .
344 1910 349 1916 .
363 1883 476 1925 pass]
503 1883 563 1916 eia
587 1882 834 1924 Passionsfest
859 1882 986 1924 habens,
1010 1883 1145 1924 hasten,
1170 1882 1300 1924 federa,
1325 1882 1461 1915 festum
1487 1882 1686 1916 celebrare.

102 1942 123 1972 4
147 1938 310 1982 Hieras]
346 1937 397 1972 Cf.
415 1938 545 1972 Ezech.
565 1951 597 1972 v.
616 1943 645 1972 5.
673 1938 791 1980 „Haec
818 1938 909 1971 dicit
933 1938 1103 1972 dominus
1128 1938 1235 1972 deus:
1262 1938 1337 1972 Ista
1361 1938 1417 1972 est
1440 1938 1659 1972 Ierusalem:
1685 1937 1723 1971 in
1748 1949 1822 1972 me-

193 1994 254 2028 dio
278 1995 387 2028 terrae
404 1994 512 2038 posui
537 2005 630 2037 eam,
657 1995 695 2029 et
719 1994 757 2027 in
774 1994 930 2028 circuitu
957 1994 1035 2028 eius
1059 1995 1185 2028 terras.
1205 1998 1234 2028 6.
1254 1995 1291 2028 et
1316 1994 1540 2038 contempsit
1564 1993 1703 2028 iudicia
1726 2004 1821 2036 mea,

193 2051 235 2084 ut
258 2050 341 2094 plus
367 2051 464 2084 esset
494 2050 611 2094 impia
635 2061 747 2094 quani
771 2052 918 2095 gentes,
952 2051 990 2084 et
1019 2051 1208 2094 praecepta
1238 2061 1323 2085 mea
1346 2050 1446 2084 ultra
1469 2061 1581 2094 quam
1607 2050 1715 2084 terrae
1741 2062 1822 2094 quae

193 2106 230 2139 in
256 2106 412 2140 circuitu
437 2108 557 2140 sunt.“
585 2108 653 2140 etc.

103 2166 122 2195 6
150 2172 210 2206 eqo
233 2162 371 2196 ‘nescivi
395 2164 470 2207 etc]
498 2163 541 2196 cf.
559 2162 691 2197 Matth.
709 2175 795 2196 xvn.
813 2167 843 2196 9.
892 2162 1003 2196 Marc.
1021 2175 1066 2195 ix.
1086 2166 1115 2196 8.

103 2223 122 2252 9
150 2219 190 2252 in
220 2219 284 2252 illo
315 2219 409 2262 loco]
450 2218 615 2262 Scriptor
651 2230 719 2263 per
750 2218 907 2253 ecstasin
947 2219 1025 2263 ipse
1064 2220 1263 2262 syntaxeos
1295 2219 1542 2253 obliviscitur:
1582 2219 1702 2252 voluit
1739 2218 1822 2253 ‘ille

193 2274 295 2308 locus
308 2275 328 2307 '.

106 2334 146 2364 10
171 2332 369 2375 campana]
402 2330 526 2365 medio
553 2342 630 2365 aevo
657 2342 701 2365 ex
725 2331 926 2365 novissima
955 2331 1047 2365 tuba
1072 2331 1171 2365 facta
1196 2333 1267 2373 est,
1301 2343 1382 2375 quae
1408 2331 1472 2365 ubi
1498 2332 1653 2374 „canet,
1686 2331 1823 2366 mortui

193 2388 389 2432 resurgent
412 2387 653 2431 incorrupti“.
679 2388 704 2421 I.
725 2387 804 2421 Cor.
822 2400 879 2422 xv.
897 2391 950 2422 52.
982 2387 1026 2421 cf.
1045 2388 1126 2422 lsai.
1148 2400 1249 2422 xvin.
1267 2393 1296 2423 3.
1323 2400 1443 2422 xxxa..
1463 2391 1514 2422 13.

106 2447 145 2477 12
168 2443 276 2478 surdi
300 2443 475 2487 audiunt]
504 2443 547 2477 cf.
564 2443 697 2478 Matth.
715 2456 761 2477 x1.
780 2447 809 2477 5.

106 2504 146 2534 14
171 2500 323 2544 quidam
347 2501 422 2544 eta]
449 2499 581 2544 Neque
606 2499 715 2534 liuius
732 2499 1017 2544 Erphordiensis
1041 2500 1210 2545 magistri
1226 2499 1385 2535 Basileae
1412 2500 1675 2535 commorantis
1699 2510 1821 2545 perso-

193 2567 280 2591 nam
304 2556 472 2590 divinare
498 2567 657 2600 possum.

106 2617 147 2647 15
170 2616 247 2646 stet.
265 2623 292 2646 c.
311 2612 418 2657 confi]
445 2613 542 2646 stare
569 2612 719 2646 confuse
744 2624 778 2656 p.
799 2614 911 2647 28723.

105 2672 146 2701 16
170 2669 367 2711 ostendere]
393 2668 568 2702 indicare.

106 2728 146 2758 17
171 2724 277 2758 Beat.
294 2723 423 2768 Rhea]
450 2724 493 2757 cf.
512 2723 590 2758 Ind.
609 2723 726 2768 biogr.
744 2736 779 2768 p.
798 2728 874 2758 455.
893 2725 961 2758 art.
980 2724 1190 2759 Rhenanus.

395 2857 628 2892 EPISTOLA
655 2860 720 2896 31.
759 2857 1133 2894 WILLIBRORDVS
1158 2859 1322 2894 NICETI
1348 2859 1532 2895 COLPIO.

107 2953 147 2984 19
172 2949 259 2983 Haec
285 2948 444 2993 epistola
468 2959 512 2982 ex
544 2948 672 2992 paucis
696 2950 752 2982 est
781 2960 862 2992 quae
894 2960 968 2983 non
993 2949 1134 2983 directo
1161 2949 1207 2983 ad
1234 2949 1431 2984 Ortvinum
1461 2951 1606 2995 scriptae
1631 2952 1725 2985 sunt.
1751 2951 1822 2985 for-

194 3006 290 3038 tasse
322 3004 369 3038 ad
395 3003 596 3053 Gelenum,
631 3004 812 3039 editorem
836 3005 1015 3039 Actorum
1038 3005 1346 3040 Pari·hisiensium
1379 3006 1443 3050 (cf.
1462 3006 1541 3041 Ind.
1559 3019 1643 3041 scrr.
1662 3019 1696 3051 p.
1716 3011 1768 3041 82.
1788 3019 1821 3040 n.

194 3061 299 3104 xvr),
325 3060 555 3095 irridendum
580 3060 788 3095 Cal-melita}
815 3061 963 3096 cuidam
989 3060 1199 3098 Coloniensi
1224 3062 1421 3108 adscripta.
1471 3062 1644 3099 Ceterum
1669 3063 1821 3098 Bartho-
