2119 3522
176 223 246 243 EI’P.
262 220 304 244 33.
319 220 360 243 34.
394 221 507 244 MAMM.
526 222 841 244 BVNTEMANTELLVS
859 222 1016 244 ORTVINO.
1035 234 1075 238 ——
1095 222 1260 245 ORTVINVS
1279 222 1424 245 GRATlvs
1441 222 1709 244 MAMMOTRECTO.
1784 205 1878 248 597

167 280 253 322 Pag.
273 279 338 315 51.
1304 280 1389 322 Pag.
1404 281 1456 312 50.
1475 291 1505 311 v.
1519 287 1552 312 35
1569 304 1576 311 .
1592 305 1599 311 .
1614 304 1621 311 .
1639 281 1726 321 Pag.
1740 281 1792 312 52.
1811 291 1841 311 v.
1856 287 1880 311 7.

256 333 470 377 procuravit
500 332 663 377 aliquam
700 333 992 367 incantationem
1022 344 1106 367 cum
1137 333 1465 367 sacramentalibus
1497 333 1667 379 ecclesie,
1706 334 1749 367 ut
1785 344 1882 377 aqua

256 389 468 433 baptismali
498 389 559 423 vel
591 389 672 423 oleo
703 389 829 422 sancto
862 390 899 422 et
926 388 1152 430 huiusmodi,
1185 388 1230 422 ob
1261 389 1459 423 sanitatem
1491 389 1551 424 vel
1581 389 1692 423 aliam
1721 400 1879 430 causam,

257 445 312 478 est
342 445 497 479 mortale
530 446 568 478 et
598 444 898 489 gravissimum&
961 444 1100 478 Grimm
1126 444 1306 479 Deutsche
1330 445 1482 489 Mythol.
1509 449 1604 480 1835.
1629 457 1664 489 p.
1686 449 1760 479 590.
1787 445 1882 488 „das

254 501 456 545 wolthc'itiye
479 501 555 535 salz
579 528 585 534 .
606 528 611 533 .
631 528 637 533 .
663 500 719 534 (ds
742 499 1066 544 sichermzgysmz'ttel
1089 510 1199 544 {jessen
1223 500 1293 534 alle
1316 501 1483 535 accubaret·
1501 528 1507 534 .
1527 502 1563 534 .“
1574 529 1579 534 .

165 561 208 590 ‘24
233 556 341 601 quod]
371 567 437 600 pro
464 568 562 600 quae:
597 555 815 590 Germanice
843 555 909 589 das
932 555 1070 597 Wasser
1094 556 1260 590 neutrius
1285 556 1431 600 generis
1457 558 1521 590 est.

164 616 207 646 25
230 613 421 647 stationar.
439 623 465 646 s.
482 612 594 656 Rup]
620 611 699 645 Hoc
724 611 771 645 ad
795 611 917 645 nescio
944 622 1055 655 quam
1072 610 1429 656 Heidelbergensem
1454 612 1648 646 veniarum
1665 612 1741 646 sive
1760 612 1879 646 indul—

253 667 463 713 gentiarum
493 667 801 701 nundinationem
832 665 1069 700 referendum
1100 677 1177 700 esse
1209 667 1367 701 videtur.
1417 666 1661 702 Stationarius
1691 668 1750 702 hic
1780 669 1879 702 certe

253 723 484 758 sacerdotem
509 722 709 768 significat,
737 734 821 756 cum
846 721 1101 756 consecrandae
1127 733 1232 766 aquae
1257 723 1420 767 potestas
1446 723 1480 757 ei
1504 723 1698 758 trilmatur.

163 784 204 814 27
232 783 420 821 ‘verruca,
453 779 512 813 ein
535 782 684 820 vom-tae,
716 778 852 812 dicitur
875 777 1026 821 pustula
1050 778 1179 812 carnis.
1228 778 1381 813 Versus:
1413 779 1571 823 Propter
1602 791 1774 814 verrucas
1805 791 1880 814 ma-

251 836 359 870 nibus
383 836 490 880 porto
516 835 751 869 chirotecas’.
801 833 959 867 Gemma
982 845 1015 878 g.

162 896 205 927 28
229 892 379 936 sibique]
407 891 570 934 eiusque.

161 953 204 983 30
228 948 296 982 Ars
312 946 558 992 Margarethae
577 946 844 991 (Cortonensis‚
870 946 1020 989 sanctae)
1046 946 1101 979 est
1126 956 1183 979 ars
1207 946 1244 979 in
1271 957 1395 980 amore
1420 946 1654 989 lasciviendi,
1684 949 1722 981 et
1744 950 1879 982 sanctae

250 1003 496 1049 Margarethae
520 1002 761 1037 Antiochenae
786 1001 995 1035 formositas
1020 1000 1180 1035 multum
1204 1001 1379 1035 laudatur
1402 1002 1440 1035 in
1466 1000 1642 1046 Legenda
1667 1013 1789 1037 aurea.
1816 1004 1880 1038 sed

249 1060 288 1094 in
312 1060 381 1094 hoc
405 1059 602 1104 proverbio
627 1069 665 1093 9-3
688 1056 1004 1102 pronuntiandum
1030 1057 1087 1091 est
1110 1057 1198 1091 rsch..

161 1121 200 1151 31
229 1117 317 1161 eius]
342 1115 607 1160 Margarethae,
634 1125 708 1148 non
734 1113 878 1148 amoris.

159 1177 201 1207 32
226 1172 435 1207 bombisare
453 1188 495 1199 -—-
511 1170 690 1205 bombum
714 1170 736 1204 i.
755 1181 785 1204 e.
804 1169 987 1214 crepitum
1013 1169 1152 1204 ventris
1179 1169 1361 1204 emittere.
1402 1170 1446 1204 cf.
1466 1170 1512 1204 ad
1536 1175 1577 1205 37
1592 1172 1624 1204 ¹⁹.
1652 1170 1740 1205 ‘feci
1765 1183 1879 1204 unum

248 1228 445 1262 bombum'
471 1239 506 1271 p.
527 1231 601 1262 203.
622 1240 650 1260 v.
665 1236 723 1261 165.

159 1289 201 1319 33
227 1296 258 1328 q.
277 1284 341 1326 fec.
360 1295 387 1318 c.
405 1284 567 1326 scamno]
599 1282 718 1326 Magis
750 1293 860 1325 quam
890 1282 983 1316 hanc
1015 1282 1307 1324 excusationem,
1341 1282 1453 1316 etiam
1483 1282 1547 1316 illo
1578 1284 1746 1327 tempore
1778 1284 1877 1317 certe

248 1351 321 1375 non
338 1350 485 1381 novam,
506 1338 618 1372 mirer
636 1337 809 1381 equidem
827 1338 927 1381 quod
943 1338 1020 1372 haec
1038 1337 1277 1382 Margaretha
1295 1338 1531 1372 excusatione
1549 1349 1641 1382 opus
1659 1349 1736 1373 esse
1755 1339 1879 1373 sensit.

158 1400 200 1431 34
225 1396 377 1439 vocavit]
405 1394 611 1436 arcessivit,
639 1395 681 1428 ut
705 1405 742 1428 se
768 1394 927 1428 viserem
953 1393 1200 1427 denuntiavit.

158 1456 200 1487 35
225 1452 381 1496 antiqua
405 1451 545 1495 vetula]
578 1450 657 1484 Hoc
682 1449 910 1494 superfluum
938 1449 1140 1493 ‘antiquam
1173 1449 1273 1492 quod
1304 1460 1399 1494 saepe
1431 1450 1468 1483 in
1501 1450 1557 1484 his
1583 1462 1667 1495 epp.
1686 1462 1768 1484 cum
1800 1454 1878 1485 ‘ve-

246 1508 344 1542 tula‘
365 1507 617 1551 coniungitur⁷
638 1505 748 1540 docet
762 1506 836 1539 iam
853 1506 933 1539 tum
954 1515 1089 1539 nomen
1117 1505 1264 1539 ‘Vettel’
1292 1516 1552 1549 quamcunque
1570 1506 1747 1540 feminam
1764 1507 1877 1541 vilem

247 1565 286 1599 et
315 1564 499 1598 abiectam
524 1562 760 1607 significasse.
791 1561 902 1596 hodie
934 1571 1081 1605 quoque
1114 1562 1339 1595 coniunctim
1366 1561 1488 1596 dicere
1517 1562 1677 1596 solemus
1702 1563 1780 1597 eine
1805 1563 1877 1597 celte

250 1620 373 1654 Vettel.
424 1619 596 1661 ‘Vetula,
624 1619 683 1652 em
708 1619 797 1653 altes
820 1618 976 1652 wiblin’.
1009 1616 1166 1650 Gemma
1189 1629 1223 1662 g.

155 1680 241 1720 Pag.
261 1677 325 1713 52.
815 1696 850 1698 ff

158 1737 173 1766 1
199 1733 304 1768 semel
329 1760 335 1766 .
356 1760 387 1766 ..
414 1732 548 1776 ebrius]
581 1731 739 1766 Peccato
771 1732 966 1775 peccatum
998 1731 1204 1765 excusatur.
1258 1730 1362 1764 Belle
1396 1730 1508 1765 etiam
1542 1733 1693 1775 ‘praeter
1724 1732 1870 1774 semel',

245 1791 362 1832 cmsser
387 1788 531 1822 eimnal.
578 1788 720 1822 sciiicet
744 1788 878 1822 einnzal
902 1788 950 1821 ist
974 1787 1141 1821 keinmal.

202 1845 388 1888 ieiunatis]
414 1844 638 1879 indicativus
664 1845 720 1878 est
741 1843 888 1885 modus,
914 1854 960 1877 ne
984 1844 1138 1887 propter
1161 1854 1316 1887 sequens
1344 1843 1522 1877 ‘faciatis’
1543 1842 1738 1877 Ortvinum
1766 1844 1871 1879 ‘ieiu—

244 1901 352 1935 nere’
380 1900 567 1934 admisisse
593 1901 711 1944 putes.

202 1956 414 1991 ‘sabbatum
440 1957 495 1991 est
520 1956 597 1991 dies
622 1956 781 2000 septima
806 1956 865 1990 vel
890 1956 970 2000 ipsa
1000 1957 1218 1999 septimana.
1267 1955 1373 1989 Unde
1398 1954 1484 1989 Luc.
1510 1955 1629 1999 [xvm.
1650 1957 1719 2000 12]
1744 1956 1873 1991 Ieiuno

245 2013 301 2046 bis
326 2012 363 2045 in
388 2013 552 2046 sabbato.
572 2012 616 2046 .i.
635 2012 852 2056 septimana.
902 2011 972 2046 Vel
996 2011 1264 2056 interpretatur
1289 2011 1367 2045 dies
1392 2012 1552 2055 requiei,
1580 2012 1644 2046 der
1663 2013 1872 2057 sambstagy'.

246 2068 403 2103 Gemma
427 2080 460 2113 g.

154 2129 173 2159 2
199 2125 275 2159 ord.
288 2124 453 2168 prcediu]
485 2123 746 2158 Dominio-anos
771 2136 854 2158 suos
879 2124 1116 2158 commendat
1141 2123 1333 2165 Ort-vinus3
1367 2134 1502 2167 eosque
1532 2124 1692 2158 maxime
1718 2125 1872 2169 popula-

245 2192 301 2215 res
326 2180 549 2215 confessores
574 2180 684 2214 fuisse
710 2182 840 2214 notum
866 2181 930 2214 est.

154 2241 174 2271 3
199 2237 283 2271 bene
310 2237 511 2280 instituere]
540 2235 750 2270 ‘Confessor
774 2236 948 2279 fratrum,
975 2247 1110 2281 gnarus
1136 2236 1302 2271 conferre
1329 2236 1545 2271 medelam'.
1578 2236 1731 2271 Walafr.
1751 2237 1870 2273 Sti-ab.

246 2304 302 2337 ap.
320 2291 497 2336 Duc-ange
523 2303 600 2326 voc.
620 2291 821 2327 Confessor.
840 2304 874 2325 n.
893 2297 923 2327 3.

155 2353 175 2382 4
199 2360 225 2383 s.
247 2348 429 2392 Christos]
464 2347 765 2393 ‘Christophorus
796 2348 914 2382 dictus
947 2349 1001 2382 est
1025 2349 1130 2392 quasi
1156 2348 1341 2383 Christum
1366 2348 1504 2391 ferens,
1538 2359 1580 2382 eo
1606 2349 1749 2383 scilicet
1773 2351 1871 2394 quod

245 2404 429 2439 Christum
462 2405 622 2448 quatuor
652 2404 770 2438 modis
795 2404 975 2448 portavit⁷
1010 2404 1149 2438 scilicet
1172 2405 1209 2437 in
1235 2404 1397 2438 humeris
1421 2415 1489 2448 per
1513 2404 1802 2448 traductionem,
1833 2406 1871 2439 in

246 2471 398 2505 corpore
423 2471 491 2504 per
515 2461 819 2502 macerationem,
847 2460 885 2493 in
910 2462 1035 2495 mente
1060 2471 1128 2504 per
1153 2460 1408 2503 devotionem,
1435 2461 1472 2494 in
1498 2471 1559 2495 ore
1585 2472 1653 2505 per
1677 2462 1871 2496 confessio—

244 2527 330 2551 nem
355 2516 432 2551 sive
456 2516 790 2561 p1·aedicatione1n⁷.
838 2516 1014 2561 Legenda
1039 2527 1152 2550 aurea
1175 2517 1208 2550 h.
1228 2518 1294 2551 art.

155 2573 480 2617 5··2't.1reciclivetis:]
513 2573 684 2606 ‘iterum'
714 2573 1002 2616 superabundat.
1059 2572 1311 2614 ‘Recidivare,
1344 2572 1519 2606 recidere.
1567 2572 1660 2607 Gall.
1685 2574 1871 2608 srectclwer.

243 2628 394 2672 Papias:
428 2628 658 2662 Recidiuare.
706 2628 913 2670 Revocare,
945 2630 1030 2672 post
1059 2629 1204 2672 lapsum
1232 2639 1422 2672 reparare,
1455 2629 1492 2661 in
1523 2628 1779 2663 infirmitatem
1803 2630 1871 2665 ite—

243 2696 325 2718 rum
344 2684 486 2718 cadere.
524 2684 572 2717 Io.
592 2684 638 2718 de
656 2684 787 2718 Ianua:
813 2684 1049 2726 Recidivare,
1069 2684 1274 2726 Renovare,
1293 2685 1377 2728 post
1393 2695 1517 2718 casum
1534 2695 1719 2728 reparare.
1755 2685 1869 2720 Item:

244 2740 468 2774 Recidiuant
491 2739 547 2773 illi
576 2739 730 2782 infirmi,
764 2740 827 2784 qui
851 2740 888 2773 in
920 2740 1217 2774 conualescentia
1242 2741 1343 2782 sunt,
1374 2741 1412 2773 et
1439 2740 1570 2784 postea
1593 2740 1731 2775 cadunt
1754 2741 1792 2775 in
1817 2742 1870 2775 in-

245 2796 459 2830 firmitatem
471 2797 491 2829 ⁷.
531 2795 709 2840 Ducange
727 2796 761 2829 h.
779 2806 857 2829 voc.
898 2795 1154 2837 Recidivatus‚
1173 2806 1270 2829 nom.
1288 2808 1334 2829 1v.
1353 2795 1462 2838 decl.⁷
1490 2795 1622 2840 saepius
1640 2807 1697 2840 ap.
1716 2796 1870 2831 Tertull.

245 2852 283 2885 et
306 2851 522 2893 Recidivus,
550 2862 586 2893 a,
614 2863 693 2893 um,
725 2850 865 2885 Latinae
897 2851 1173 2885 consuetudinis
1198 2853 1263 2885 est.

155 2912 185 2942 5.
203 2911 233 2941 6.
260 2919 357 2941 marc
383 2908 457 2951 etc]
489 2907 622 2941 Psalm.
641 2919 712 2940 0111.
730 2911 783 2941 25.
809 2907 918 2949 „Hoc
942 2917 1044 2941 mare
1069 2918 1246 2952 magnum
1278 2908 1316 2941 et
1339 2908 1542 2952 spatiosum
1572 2909 1758 2952 manibus,
1794 2909 1870 2944 illic

244 2963 409 3007 reptilia,
437 2974 594 3007 quorum
619 2974 693 2997 non
718 2963 774 2997 est
797 2965 1012 2997 numerus“.

156 3024 174 3054 7
203 3019 472 3064 Combibilator]
499 3019 543 3053 cf.
562 3019 641 3053 Ind.
658 3019 775 3064 biogr.
793 3031 828 3064 p.
847 3023 922 3054 357.
940 3019 974 3053 h.
994 3020 1061 3053 art.
