2119 3522
80 243 153 265 EPP.
161 239 203 265 48.
212 240 254 265 49.
264 239 307 265 50.
320 242 390 264 IOA.
399 242 488 264 KALP
502 243 660 265 ORTVINO.
669 251 711 255 —-
726 243 872 265 PHILIPP.
882 242 1041 265 SARTORIS
1055 243 1153 266 ORTV.
1162 251 1205 256 --
1220 243 1342 265 ADOLF.
1354 242 1545 265 CLINGESOR
1559 243 1659 265 ORTV.
1697 222 1790 268 733

80 301 166 342 Pag.
186 300 278 336 262.
1157 300 1242 342 Pag.
1256 301 1332 333 262.
1350 311 1380 332 v.
1394 308 1425 333 13
1443 325 1450 332 .
1465 325 1472 332 .
1487 325 1495 332 .
1512 300 1598 341 Pag.
1611 301 1688 331 264.
1705 310 1736 331 v.
1750 308 1792 331 11.

169 353 280 387 ullius
304 354 477 389 beneficii
502 355 611 390 titulo
638 356 746 389 certis
770 356 1012 399 pecuniarum
1038 355 1360 389 distributionibus
1384 354 1488 388 iuxta
1517 354 1683 388 locorum
1708 364 1792 387 con-

169 410 384 444 suetudines
409 411 603 445 contenti’.
640 410 818 455 Ducange
844 421 921 445 voc.
939 410 1142 445 Habituati.

80 469 120 500 31
146 465 312 500 laborare
336 466 379 499 in
401 466 514 509 horto]
540 466 688 500 hortum
714 466 845 501 colere.

78 524 121 556 32
147 532 218 556 esse
235 531 306 564 pro
330 522 397 565 me]
423 521 514 555 mihi
538 522 675 556 vivere.

123 576 241 611 dicere
264 577 446 611 orationes
469 588 566 612 meas
599 581 631 612 et
661 578 772 623 Zeqere
795 579 940 623 missas]
972 589 1047 612 non
1079 578 1159 613 aliis
1188 577 1353 613 molestis
1384 576 1513 612 officiis
1544 577 1649 623 fungi
1679 589 1791 622 quam

167 643 249 676 quae
275 643 359 667 cum
382 632 564 667 beneficio
591 634 788 668 coniuncta
817 636 911 668 sunt.

77 693 119 723 33
143 698 217 722 novi
241 699 369 723 curare
392 688 464 723 ista
487 690 680 724 mundana
704 690 865 734 περσεία]
891 690 956 724 sed
974 690 1138 725 oboedire
1162 691 1359 735 praeceptis
1385 690 1558 732 ecclesiae,
1585 689 1641 724 Ne
1666 690 1791 724 clerici

165 744 227 778 vel
250 744 422 779 monachi
447 745 681 779 saecularibus
706 746 865 789 negotiis
890 757 926 780 se
952 746 1195 781 immisceant.
1213 746 1255 781 X.
1272 759 1326 784 111.
1345 750 1398 781 50.
1415 746 1453 780 in
1470 745 1548 779 V10.
1566 759 1616 780 111.
1636 750 1689 780 24.

74 920 162 963 Pag.
179 919 271 956 263.
386 917 620 953 EPISTOLA
641 920 704 956 49.
744 918 1000 953 PHILIPPVS
1026 919 1260 954 SARTORIS
1287 918 1516 954 ORTVINO.

75 1000 94 1031 2
119 997 320 1040 Philippus
337 997 512 1041 Sartoris]
541 997 592 1031 Cf.
610 996 689 1030 Ind.
710 997 825 1041 biogr.
843 1009 877 1041 p.
891 1001 966 1032 405.
985 1009 1036 1042 sq.
1055 999 1121 1032 art.
1139 997 1448 1042 Langschneider.
1466 1017 1508 1021 —
1526 997 1612 1031 Haec
1631 998 1791 1042 epistula

164 1052 202 1086 in
227 1063 301 1087 non
326 1052 438 1087 nullis
463 1064 546 1087 cum
572 1052 755 1094 Kuckuki‚
782 1053 827 1086 H.
856 1058 907 1095 10⁷
935 1054 1118 1088 convenit.

76 1112 94 1142 7
119 1109 307 1152 epistolam
331 1109 381 1143 ad
400 1109 558 1153 papam]
586 1108 712 1143 datam
736 1108 894 1143 Londini
920 1110 952 1143 d.
972 1113 1024 1144 28.
1042 1110 1131 1154 Apr.
1155 1120 1251 1144 anno
1278 1113 1373 1144 1515.
1408 1109 1453 1143 cf.
1471 1108 1602 1154 Consp.
1626 1110 1789 1144 chronol.

163 1176 199 1208 p.
220 1169 294 1200 137.
317 1165 364 1198 ad
388 1164 423 1198 h.
440 1165 462 1198 l.
482 1165 520 1199 et
542 1164 638 1198 infra
662 1177 696 1209 p.
715 1166 824 1199 27910.

74 1225 93 1255 9
117 1220 262 1255 Novum
281 1220 446 1265 Testam]
466 1220 553 1254 Haec
570 1220 841 1254 Erasmicaruni
861 1222 1101 1266 epistolarum
1120 1222 1422 1256 commemoratio
1440 1221 1648 1255 Huttenum
1666 1223 1789 1256 aucto-

163 1287 242 1310 rem
266 1276 374 1309 huius
399 1276 567 1320 epistulae
592 1276 766 1320 produnt.
813 1277 954 1320 Erasmi
979 1278 1208 1312 dedicatoria
1233 1277 1279 1311 ad
1304 1277 1465 1312 Leonem
1482 1277 1553 1311 PP.
1570 1277 1614 1311 X.
1632 1277 1790 1321 epistola

161 1332 290 1376 primae
304 1332 397 1365 NT.
408 1331 563 1366 editioni
580 1332 769 1375 praemissa
785 1333 874 1367 data
891 1334 947 1367 est
960 1333 1113 1367 Basileae
1132 1334 1165 1367 d.
1182 1338 1211 1367 1.
1225 1333 1330 1367 Febr.
1350 1344 1380 1367 a.
1402 1337 1508 1375 1516„
1526 1334 1639 1377 inque
1658 1332 1789 1367 eodem

161 1388 256 1422 libro
283 1387 428 1431 (adnot.
454 1388 501 1421 ad
526 1387 552 1421 Ι.
571 1387 617 1421 ad
642 1387 819 1432 Thessal.)
845 1389 911 1422 illa
940 1389 1087 1423 fervens
1119 1390 1175 1423 est
1198 1389 1356 1423 Hutteni
1385 1389 1570 1431 laudatio,
1603 1400 1685 1432 quae
1715 1399 1789 1422 11011

162 1454 294 1488 parum
318 1443 511 1478 Huttenici
528 1443 687 1477 nominis
712 1444 839 1488 gloriae
864 1455 932 1488 per
956 1455 1104 1478 omnem
1128 1444 1275 1479 doctam
1301 1445 1428 1480 orbem
1446 1444 1681 1489 divulgandae
1706 1455 1789 1488 pro-

162 1499 249 1541 fuit,
281 1501 413 1544 postea
436 1510 524 1533 vero
550 1510 572 1532 a
595 1499 844 1534 Roterodamo
876 1500 915 1533 in
939 1500 1148 1535 Huttenum
1180 1501 1399 1535 exacerbato
1433 1500 1567 1535 omissa
1592 1501 1656 1534 est.
1703 1499 1788 1534 Vid.

162 1555 267 1589 Hutt.
286 1555 381 1600 Opp.
400 1555 426 1589 Ι.
444 1563 495 1589 11⁰.
512 1567 621 1589 xxxn.
639 1567 674 1599 p.
694 1559 768 1590 103.
788 1567 839 1599 sq.
874 1555 925 1590 Cf.
944 1556 991 1590 ad
1010 1558 1098 1590 75¹⁴.

73 1615 114 1646 10
139 1611 378 1655 autenticam]
406 1622 518 1655 supra
542 1623 577 1655 p.
598 1612 671 1645 19¹¹
699 1612 941 1646 autentizare.

74 1671 113 1701 11
139 1667 320 1712 Magister
343 1668 441 1702 sacri
465 1668 624 1712 Palati-i]
651 1666 694 1700 cf.
713 1667 792 1701 Ind.
810 1667 928 1712 biogr.
945 1680 980 1713 p.
998 1672 1074 1703 471.
1092 1680 1143 1713 sq.
1164 1670 1230 1703 art.
1250 1668 1438 1703 Silvester.

73 1728 114 1758 13
140 1723 317 1758 doctorem
341 1723 519 1767 semotum]
545 1722 727 1757 Thomam
753 1723 799 1756 cle
824 1723 983 1767 Aquino.

70 1784 114 1815 20
142 1779 370 1824 cardinalis]
396 1779 646 1814 Bernardinus
672 1778 875 1823 Caravajal.
903 1779 946 1814 cf.
965 1779 1044 1814 Ind.
1061 1780 1180 1825 biogr.
1197 1792 1232 1825 p.
1251 1785 1326 1816 307.
1343 1781 1377 1815 h.
1399 1781 1465 1814 art.

72 1840 112 1870 21
137 1836 192 1870 Io.
216 1835 331 1880 Wc'ck]
359 1836 403 1870 cf.
421 1835 509 1870 ibid.
527 1847 562 1880 p.
581 1839 656 1870 502.
676 1846 728 1879 sq.
747 1836 814 1869 art.
832 1834 954 1869 Wick.

70 1895 114 1926 25
137 1902 212 1926 ‘non
238 1892 342 1926 habet
366 1892 432 1926 tibi
457 1892 546 1927 clare
565 1892 776 1936 pecuniam]
806 1893 879 1926 ‘est
903 1891 1208 1936 depauperatus’.
1235 1893 1279 1927 cf.
1297 1893 1345 1926 ad
1362 1897 1405 1927 40
1416 1894 1451 1927 ¹⁴.

70 1951 112 1982 26
138 1948 188 1982 acl
211 1948 448 1983 inimicitia-m
472 1948 603 1992 facere]
637 1947 857 1982 Germanice
882 1957 962 1982 zum
987 1947 1112 1982 Fez'mz
1137 1950 1225 1992 (non
1249 1959 1315 1982 zur
1339 1949 1596 1992 Feioidschaft)
1621 1949 1787 1984 macheu.

160 2004 231 2038 tibi
261 2031 269 2038 .
291 2031 298 2038 .
319 2031 326 2038 .
357 2004 479 2038 facere
504 2021 547 2033 =
572 2015 656 2038 cum
687 2004 765 2038 toto
805 2004 933 2038 ordine
965 2004 1200 2038 inimicitiam
1232 2005 1466 2047 contrahere,
1506 2005 1620 2039 totius
1650 2005 1788 2039 ordinis

162 2059 288 2094 odium
314 2061 352 2094 111
377 2061 415 2094 te
441 2061 628 2095 suscitare.

71 2120 113 2151 27
141 2117 368 2161 θνοφιίηῃεη]
396 2116 439 2150 cf.
458 2127 570 2160 supra
594 2116 640 2150 ad
666 2120 730 2151 203
740 2118 763 2150 3.
781 2127 832 2160 sq.

70 2177 113 2208 29
139 2173 243 2207 dabit
266 2173 299 2208 ei
323 2177 466 2208 centum
491 2173 654 2216 ducatos]
682 2172 726 2207 cf.
745 2173 792 2207 ad
819 2177 881 2207 196
892 2176 914 2207 5.
933 2175 970 2207 et
994 2174 1084 2208 5411.

116 2229 212 2273 quod
235 2229 460 2273 falsificabit]
493 2230 536 2263 ut
559 2228 783 2263 falsificaret.
828 2228 879 2263 Cf.
899 2229 1080 2273 Groningi
1104 2230 1300 2274 prologum
1325 2241 1398 2264 suae
1423 2230 1675 2265 translationis
1699 2230 1787 2275 Spe-

161 2285 235 2319 culi
260 2285 417 2320 ocularis
441 2295 552 2329 quem
577 2285 615 2318 in
639 2285 770 2329 Consp.
789 2285 950 2320 chronol.
968 2297 1003 2330 p.
1023 2289 1097 2320 135.
1115 2297 1162 2320 m.
1180 2286 1255 2320 Ian.
1274 2297 1305 2320 a.
1325 2290 1420 2320 1515.
1437 2286 1697 2329 indicavimus,
1723 2287 1788 2320 ubi

159 2342 286 2376 tamen
310 2342 379 2376 hoc
404 2341 630 2376 subm-nandi
655 2342 794 2376 crimen
820 2352 893 2376 non
919 2343 1156 2376 memoratur.

70 2401 113 2433 30
136 2408 239 2441 spero
263 2398 359 2442 quod
383 2398 512 2442 faciet]
545 2397 814 2442 Turpissimum
845 2397 1097 2432 calumniandi
1126 2398 1393 2443 peierandique
1425 2399 1589 2433 animum
1619 2399 1681 2433 vix
1713 2399 1787 2433 evi-

160 2453 308 2488 dentius
331 2454 473 2488 nudare
498 2454 623 2498 possis.
652 2454 837 2499 ‘magistri
860 2454 977 2488 nostri
1001 2455 1087 2488 sunt
1111 2454 1251 2489 falsarii
1277 2456 1315 2489 et
1337 2455 1512 2489 infames'
1539 2467 1574 2499 p.
1593 2457 1682 2490 54¹¹.

70 2632 158 2674 Pag.
173 2630 265 2668 264.
383 2626 618 2664 EPISTOLA
635 2631 700 2669 50.
745 2627 965 2664 ADOLFVS
992 2628 1263 2664 C-LINGESOR
1287 2628 1519 2664 ORTVINO.

71 2712 90 2743 2
114 2709 188 2742 Ad.
209 2708 408 2754 Clinyesor]
435 2719 548 2753 supra
570 2709 615 2742 II.
633 2712 686 2743 25.
711 2708 918 2753 Klingesor.

71 2768 90 2798 5
115 2776 234 2808 nuper
256 2765 492 2800 intellexistis
515 2766 559 2800 cle
582 2765 647 2809 me]
674 2775 793 2808 nuper
817 2763 876 2807 (Π.
894 2765 963 2808 25.)
987 2764 1058 2798 tibi
1082 2764 1219 2808 scripsi.

71 2824 91 2855 8
116 2822 308 2866 quendam]
334 2821 356 2855 i.
376 2832 406 2855 e.
423 2820 545 2865 ipsum
568 2821 677 2854 huius
703 2820 870 2864 epistulae
896 2821 1102 2862 auctorem,
1128 2819 1355 2863 Huttenum,
1380 2822 1423 2855 ut
1445 2820 1543 2855 infra
1566 2821 1696 2865 sponte
1723 2821 1785 2856 ad-

159 2877 317 2921 paoebit,
345 2877 514 2921 quamvis
540 2876 619 2910 ‘ille
645 2877 709 2920 qui
733 2876 829 2911 dixit
850 2876 952 2919 ista’,
977 2888 1012 2920 p.
1030 2879 1095 2910 266
1105 2877 1143 2910 ²⁷.
1169 2876 1314 2910 dicatur
1339 2877 1478 2920 „natus
1504 2888 1548 2911 ex
1572 2877 1741 2912 Perlin“.

71 2937 91 2968 9
119 2933 194 2977 Ozj]
208 2934 221 2956 b
248 2933 287 2967 et
310 2931 381 2977 Oiij
392 2940 415 2967 ἃ.
434 2933 489 2967 ed.
507 2945 541 2967 n.
559 2944 595 2978 p.
615 2934 829 2967 17135...172
842 2933 861 2966 ¹.

73 2993 113 3024 10
137 2989 214 3023 Ioh.
234 2988 512 3033 Licliteizberyer
537 2990 610 3034 etc]
638 2988 690 3023 Cf.
708 2988 787 3023 Ind.
804 2988 922 3033 biogr.
940 3000 975 3033 p.
993 2992 1069 3023 406.
1086 3000 1139 3032 sq.
1156 2988 1190 3022 h.
1210 2990 1276 3023 art.

75 3049 111 3079 ll
137 3045 341 3091 Moymztz'ae
367 3073 373 3079 .
398 3072 404 3079 .
431 3046 622 3091 impressa]
656 3044 785 3080 Latine
814 3048 910 3080 1488.
929 3045 967 3079 et
994 3045 1186 3088 1492.f01.‚
1214 3045 1433 3081 Germanice
1462 3050 1558 3081 1488.
1583 3046 1644 3081 fol.
1677 3046 1784 3082 Hain.
