2119 3522
323 194 419 238 624
754 205 1019 229 COMMENTARIVS
1042 205 1089 226 AD
1116 204 1188 225 EPP.
1207 203 1237 225 Ο.
1254 203 1287 224 V.
1311 202 1389 224 VOL.
1406 203 1429 223 1.
1454 199 1598 223 APPEND.

320 267 627 363 Pae-Sggl-oenfiem
641 317 846 360 Lipsiacam
865 314 1071 359 epistolam.
1111 313 1320 348 Huttenum
1337 312 1523 357 quondam
1538 313 1584 356 (a.
1600 314 1697 346 1507.
1712 313 1751 346 et
1764 310 1900 353 1508.‘.2)
1917 311 2032 354 Lipsi-

412 375 506 408 ensis
531 372 730 407 academiae
755 372 875 405 civem
899 370 1010 404 fuisse
1036 370 1095 414 (cf.
1113 369 1218 403 Hutt.
1237 368 1331 413 Opp.
1349 368 1376 403 I.
1393 380 1428 402 n.
1445 381 1496 402 111.
1515 380 1551 412 p.
1569 368 1614 410 8.)
1640 369 1798 411 constat,
1827 368 1926 402 unde
1951 378 2032 411 quae

411 429 456 463 de
487 427 732 472 Lipsiensium
762 426 1023 471 magistrorum
1059 425 1223 459 moribus
1254 424 1515 468 Saxonicisque
1552 424 1662 458 rebus
1692 434 1848 468 sequens
1878 424 2036 468 epistola

409 484 540 526 habet,
566 483 674 517 facile
698 484 779 516 tum
804 482 989 515 reminisci
1013 482 1094 515 tum
1121 481 1296 515 ‘dictare'
1322 481 1456 525 potuit.
1506 479 1558 515 Cf.
1577 479 1623 514 ad
1641 481 1720 514 66¹²
1737 481 1775 514 et
1792 480 1839 514 ad
1855 480 1945 514 64²³.

322 545 342 574 6
367 539 653 582 dispositissima]
694 537 774 571 Nisi
798 537 1007 571 didicissem
1031 536 1291 571 baccalaureos
1315 536 1491 570 formatos
1516 537 1629 571 etiam
1661 536 1892 580 ‘dispositos’
1918 536 2035 571 dictos

410 595 520 628 fuisse
539 594 626 638 quia
643 593 689 627 ad
707 594 913 637 superiores
930 593 1066 638 gradus
1084 591 1341 636 adipiscendos
1366 603 1444 626 sese
1471 594 1577 636 aptos
1602 603 1679 626 esse
1704 592 1954 636 probaverant
1975 592 2035 636 (cf.

411 650 489 683 Ind.
506 650 619 694 biogr.
635 661 669 693 p.
683 654 758 684 30¹2.
778 650 844 682 art.
862 648 1161 691 Baccalaureus),
1181 647 1273 682 illud
1290 647 1514 682 vocabulum
1530 648 1796 692 interpretarer
1814 648 1895 692 ‘qui
1912 648 2035 692 dispu-

411 706 515 740 tandi
540 705 796 739 scholasticam
822 706 958 746 artem,
984 706 1027 738 ut
1050 704 1268 749 magistrum
1294 704 1418 746 decet,
1445 703 1612 737 callent'.
1661 702 1735 737 Sed
1757 703 1804 737 ad
1827 714 1937 747 quem
1955 714 2036 748 gra-

413 762 518 804 dum,
559 761 712 803 obicies,
753 761 931 805 magister
963 760 1187 794 adscendere
1219 760 1366 804 potuit?
1414 759 1561 793 Artium
1590 759 1784 804 magister,
1817 759 2034 804 respondeo,

412 818 537 861 potuit
564 816 789 850 adscendere
815 817 853 849 in
878 815 1034 861 gradum
1060 827 1170 850 sacrae
1195 816 1392 861 theologiae
1418 816 1587 850 doctoris.
1629 815 1672 850 cf.
1690 815 1737 849 ad
1754 818 1828 850 65⁰.

322 878 342 908 8
361 874 534 917 permitto
558 884 581 906 α
605 874 670 918 me]
697 883 767 907 ron
791 873 862 906 mir
886 873 987 916 Iasse,
1012 883 1031 906 e
1056 872 1227 906 manibus
1252 873 1399 914 emitto,
1427 883 1446 906 e
1470 872 1621 916 proprio
1645 883 1713 906 usu
1738 882 1902 906 amoveo.

301 944 303 946 ·
366 930 409 963 in
432 929 640 974 principio]
682 928 858 973 Sequitur
894 930 1020 963 autem
1050 929 1131 962 tota
1162 928 1328 972 epistola.
1385 927 1457 962 Sed
1486 928 1555 962 hoc
1594 928 1647 962 ‘in
1677 928 1898 972 principio',
1936 927 2036 962 idem

413 984 599 1030 significat
623 986 734 1029 atque
762 985 928 1029 ‘incipit’
954 996 989 1028 p.
1008 985 1096 1018 282⁴.

403 1096 639 1131 EPISTOLA
656 1098 720 1134 44.
739 1096 856 1139 (APP.
871 1097 922 1140 3.)
961 1096 1080 1130 MAG.
1099 1096 1244 1130 CVRIO
1263 1095 1500 1130 MATTHIAE
1517 1095 1992 1130 FALCKENBERGENSL

325 1192 344 1222 9
371 1187 479 1221 Curio
496 1203 540 1215 =
556 1187 769 1229 Hofmmm,
800 1187 842 1220 ut
872 1185 1048 1220 Centurio
1079 1197 1145 1230 pro
1171 1186 1418 1230 Hcmptmmm
1442 1186 1581 1231 legitur
1611 1197 1667 1230 ap.
1686 1185 1937 1220 Forstemann.
1954 1186 2037 1220 Alb.

414 1243 538 1278 Viteb.
555 1255 590 1287 p.
610 1247 664 1277 31.

327 1305 366 1333 10
392 1300 500 1333 bursa
524 1299 693 1342 Ηεηνὶσί]
720 1298 774 1332 De
800 1310 873 1343 qua
896 1298 1089 1343 WVimpina
1111 1298 1150 1332 in
1176 1299 1290 1333 deser.
1308 1299 1461 1343 originis
1486 1299 1586 1332 univ.
1602 1298 1716 1332 studii
1739 1298 1948 1343 Lipzensis:

482 1368 686 1409 „Opposito
702 1367 860 1410 [collegio
876 1367 1062 1410 principis]
1077 1369 1184 1400 bursa
1201 1371 1271 1408 est,
1293 1368 1437 1400 Hinrici
1454 1369 1595 1400 nomine
1611 1368 1755 1409 dicunt,

482 1424 663 1456 Nobilium
680 1424 800 1464 locus,
822 1429 857 1456 et
877 1423 916 1466 [s.
934 1428 971 1456 at
989 1436 996 1456 :
1015 1428 1170 1466 utrumq.
1186 1423 1340 1467 delend.]
1359 1424 1482 1456 multis
1499 1424 1695 1457 habitanda
1712 1424 1905 1467 magistris.

482 1480 673 1512 Adsistunt
690 1484 793 1523 tergo
811 1481 1004 1513 Misnensis
1022 1481 1178 1513 eulmina
1194 1481 1352 1513 bursae“.

415 1545 575 1579 Domum
599 1544 637 1578 in
661 1545 785 1589 platea
815 1546 978 1589 equestri
1003 1546 1265 1589 (Ritterstrczsse
1286 1552 1337 1579 n0.
1355 1547 1424 1590 37.)
1446 1546 1554 1580 sitam
1579 1557 1646 1590 per
1671 1556 1785 1580 annos
1810 1549 1906 1581 1670.
1923 1555 2039 1590 usque

415 1601 462 1635 ad
489 1604 585 1635 1704.
602 1601 751 1635 familiae
776 1601 927 1635 Henrici
952 1602 1062 1636 fuisse
1087 1602 1310 1636 documenta
1333 1601 1371 1635 in
1395 1601 1518 1636 archio
1541 1602 1690 1646 publico
1711 1601 1892 1646 Lipsiensi
1915 1602 2040 1636 hodie-

416 1670 487 1703 que
507 1657 673 1692 extantia
690 1657 840 1699 docent,
865 1659 1017 1701 verique
1036 1657 1264 1692 simillimum
1289 1658 1345 1691 est
1361 1657 1518 1691 eandem
1536 1657 1687 1692 domum
1703 1657 1856 1692 ineunte
1874 1669 1952 1692 saec.
1969 1670 2040 1692 xvx.

414 1715 564 1748 bursam
589 1713 739 1747 Henrici
763 1713 886 1747 fuisse.
935 1713 986 1747 Cf.
1004 1713 1083 1747 Ind.
1100 1714 1217 1758 biogr.
1236 1725 1271 1757 p.
1290 1717 1365 1748 326.
1383 1715 1450 1748 art.
1467 1713 1591 1748 Bursae
1609 1713 1828 1758 Lipsienses.

329 1775 379 1805 12.
396 1782 448 1814 sq.
474 1770 513 1803 F
511 1770 801 1813 alclcenberyensz'
807 1770 818 1814 J
852 1769 956 1803 Idem
986 1769 1083 1803 infra
1106 1769 1150 1803 Π.
1170 1774 1223 1804 55.
1245 1770 1343 1804 inter
1364 1769 1714 1804 Antireuchlinistas
1737 1769 2041 1815 Moguntinenses

416 1826 470 1860 ita
501 1825 737 1867 describitur,
770 1826 812 1859 ut
842 1826 1038 1870 appareat,
1070 1826 1164 1859 hanc
1194 1825 1241 1859 ad
1265 1837 1350 1859 eum
1376 1825 1500 1860 fictam
1526 1825 1721 1870 epistolam
1745 1837 1819 1860 non
1845 1836 1889 1860 ex
1913 1826 2040 1860 libello

416 1881 547 1925 Lipsiae
579 1881 667 1915 olim
698 1881 834 1925 scripto
867 1881 1041 1925 editoque
1073 1883 1258 1925 sumptam
1297 1892 1384 1916 esse.
1447 1881 1499 1916 Cf.
1523 1882 1605 1916 adn.
1629 1882 1677 1916 ad
1701 1894 1780 1927 sup.
1803 1895 1832 1916 v.
1850 1891 1875 1916 5.
1901 1883 1939 1916 et
1961 1881 2040 1916 Ind.

416 1937 532 1982 biogr.
550 1949 586 1981 p.
604 1941 678 1971 369.
697 1938 764 1971 art.
782 1936 1047 1982 Falckenberg.

330 1998 369 2027 14
393 1997 479 2027 ante
497 1993 531 2027 L
550 2004 636 2027 ann.
657 1997 688 2027 et
705 1994 835 2038 adhuc]
862 1994 943 2038 ipsa
967 1994 1125 2038 epistola
1149 1994 1259 2029 docet
1283 1994 1468 2029 societatis
1492 1994 1829 2028 indivisibilitatem
1851 1995 1927 2028 iam
1947 1995 2041 2039 (per)

416 2049 568 2094 longum
592 2050 740 2094 tempus
764 2049 949 2084 sublatam
975 2060 1069 2093 esse,
1097 2054 1187 2085 ‘non
1213 2050 1348 2084 adhuc'
1375 2050 1519 2084 durare.
1537 2051 1591 2084 ita
1607 2061 1728 2094 neque
1745 2060 1920 2084 numerus
1937 2050 2041 2094 quin-

418 2105 598 2150 quaginta
621 2116 801 2139 annorum
825 2116 892 2149 pro
918 2108 1089 2140 accurato
1115 2106 1314 2141 sumendus
1340 2107 1404 2140 est.

330 2165 370 2194 15
394 2160 421 2203 f.
439 2162 548 2195 simul
571 2172 630 2204 ap.
648 2162 734 2206 insen]
767 2162 1012 2205 conviximus,
1046 2163 1254 2197 conversati
1285 2174 1409 2196 sumus
1438 2162 1533 2196 alter
1557 2172 1640 2196 cum
1665 2162 1794 2197 altero.
1842 2161 1968 2202 Germ.
1982 2172 2042 2196 zu—

417 2228 574 2251 sammon
592 2218 657 2251 aut
673 2218 917 2261 bez'ez'ncmcler,
932 2218 996 2253 sed
1013 2229 1085 2252 non
1104 2219 1328 2253 coniunctim
1345 2229 1551 2253 zusammen
1566 2218 1657 2262 (sive
1671 2219 1844 2263 zuyleieh)
1858 2219 2042 2254 beieinan-

419 2273 482 2306 der
506 2284 660 2317 yewesen
683 2274 778 2308 siml.
819 2274 862 2308 cf.
881 2286 932 2318 sq.
955 2288 984 2308 v.
1002 2284 1044 2309 33.

333 2332 372 2362 18
396 2332 503 2372 atque
519 2329 612 2373 sitis]
631 2330 715 2373 post
731 2340 804 2363 acc.
820 2341 848 2364 c.
866 2330 942 2373 inf„
961 2341 1072 2374 quem
1091 2330 1309 2365 Germanice
1327 2342 1394 2375 per
1412 2331 1489 2374 dass
1506 2331 1652 2373 damus,
1677 2331 1803 2376 pergit
1818 2332 1946 2375 itaque
1963 2331 2044 2365 und

419 2385 496 2428 class
519 2385 587 2418 1721·
610 2385 704 2419 sedet.

373 2441 413 2474 in
438 2441 531 2474 bona
558 2441 813 2486 possibilitate]
845 2441 1073 2476 Possibilitas
1102 2442 1137 2476 h.
1154 2442 1181 2476 1.·
1195 2453 1268 2477 11011
1300 2454 1385 2477 eum
1415 2454 1562 2477 sensum
1586 2443 1716 2485 habet,
1749 2454 1860 2487 quem
1891 2443 2045 2487 exponit

419 2496 583 2541 Ducang.
602 2496 635 2530 h.
653 2509 703 2539 v.‚
729 2498 793 2532 sed
817 2498 1033 2543 ambiguum
1058 2499 1199 2543 pariter
1223 2510 1264 2533 ac
1281 2498 1454 2533 Latinum
1481 2500 1622 2543 ‘posse’
1650 2500 1689 2533 et
1706 2498 1828 2533 Germ.
1848 2499 2041 2534 ‘ko'mzen’.

418 2552 462 2586 cf.
480 2552 577 2586 infra
599 2554 759 2587 6730.sqq.

373 2609 494 2643 adhuc
516 2609 672 2654 iuvenis]
700 2611 739 2643 in
763 2610 968 2645 iuventute.

263 2671 269 2674 “
329 2668 371 2699 20
394 2665 535 2699 robuste
558 2666 648 2710 ima]
684 2667 764 2701 eine
792 2677 830 2701 so
859 2667 1033 2711 krc'ifte'ye,
1068 2668 1188 2702 starke
1211 2667 1468 2713 Betheuerzmy
1497 2668 1657 2713 yemacht
1684 2668 1781 2702 habe.
1822 2667 1887 2702 sed
1917 2667 2043 2702 statim

421 2731 503 2754 cum
529 2721 598 2755 deo
624 2722 737 2756 etiam
762 2724 926 2757 sanctam
951 2723 1108 2757 Mariam
1132 2724 1291 2758 invocat.

330 2780 371 2810 ‘23
390 2777 573 2820 partibus]
591 2778 820 2823 regionibus,
838 2779 1048 2823 provinciis.
1096 2780 1148 2813 Ut
1166 2780 1321 2824 ‘patria’
1345 2792 1441 2825 saepe
1458 2791 1533 2815 non
1549 2780 1668 2815 solum
1684 2780 1852 2823 Heimat,
1876 2780 2042 2814 Heimat-

419 2832 509 2865 land
535 2833 595 2866 vel
616 2834 841 2869 Heimatsort
867 2838 998 2879 (quam
1023 2835 1144 2880 signif.
1162 2836 1300 2880 ubique
1328 2837 1444 2871 habet
1466 2837 1504 2871 in
1533 2837 1590 2870 his
1615 2848 1716 2881 epp,
1748 2837 1819 2870 nisi
1843 2836 1942 2880 quod
1967 2840 2042 2870 201.

421 2901 450 2921 v.
469 2898 525 2922 100.
546 2890 720 2932 ‘patriam
745 2892 1007 2936 Argentinam'
1033 2891 1229 2936 legimus),
1256 2892 1320 2926 sed
1347 2893 1459 2927 etiam
1481 2892 1708 2937 generaliter
1731 2891 1961 2926 territorium
1977 2891 2043 2925 ali-

419 2943 522 2976 cuius
538 2945 707 2988 nationis,
727 2947 786 2980 ein,
803 2947 935 2989 Lmzd,
953 2948 1011 2981 ein
1028 2947 1142 2982 Reieh
1160 2948 1216 2990 (ut
1232 2959 1329 2992 saepe
1347 2960 1404 2993 ap.
1422 2949 1625 2994 geograph.
1641 2948 1913 2991 Ravennatem)
1931 2947 2041 2992 signi-

420 2998 523 3041 ficat,
556 3000 608 3033 ita
638 3013 785 3045 quoque
819 3004 975 3046 ‘partes’
1008 3003 1162 3037 alicuius
1193 3005 1300 3038 terrae
1322 3016 1397 3049 ,pro
1426 3005 1507 3049 ipsa
1530 3006 1630 3038 terra
1654 3005 1725 3046 est,
1759 3005 1801 3037 ut
1824 3004 1859 3037 h.
1876 3003 1899 3037 l.
1917 3004 2043 3047 partes
