2119 3522
700 205 945 229 SCHNEEVOGEL
971 221 978 228 .
993 221 1000 228 .
1016 221 1022 228 .
1048 207 1191 228 SIBERTI.
1704 188 1799 231 467

91 318 230 369 v.127.)‚
263 319 472 370 Hagenoae
504 326 595 370 post
624 320 822 358 Thomam
854 321 1118 359 Anshelmum
1150 321 1421 359 Phorcensem
1452 320 1582 358 clarus
1612 326 1802 371 typogra-

92 376 194 426 phus
227 375 500 426 librorumque
532 376 673 422 editor,
707 377 748 413 in
781 377 892 414 cuius
926 377 1088 415 officina
1122 376 1286 425 (nomen
1310 378 1395 415 eius
1428 377 1574 414 abhoc
1605 378 1689 414 fere
1723 377 1803 427 epi-

90 432 282 469 stolarum
305 430 354 469 O.
377 432 426 470 V.
449 439 630 482 tempore
660 445 788 483 usque
819 433 871 470 ad
903 433 1071 471 alteram
1100 434 1235 471 saeculi
1256 446 1333 470 XVI.
1356 440 1510 484 partem
1543 434 1648 471 inter
1678 433 1802 471 bono-

92 501 177 524 rum
214 488 408 525 librorum
439 488 712 538 redemptores
750 488 936 538 legimus)
970 490 1078 527 inter
1116 490 1214 527 alios
1247 490 1366 527 ctiam
1396 489 1687 527 Melancbthon
1720 503 1803 526 cor-

91 544 256 581 rectoris
287 557 452 581 munere
475 544 724 594 aliquamdiu
746 545 908 582 functus
931 551 1003 582 est.
1053 545 1225 583 Lutheri
1245 545 1427 596 partibus
1450 546 1593 583 favens
1616 545 1805 583 Setzerus

89 599 498 650 Argentoratensium
537 599 972 651 Sletstadicnsiumque
1013 601 1220 639 doctorum
1263 601 1558 639 consuetudine
1604 601 1803 647 utebatur,

91 655 423 706 Lutherianaque
461 656 610 706 scripta
647 657 789 702 multa⁷
829 658 1031 707 praecipue
1071 657 1121 695 de
1159 658 1418 695 sacramentis
1457 658 1671 707 polemica,
1711 658 1806 694 item

91 711 480 749 R'Ielanchthoniana
511 712 762 762 aliorumque
793 713 1007 762 aequalium
1039 727 1121 750 non
1152 726 1282 764 pauca
1309 711 1473 751 edidit2.

181 788 213 828 2)
240 788 295 822 Cf.
320 789 424 821 Hutt.
444 788 537 830 Opp.
561 789 609 820 II.
635 799 668 830 p.
687 790 762 822 446.
782 800 834 820 vv.
852 796 894 820 20.
912 800 977 828 sqq.
1004 792 1041 821 et
1064 789 1141 821 Ind.
1163 789 1407 831 bibliograph.
1426 789 1578 823 Hutten.
1603 794 1653 823 11⁰.
1669 800 1807 823 xnvnr.

181 855 264 886 pag.
284 845 361 876 88³2.

92 943 284 982 SIBERTI,
304 935 486 982 Iacobus,
505 948 625 986 quem
646 949 729 973 non
750 948 920 982 nossem,
941 936 1019 973 nisi
1041 937 1148 973 inter
1165 935 1649 987 Antiwimphelingianos
1673 936 1810 974 doctos

90 992 391 1042 cucullatosque
430 992 536 1029 viros
574 992 811 1030 laudaretur
845 990 982 1041 (1).st
999 991 1044 1041 ¹²)
1079 998 1118 1029 et
1160 993 1201 1029 in
1233 993 1401 1030 Ioannis
1432 993 1692 1031 Piemontani
1723 993 1809 1030 MS.

89 1048 283 1086 Auctario
316 1062 410 1086 scrr.
435 1049 596 1086 eccless.
620 1049 690 1085 fol.
717 1049 795 1086 103
807 1046 873 1070 Μ’·
897 1048 962 1085 hic
993 1049 1103 1085 locus
1134 1048 1357 1099 legeretur:

90 1125 275 1166 „Iacobus
302 1125 426 1157 siberti
449 1126 606 1157 Natione
630 1124 860 1166 Monogallus
886 1124 978 1157 alias
1005 1125 1183 1157 euflianus
1212 1137 1254 1158 ex
1280 1127 1411 1168 oppido
1438 1126 1531 1167 quod
1557 1125 1811 1158 monasterium

90 1185 321 1223 nuncupatur
353 1181 524 1213 oriundus
551 1181 747 1213 monachus
772 1181 888 1213 nostri
913 1179 1125 1221 monasterij
1158 1181 1316 1214 lacensis
1343 1181 1481 1214 ordinis
1507 1182 1583 1213 diui
1609 1183 1725 1223 patris
1751 1182 1811 1213 be-

89 1237 225 1269 nedicti
250 1237 398 1269 Arnoldi
425 1237 605 1278 quondam
630 1237 876 1269 Embricensis
902 1239 1179 1279 gymnasiarche
1206 1238 1408 1270 doctissimi
1434 1239 1535 1270 cuius
1554 1248 1663 1279 supra
1681 1248 1812 1270 memo·

89 1294 180 1325 riam
212 1293 404 1325 habuimus
434 1294 471 1324 in
500 1293 718 1325 liberalibus
745 1293 948 1335 disciplinis
975 1294 1121 1326 auditor
1146 1299 1182 1326 et
1207 1295 1362 1337 predicti
1389 1295 1609 1326 coruellonis
1636 1294 1812 1326 condisci—

88 1349 193 1391 pulus
224 1350 413 1391 Lamperti
445 1359 531 1380 vero
563 1350 679 1391 ipsius
711 1349 859 1381 Arnoldi
890 1349 962 1380 iam
995 1349 1158 1383 defuncti
1189 1351 1225 1382 in
1255 1351 1431 1392 regimine
1458 1351 1683 1383 successoris
1710 1352 1812 1382 cuius

89 1405 215 1437 itidem
240 1406 404 1448 superius
429 1396 648 1437 mentionem
674 1405 827 1437 fecimus
853 1406 890 1436 in
915 1405 998 1437 ludo
1025 1406 1205 1438 litterario
1232 1407 1277 1438 ad
1303 1410 1445 1449 tempus
1472 1407 1661 1439 coadiutor
1684 1409 1812 1448 utputa

89 1461 119 1493 6i
146 1461 305 1494 eiusdem
330 1462 513 1504 gymnasii
539 1462 607 1493 loci
633 1461 711 1493 siue
738 1461 873 1493 ordinis
899 1462 1202 1494 scholasticorum
1228 1463 1341 1495 lector
1366 1474 1410 1495 ac
1436 1463 1582 1495 tandem
1603 1463 1647 1494 ad
1666 1462 1812 1504 religio-

89 1529 169 1550 nem
196 1528 394 1550 conuersus
415 1515 597 1561 [a.1503.]
618 1519 653 1549 in
678 1518 882 1549 monastica
908 1522 944 1549 et
968 1519 1130 1560 regulari
1155 1519 1352 1561 disciplina
1378 1519 1579 1561 discipulus
1596 1529 1696 1551 meus
1715 1529 1811 1550 acce-

85 1575 272 1616 ptissimus
290 1575 394 1607 homo
412 1578 506 1606 certe
522 1575 559 1606 in
577 1575 712 1606 sanctis
731 1574 919 1616 scripturis
938 1575 1118 1607 studiosus
1136 1578 1171 1606 et
1188 1576 1360 1608 secularis
1380 1575 1608 1618 philosophie
1627 1575 1811 1617 omnisque

89 1631 182 1663 bone
213 1631 420 1663 litterature
453 1641 496 1662 ac
525 1631 614 1663 artis
640 1631 796 1673 ingenue
821 1630 1025 1673 disciplinis
1051 1632 1210 1663 imbutus
1236 1633 1383 1674 ingenio
1409 1635 1577 1674 prestans
1604 1631 1750 1663 subtilis
1777 1635 1813 1663 et

90 1691 216 1719 acutus
242 1687 385 1729 eloquio
413 1687 533 1719 clarus
560 1691 669 1729 atque
696 1688 918 1729 compositus
945 1691 980 1719 et
1006 1688 1161 1729 purioris
1180 1688 1353 1720 rhomane
1372 1688 1494 1730 lingue
1513 1688 1700 1729 omnisque
1719 1687 1812 1719 anti-

90 1745 242 1785 quitatis
272 1743 469 1786 indagator
501 1748 536 1775 et
566 1743 685 1775 cultor
715 1744 979 1775 solertissimus
1011 1755 1119 1786 grece
1146 1754 1286 1786 quoque
1312 1744 1435 1786 lingue
1467 1744 1598 1786 oppido
1630 1743 1811 1776 studiosus

87 1801 164 1832 vita
191 1803 226 1832 et
252 1801 532 1832 conuersatione
565 1800 717 1831 deuotus
750 1803 864 1832 metro
891 1800 1075 1832 excellens
1102 1805 1138 1832 et
1162 1811 1270 1842 prosa
1297 1801 1400 1832 cuius
1426 1801 1536 1832 studii
1563 1800 1750 1831 suauitate
1777 1802 1813 1831 et

89 1856 188 1888 dulci
214 1856 486 1889 cohabitatione
518 1857 636 1888 instar
667 1856 802 1888 corculi
827 1857 898 1888 mei
923 1857 1038 1898 partis
1064 1867 1144 1889 cum
1169 1857 1398 1889 iuconditate
1425 1857 1542 1896 fruor,
1576 1857 1706 1898 dignus
1732 1866 1811 1897 pro-

90 1912 185 1944 fecto
216 1913 427 1954 magisterio
460 1923 523 1945 suo
554 1913 724 1945 iuuenum
757 1916 812 1944 est
845 1913 940 1944 enim
975 1913 1127 1945 fratrum
1159 1914 1333 1956 magister
1364 1913 1496 1955 quippe
1530 1913 1588 1944 cui
1619 1912 1662 1944 ob
1695 1912 1810 1944 docile

89 1969 220 2000 mentis
245 1979 308 2000 sue
333 1969 518 2011 ingenium
546 1969 762 2010 feruensque
788 1969 873 2010 iuge
900 1969 1056 2001 studium
1076 1971 1154 2001 eius
1173 1970 1345 2002 noticiam
1364 1969 1545 2000 habentes
1563 1969 1696 2010 quique
1715 1969 1812 2000 docti

89 2024 299 2056 afficiuntur
330 2026 401 2056 viri
432 2035 536 2066 quem
570 2029 607 2057 et
631 2025 830 2057 Tritemius
861 2029 988 2057 noster
1017 2025 1087 2057 hac
1118 2029 1244 2058 nostra
1268 2028 1487 2067 tempestate
1517 2025 1673 2057 omnium
1698 2025 1811 2056 bona-

89 2091 166 2112 rum
189 2080 392 2113 litterarum
418 2082 587 2123 princeps
620 2082 694 2113 suis
721 2082 758 2112 in
783 2081 918 2113 litteris
945 2091 1051 2123 quam
1078 2081 1270 2123 plurimum
1297 2081 1526 2114 commendat
1552 2083 1587 2113 et
1613 2084 1711 2112 amat
1756 2082 1810 2113 De

90 2147 159 2178 quo
191 2138 276 2179 quia
307 2147 457 2179 presens
489 2140 657 2179 superest
689 2147 806 2168 meum
838 2137 1012 2168 iudicium
1042 2138 1079 2169 in
1111 2138 1377 2180 presentiarum
1411 2137 1584 2169 subtraho
1615 2147 1661 2169 ne
1689 2136 1749 2169 vel
1774 2138 1811 2168 in

89 2193 303 2225 alterutram
335 2196 474 2235 partem
506 2197 569 2225 aut
601 2193 764 2226 adulatio
797 2194 834 2224 in
865 2203 921 2225 me
954 2194 1246 2236 reprehendatur
1271 2197 1335 2226 aut
1359 2195 1498 2227 veritas
1546 2193 1701 2234 Scripsit
1725 2203 1810 2225 vero

89 2250 376 2282 studiosissimus
400 2250 456 2281 vir
479 2252 552 2281 tam
579 2251 737 2282 carmine
764 2260 870 2291 quam
896 2250 1061 2282 oratione
1087 2251 1207 2283 soluta
1232 2251 1345 2283 multa
1370 2261 1434 2293 pro
1461 2250 1663 2282 eruditione
1689 2249 1812 2291 legen-

88 2306 177 2337 tium
210 2308 246 2337 et
277 2306 474 2338 deuotione
506 2306 733 2338 viuacissimi
765 2305 901 2348 ingean
934 2306 990 2337 sui
1021 2307 1307 2338 commendanda
1340 2307 1514 2349 opuscula
1545 2306 1677 2347 quibus
1710 2316 1748 2337 se
1776 2309 1812 2337 et

90 2362 321 2404 presentibus
346 2362 473 2394 vtilem
500 2365 535 2394 et
560 2363 715 2403 posteris
740 2363 887 2404 prebuit
913 2362 1185 2395 memorabilem
1212 2375 1256 2395 ex
1282 2363 1411 2404 quibus
1438 2366 1566 2395 extant
1590 2363 1754 2394 subiecta

91 2418 279 2450 Variorum
304 2419 504 2450 carminum
530 2417 575 2450 ad
601 2429 657 2450 me
906 2417 968 2459 lij
1050 2418 1292 2461 Sepenumero
1318 2419 1512 2451 demiratus
1537 2429 1613 2450 sum
1645 2419 1811 2460 princeps

90 2474 341 2506 Bucolicorum
368 2475 566 2506 carminum
905 2475 931 2506 li
953 2474 968 2515 j
1049 2476 1205 2507 Lentule
1230 2479 1291 2508 tue
1318 2486 1454 2508 summo
1485 2475 1622 2507 sterilis

89 2529 144 2562 De
170 2530 266 2562 bello
291 2531 383 2562 inter
402 2529 588 2562 Cliuenses
614 2534 649 2562 et
668 2531 854 2571 gelrenses
906 2530 932 2561 li
957 2530 998 2571 iij
1049 2532 1137 2572 Quis
1163 2542 1234 2563 non
1259 2533 1410 2564 miretur
1436 2531 1562 2563 felicia
1589 2530 1710 2562 secula

89 2586 144 2617 De
169 2585 265 2617 bello
291 2587 386 2618 inter
409 2586 480 2628 pal,
500 2591 535 2618 et
558 2586 741 2629 lantgrau.
906 2587 931 2617 li
952 2585 966 2626 j
1047 2587 1152 2619 Bella
1178 2598 1242 2629 per
1266 2588 1480 2620 allaemanos

90 2643 131 2674 In
157 2642 432 2684 panepistcmon
459 2642 583 2674 fratris
609 2642 769 2674 Crisanti
906 2642 931 2673 li
956 2641 992 2682 vj
1049 2643 1138 2674 Cum
1163 2654 1278 2685 nuper
1303 2644 1390 2675 mihi
1415 2643 1572 2674 iubendo

89 2698 374 2730 Meditacionuln
397 2700 479 2740 post
504 2698 776 2740 completorium
906 2699 931 2729 li
952 2697 966 2738 j
1047 2699 1135 2730 Cum
1162 2699 1237 2730 diui
1261 2699 1459 2730 bernhardi

90 2755 143 2786 De
161 2755 401 2786 veneracione.
421 2754 445 2786 s.
465 2754 644 2796 virginum
661 2755 725 2786 Ca.
743 2759 778 2786 et
795 2755 861 2786 bar
908 2754 934 2785 li
960 2753 998 2794 iij
1047 2755 1261 2786 Reuerendo
1291 2756 1326 2786 in
1352 2755 1480 2787 cbristo
1506 2755 1603 2795 patri

91 2812 146 2842 De
171 2811 329 2843 vtilitate
355 2809 489 2851 silentij
905 2810 932 2841 li
957 2809 982 2850 ij
1049 2812 1087 2843 Si
1112 2810 1339 2852 pithagorice
1364 2811 1478 2842 forem
1502 2811 1692 2842 institutus

90 2867 146 2899 De
173 2867 427 2909 compassione
450 2867 560 2898 beate
582 2866 698 2898 Marie
908 2866 933 2896 li
955 2865 969 2906 j

90 2923 131 2954 In
156 2923 333 2965 Regulam
357 2923 507 2954 metrice
905 2922 930 2953 li
951 2921 966 2962 j
1046 2922 1173 2965 Exigit
1196 2923 1336 2955 vtilitas

91 2979 145 3011 Ad
170 2979 316 3011 beatam
342 2980 432 3022 virg.
449 2979 815 3011 Ma.Eucl1aristicon
908 2978 934 3009 li
954 2978 968 3018 j
1047 2979 1151 3010 Alma
1176 2978 1235 3010 dei
1261 2981 1420 3021 genitrix
1446 2990 1613 3021 superum

92 3035 334 3069 Grenetliacon
366 3036 556 3068 saluatoris
905 3035 931 3066 li
954 3034 969 3074 j
1050 3035 1170 3067 Criste
1196 3037 1257 3077 qui
1284 3036 1434 3069 sontem'
1447 3036 1729 3078 superfluentem

1475 3096 1543 3126 30*
