2119 3522
317 204 411 249 672
828 217 1093 239 COMMENTARIVS
1117 217 1163 238 An
1188 217 1259 238 srr.
1278 216 1308 238 o.
1327 217 1359 238 v.
1383 216 1461 238 vor..
1475 215 1511 237 11.

316 281 400 319 Pag.
418 278 507 313 201-

406 333 443 364 61
466 329 636 363 manibus
661 330 746 361 sunt
771 338 914 369 eorum,
947 327 1011 370 qui
1034 327 1112 361 haec
1136 327 1260 360 studia
1283 327 1456 361 tractant.
1503 320 1772 360 Humanioruni
1804 328 1928 362 autem
1954 329 2027 361 stu-

405 386 550 419 diorum
575 386 612 418 et
636 384 768 428 philos.
786 383 1011 427 professores
1042 393 1103 416 eos
1133 393 1280 426 semper
1310 382 1480 416 habuisse
1506 381 1717 426 Tubingam
1747 384 1907 425 constat,
1939 393 2027 426 quo-

404 453 485 474 rum
512 439 759 473 eruditionem
785 439 823 472 et
846 438 1040 472 scientiam
1064 439 1183 471 totam
1208 437 1446 472 Germaniam
1472 437 1672 472 excoluisse
1697 438 1872 472 scimus“.

316 502 354 532 91
382 495 592 539 vilissimus]
618 494 946 528 Melanchthonem
970 494 1062 537 puto
1086 493 1306 526 vilissimum
1331 493 1710 535 (notanselmlichsten,
1735 494 2027 536 uncwhtbarstem

406 552 479 585 dici
509 551 663 595 propter
691 551 925 584 iuventutem
955 559 1157 592 recensque
1188 548 1323 582 artium
1353 549 1608 593 magisterium
1639 548 1738 592 quod
1769 549 1802 583 d.
1827 553 1880 584 25.
1903 550 1980 583 Ian.
1997 560 2030 583 a.

409 612 504 642 1:314.
530 607 688 650 adeptus
718 605 855 647 fuerat,
882 605 936 639 ita
958 606 1001 639 ut
1023 605 1122 638 inter
1146 605 1395 648 praeceptores
1419 604 1639 638 novissimus
1663 605 1770 638 esset.
1818 604 1892 639 Sed
1915 605 2031 649 possis

407 664 520 697 etiam
558 662 812 696 ‘vilissimum'
848 661 1087 706 interpretari
1128 660 1191 694 der
1229 660 1515 703 verwerflichste,
1559 660 1769 704 elendzssyste,
1811 661 2032 702 selmocleste,

406 719 567 753 maxime
599 719 628 751 si
658 717 834 761 respicias
865 716 912 750 ad
942 716 981 749 id
1012 715 1110 759 quod
1142 714 1373 749 Camerarius
1402 715 1426 749 l.
1450 727 1479 750 c.
1502 727 1538 759 p.
1558 719 1608 750 18.
1626 715 1788 750 rettulit:
1820 715 2032 760 „Capnioni

370 812 372 815 ,
406 775 521 820 igitur
551 776 630 808 tum
655 774 765 808 rebus
791 774 828 807 et
852 773 974 806 dubiis
1000 773 1038 805 et
1061 771 1170 805 valde
1196 770 1410 805 difficilibus
1435 781 1477 805 ac
1508 771 1673 805 molestis
1704 771 1850 805 assidue
1877 772 1915 805 et
1944 771 2033 805 fide-

405 831 492 865 liter
521 831 655 874 praesto
685 829 756 863 fuit
779 828 974 872 Philippus
1003 826 1268 861 Melanchthon
1300 827 1543 861 describendo
1575 827 1809 871 potissimum
1833 838 1878 861 ea
1901 827 2034 871 quibus

407 887 573 921 defensio
599 897 718 920 causae
744 884 1021 926 continebatur,
1055 885 1093 917 et
1116 895 1197 927 quae
1223 883 1270 916 ad
1300 883 1480 917 iudicium
1509 883 1694 917 mittenda
1719 884 1840 925 erant,
1874 884 1912 916 et
1935 883 2034 926 quic-

408 942 497 986 quid
522 942 671 976 omnino
697 941 744 975 ad
770 940 967 984 Capnionis
991 939 1242 973 innocentiam
1268 938 1529 973 declarandam
1555 940 1594 973 et
1624 939 1914 973 conservandam
1940 939 2034 972 salu-

407 1000 485 1032 tem
510 998 807 1043 dignitatemque
834 998 929 1040 (quae
954 995 1154 1040 petebatur
1178 996 1350 1037 utraque)
1375 994 1597 1038 pertineret,
1631 995 1801 1028 omnibus
1825 994 1944 1028 modis
1969 994 2031 1028 ad-

409 1055 570 1089 iuvando
589 1081 596 1087 .
614 1064 735 1097 neque
760 1051 954 1095 Philippus
980 1051 1027 1085 ad
1053 1050 1281 1094 Capnionem
1311 1049 1420 1083 1110ᾶο
1446 1049 1725 1094 Stnggardiam,
1758 1050 1822 1083 ubi
1851 1050 1910 1084 1116
1933 1050 2036 1084 habi-

409 1111 530 1152 tabat,
558 1111 688 1144 crebro
714 1108 908 1149 accedere,
941 1107 1006 1141 sed
1032 1106 1171 1150 Capnio
1197 1116 1345 1149 quoque
1370 1105 1449 1149 ipse
1480 1116 1576 1150 saepe
1601 1106 1728 1140 venire
1753 1105 1964 1150 Tubingam
1989 1106 2036 1139 ad

409 1166 625 1210 Philippum
652 1166 689 1199 et
715 1175 799 1198 cum
825 1174 867 1197 eo
894 1190 901 1196 .
921 1189 927 1196 .
947 1189 954 1196 .
980 1161 1247 1196 confabula1·i.“
1288 1160 1383 1194 Vide
1409 1172 1557 1204 quoque
1582 1161 1679 1195 infra
1703 1173 1738 1205 p.
1756 1163 1852 1196 2792.
1877 1182 1919 1185 —
1948 1161 2037 1195 Vilis

408 1223 537 1263 snode,
568 1221 722 1262 schno'd,
754 1220 873 1260 lilioli,
905 1218 1137 1259 θῖῖεησῑᾱίσῑι,
1169 1217 1254 1252 {ioht
1285 1217 1475 1261 9686116651,
1507 1218 1635 1260 zcolffel
1660 1218 1766 1262 (linge,
1797 1218 2038 1252 zmachtbar.“

409 1278 579 1312 Diefenb.
599 1277 759 1311 Glossar.
777 1276 811 1309 h.
830 1287 863 1309 v.

320 1341 361 1370 93
387 1335 437 1368 cccl
461 1345 486 1368 s.
505 1333 689 1377 Iacobmn]
717 1330 1058 1376 Compostellanum
1085 1329 1183 1373 (San
1208 1329 1305 1374 Jctyo
1329 1329 1371 1363 cli
1398 1329 1666 1373 Compostella).
1693 1341 1773 1374 quae
1805 1340 1909 1364 sacra
1932 1340 2036 1374 pere-

410 1390 569 1435 grinatio
594 1389 692 1423 inter
717 1387 989 1422 efficacissimas
1014 1387 1079 1420 est.

321 1451 364 1481 94
388 1446 558 1480 Bebelius
668 1442 933 1487 Brassicanns]
967 1442 1012 1476 cf.
1030 1442 1108 1475 Ind.
1127 1443 1244 1487 biogr.
1270 1442 1330 1475 hh.
1349 1444 1433 1476 artt.
1483 1441 1520 1476 Si
1551 1441 1764 1476 Stoffierum
1796 1452 1943 1486 quoque
1975 1452 2037 1475 no-

410 1502 569 1535 minaret
595 1499 861 1541 Schlauraffus,
888 1500 1059 1542 putarem
1086 1497 1337 1533 Camerarium
1361 1497 1408 1532 ad
1431 1498 1501 1532 hoc
1526 1509 1675 1532 carmen
1699 1498 1920 1542 respexisse,
1954 1509 2038 1531 611111

410 1559 496 1602 post
519 1558 635 1591 verba
659 1556 706 1590 ad
731 1568 763 1590 V.
778 1560 831 1590 89.
849 1554 1073 1598 transcripta
1097 1554 1147 1588 sic
1172 1555 1363 1599 pergeret:
1392 1564 1467 1596 „ex
1492 1554 1626 1598 quibus
1649 1555 1749 1596 tunc,
1776 1565 1859 1588 cum
1883 1564 1927 1598 eo
1954 1553 2038 1598 [Tu-

410 1614 575 1658 bingam]
600 1612 795 1656 Philippus
819 1611 938 1653 venit,
977 1610 1146 1644 viventes
1177 1612 1215 1644 et
1245 1621 1396 1655 operam
1425 1611 1605 1644 navantes
1637 1609 1804 1644 docendo
1834 1609 2038 1644 Iohannem

413 1670 636 1704 Stofelerum
669 1669 707 1702 et
736 1667 972 1701 Francisoum
999 1666 1234 1708 Stadianum,
1267 1677 1378 1710 quem
1410 1667 1448 1700 et
1477 1665 1593 1699 coluit
1625 1667 1663 1699 et
1692 1665 1824 1700 dilexit
1846 1665 2039 1710 Philippus

412 1726 590 1770 inprimis,
618 1726 655 1758 et
679 1723 880 1757 Henricum
898 1722 1108 1764 Bebeliuni,
1136 1733 1247 1766 quem
1271 1723 1460 1756 mortuum
1485 1721 1651 1755 versibus
1676 1721 1876 1765 epitaphiis
1902 1720 2039 1756 Graecis

412 1782 607 1825 Philippus
644 1780 804 1822 ornavit,
848 1781 885 1813 et
920 1779 1123 1813 Iohannem
1163 1778 1419 1812 Brassicanum
1453 1778 1718 1822 [Kolclburyer]
1756 1777 1961 1811 nominasse
2000 1778 2039 1810 in

413 1837 609 1882 praesentia
639 1837 726 1870 satis
755 1836 991 1870 habuimus&
1045 1834 1241 1868 Bebelium
1273 1834 1438 1868 celebrat
1473 1834 1586 1868 etiam
1616 1833 1720 1867 Hutt.
1745 1833 1890 1875 Querel.
1914 1833 1959 1867 Π.
1986 1838 2038 1875 10,

412 1904 472 1930 229.
489 1906 564 1938 sqq.

323 1955 365 1985 95
396 1949 613 1993 Vei-eander]
640 1949 684 1983 cf.
703 1948 780 1982 Ind.
799 1948 916 1993 biogr.
933 1960 968 1992 p.
987 1951 1062 1982 494.
1079 1947 1113 1980 h.
1132 1948 1198 1981 art.
1247 1946 1349 1980 Alias
1374 1946 1545 1980 scribitur
1570 1945 1786 1980 Gereander
1816 1946 1893 1980 sive
1919 1945 2039 1981 Gerae-

415 2006 546 2047 ander,
572 2007 614 2039 ut
633 2005 665 2038 G
684 2006 722 2038 et
743 2004 776 2037 V
790 2004 1011 2038 commutari
1029 2004 1160 2037 solent.
1199 2001 1330 2036 Futilis
1355 2003 1411 2036 est
1426 2002 1727 2036 Bretschneideri
1751 2002 1875 2036 adnot.
1901 2002 2039 2044 „Vere-

414 2061 539 2103 ander,
572 2060 829 2095 lVahrmamt?
855 2059 919 2093 sed
944 2059 1122 2093 Forstem.
1141 2059 1292 2093 coniicit
1316 2070 1393 2093 esse
1420 2058 1675 2092 Crete-andrum
1695 2086 1700 2091 .
1721 2060 1771 2092 .“.
1820 2058 2039 2092 Germanice

415 2129 549 2152 110111611
581 2128 657 2152 esse
682 2117 861 2150 Alcmenen
895 2115 1061 2157 videtur,
1095 2114 1195 2159 quod
1225 2114 1411 2158 hodieque
1442 2114 1658 2158 frequenter
1689 2114 1858 2148 occurrit.
1913 2114 2040 2148 W'ahr-

414 2186 527 2208 mmm
551 2174 613 2207 vix
637 2173 716 2217 ipse
743 2172 856 2206 Celtis
882 2173 947 2206 aut
971 2172 1079 2205 huius
1105 2172 1237 2215 aliquis
1263 2170 1466 2215 discipulus
1491 2181 1535 2205 ex
1560 2169 1692 2204 Latino
1719 2174 1756 2203 61
1781 2170 1908 2204 Graeco
1933 2177 2039 2205 voca-

415 2230 501 2263 bulo
527 2229 809 2273 composuisset,
838 2229 875 2261 61
899 2228 928 2261 si
953 2229 1079 2262 tamen
1098 2227 1261 2269 fecisset,
1287 2237 1361 2260 non
1379 2226 1474 2260 Vere
1497 2227 1582 2260 -aut
1598 2226 1704 2260 Verte
1725 2227 1811 2260 —sed
1831 2226 2041 2261 Veriander

415 2286 628 2329 scripsisset.

325 2345 366 2375 97
393 2341 544 2385 quidam
569 2368 576 2374 .
595 2368 628 2375 ..
654 2341 896 2385 Frcmciscus]
928 2339 1036 2374 Hunc
1067 2339 1285 2374 Stadianum
1317 2350 1410 2381 esse,
1443 2338 1740 2373 Melanchthonis
1764 2339 1924 2373 amicum
1949 2350 2039 2383 prae-

416 2398 606 2441 ceptorem
632 2396 692 2439 (cf.
711 2395 895 2430 Camerar.
914 2396 960 2430 ad
986 2408 1019 2429 v.
1033 2399 1086 2429 94.
1103 2397 1248 2439 repet),
1276 2395 1572 2429 demonstratum
1598 2396 1654 2429 est
1677 2395 1755 2429 lnd.
1775 2395 1892 2439 biogr.
1910 2407 1945 2439 p.
1963 2399 2040 2429 478.

417 2454 484 2487 art.
504 2452 712 2487 Stadianus.

326 2514 369 2543 98
394 2509 634 2553 cavisatiooze]
660 2508 696 2542 h.
713 2509 735 2542 1.
754 2519 827 2543 non
853 2508 1054 2553 significat,
1087 2508 1129 2541 ut
1158 2507 1390 2542 Eichstadius
1421 2508 1546 2542 omnia
1575 2507 1664 2541 iuris
1694 2508 1876 2542 vocabula
1905 2507 2041 2552 permi-

417 2576 520 2599 scens
545 2565 748 2608 adnotavit,
776 2564 1028 2607 „cautionen1,
1054 2564 1119 2597 ubi
1144 2564 1277 2608 aliquis
1300 2564 1434 2608 praedis
1458 2564 1539 2598 loco
1564 2575 1631 2608 pro
1657 2564 1781 2608 aliquo
1807 2564 2040 2608 sponsionem

417 2620 549 2663 facit“,
576 2621 639 2655 sed
663 2621 827 2665 prudens
851 2620 1063 2663 consilium,
1089 2619 1287 2664 providum
1313 2619 1541 2654 Schlaurafl'o
1566 2620 1738 2654 instantis
1762 2620 1918 2664 periculi
1946 2620 2040 2653 indi-

419 2678 526 2711 cium.
568 2677 612 2711 cf.
632 2677 676 2710 acl
703 2679 792 2711 24¹⁷.

367 2734 531 2776 portavit
556 2735 621 2778 me]
648 2732 793 2767 curavit
817 2734 858 2766 111
883 2731 1096 2776 effugerem,
1121 2733 1183 2766 hat
1207 2733 1302 2767 «1111671
1324 2732 1631 2777 herausyebracht.

329 2793 370 2823 99
396 2789 440 2823 ab
466 2819 473 2824 .
494 2816 526 2822 ..
552 2790 685 2834 venire]
712 2799 779 2823 ¹con
806 2789 883 2823 dem
909 2789 1140 2831 Poetenpack
1165 2789 1437 2831 Zoszulcommen,
1462 2789 1621 2823 evadere
1647 2789 1692 2822 ab
1718 2789 1795 2822 istis
1819 2790 1949 2833 poetis.

332 2849 394 2879 100
413 2845 556 2888 patrm]
582 2856 655 2879 non
681 2845 799 2879 solum
822 2844 1037 2886 Vaterlaud,
1059 2845 1281 2887 Vaterstadt,
1306 2844 1371 2878 sed
1396 2845 1509 2878 etiam
1527 2845 1752 2889 generaliter
1770 2845 1895 2886 Lcmd,
1913 2845 2041 2879 Land-

419 2900 548 2942 schaft,
576 2900 712 2942 Gebz'et,
737 2901 967 2945 provinciam
993 2901 1068 2934 sive
1094 2901 1295 2945 regionem,
1323 2903 1361 2934 et
1384 2900 1452 2934 1106
1477 2901 1558 2934 1060
1583 2900 1790 2943 civitatem,
1817 2901 1897 2935 eine
1919 2899 2041 2942 Stadt,

421 2956 613 3000 significat.
663 2956 714 2990 Cf.
733 2968 844 3000 supra
869 2956 915 2990 ad
940 2968 974 3000 p.
994 2960 1036 2991 66
1046 2957 1084 2990 ²³.
1557 2961 1562 2965 '

376 3011 636 3056 Aryeminam]
663 3012 738 3045 iam
769 3012 900 3046 saeculo
931 3014 1062 3055 quarto
1097 3014 1255 3046 excunte
1288 3024 1368 3047 eain
1401 3014 1590 3047 civitatem
1622 3013 1811 3056 appellare
1837 3013 2039 3056 coeperunt,
