2119 3522
232 238 304 261 EPP.
318 235 360 260 37.
374 234 417 260 38.
443 236 615 260 GEORGIVS
630 236 743 259 BLECK
760 235 919 260 ORTVINO.
933 249 975 253 —
993 234 1188 258 DEMETRIVS
1204 234 1396 258 PHALERIVS
1413 232 1570 258 ORTVINO.
1701 214 1792 261 717

88 297 171 337 Pag.
188 295 278 332 247.
1177 294 1263 335 Pag.
1278 295 1354 326 ⁶247.
1367 305 1397 326 v.
1414 302 1427 326 7
1446 319 1452 326 .
1468 319 1474 325 .
1491 319 1497 325 .
1516 294 1602 334 Pag.
1616 294 1691 326 248.
1711 306 1740 326 ν.
1754 302 1795 326 12.

339 382 573 417 EPISTOLA
599 383 662 420 38.
704 381 982 416 DEMETRIVS
1007 380 1278 416 PHALERIVS
1306 381 1534 418 ORTVINO.

88 466 128 496 18
152 461 344 495 Phalcrius
368 465 398 495 4.
418 465 447 495 5.
465 465 496 495 7.
513 464 544 494 8.
562 463 705 494 24...26.
738 459 908 493 Valerius
941 464 1059 493 9...14.
1086 463 1226 494 16...23.
1257 479 1300 484 —
1336 459 1548 496 Demetrius
1582 462 1794 504 Phalereus,

176 517 239 560 qui
264 517 330 550 sub
355 517 475 560 primo
501 515 703 549 Ptolemaeo
734 514 827 559 Lagi
857 515 978 558 prima
1007 515 1250 549 fundamenta
1278 516 1513 552 bibliothecae
1537 517 1796 552 Alexandrinae

174 573 273 614 iecit,
299 573 501 606 secundum
528 572 600 606 Cic.
620 571 664 605 de
691 570 789 604 off.1.
809 574 837 604 1.
863 570 934 604 fuit
958 571 1197 614 „disputator
1227 571 1388 614 subtilis,
1421 574 1544 607 orator
1572 584 1705 617 parum
1734 584 1796 607 ve-

174 627 337 670 hemens,
363 628 406 661 ut
422 627 669 671 Theophrasti
694 626 915 670 discipulum
940 627 1055 669 possis
1081 629 1322 671 agnoscere“‚
1350 629 1388 662 et
1412 629 1583 663 similiter
1605 629 1705 663 idem
1724 628 1794 663 Cic.

175 683 240 726 (cf.
258 683 365 727 impr.
383 683 428 716 de
455 682 516 716 fin.
534 695 565 716 v.
586 686 636 715 19.
655 685 673 723 ξ
692 684 765 725 54.)
789 681 886 714 hunc
916 681 1147 715 Demetrium
1178 683 1313 725 passim
1344 684 1482 718 laudat.
1530 685 1617 727 Quae
1642 686 1795 719 fortasse

174 750 285 772 causa
313 738 385 772 fuit
413 738 575 772 Phalerii
605 737 703 770 inter
734 736 916 771 Obscuros
941 737 1155 780 recipiendi.
1203 737 1385 772 Demetrii
1410 739 1455 773 de
1486 740 1794 784 interpretatione

174 794 268 828 liber
291 794 482 838 prodierat
505 794 603 827 inter
626 792 807 826 Rhetores
833 791 977 826 Graecos
1003 792 1048 826 ab
1073 793 1169 826 Aldo
1195 804 1226 827 a.
1246 798 1340 828 1508.
1359 806 1409 838 sq.
1428 796 1645 839 publicatos.

83 854 123 884 21
150 849 318 884 Sco-ibitis
338 876 345 882 .
361 876 368 883 .
387 848 628 892 iuterroyans]
656 847 714 882 Sic
739 847 875 891 plurali
900 847 1133 882 allocutionis
1158 860 1224 893 pro
1243 849 1421 894 singulari
1445 851 1647 885 utebantur
1672 853 1716 885 ab
1742 853 1794 885 in-

174 906 285 939 eunte
316 904 440 938 medio
472 915 567 945 aevo,
600 904 642 937 ut
667 903 885 937 Germanice
918 914 1065 946 quoque
1091 904 1148 937 fit:
1182 916 1212 939 e.
1230 917 1282 949 gr.
1300 916 1364 940 vos
1397 907 1482 939 estis
1513 908 1634 951 (unus)
1667 907 1795 941 doctus

172 960 230 994 vir
253 977 296 988 =
320 961 389 994 Ilm·
411 960 488 994 said
513 960 589 993 sive
615 959 676 993 Sic
700 959 786 993 siml
812 959 870 992 ein
893 959 1067 1003 yelehrter
1090 959 1222 994 Manu.

84 1020 126 1050 22
150 1027 262 1050 causa
285 1016 384 1060 fidei]
412 1015 455 1050 cf.
474 1016 520 1049 ad
544 1019 587 1050 23
597 1016 620 1049 ².

83 1076 125 1106 23
151 1072 281 1106 habeut
305 1072 439 1105 malam
464 1072 613 1115 famum]
648 1070 700 1105 Cf.
719 1071 832 1106 etiam
857 1083 891 1115 p.
910 1075 985 1106 298.
1003 1072 1025 1105 i.
1044 1072 1066 1105 f.
1085 1076 1160 1107 299.
1178 1073 1258 1106 init.

83 1131 126 1162 24
151 1128 344 1172 clisfflatz'a]
372 1130 432 1156 ‘=
459 1128 490 1170 1)
516 1126 685 1169 offensio,
712 1127 972 1169 infortunium,
999 1128 1033 1170 2)
1058 1128 1225 1170 morbus,
1249 1128 1473 1163 infirmitas'.
1499 1130 1686 1175 Ducange.
1724 1131 1795 1165 Sed

172 1183 206 1217 h.
223 1183 246 1216 1.
264 1184 302 1216 in
328 1183 507 1227 disgratia
531 1193 607 1217 esse
633 1200 676 1211 =
700 1183 738 1216 in
763 1182 864 1224 odio,
897 1183 935 1216 in
961 1183 1116 1227 offensa,
1149 1196 1222 1218 non
1247 1185 1284 1218 in
1315 1186 1440 1220 favore
1467 1197 1567 1228 esse‚·
1594 1188 1797 1230 mz'ssbeliebt

172 1240 260 1273 sein.
287 1238 381 1273 Gall.
401 1239 574 1283 disy-racc.
599 1238 680 1272 ltal.
700 1239 894 1282 (Zisyrazc'a.

128 1295 355 1338 Innoceoztes]
383 1294 533 1328 Scilicet
557 1295 676 1338 „quia
700 1305 891 1338 nunquam
916 1295 1026 1329 credo
1046 1323 1076 1330 ..
1097 1307 1177 1339 quae
1203 1297 1376 1331 dicuntur
1401 1298 1446 1332 de
1473 1298 1565 1332 eis“.

83 1354 125 1385 25
149 1351 191 1384 in
216 1350 330 1394 Beroe]
358 1350 401 1384 cf.
420 1350 467 1384 ad
492 1351 581 1384 343⁸.

84 1411 126 1443 ‘26
151 1407 268 1451 ἱρέων
292 1406 366 1449 etc]
391 1405 606 1449 Prorumpit
635 1405 777 1440 invidia
802 1407 839 1440 et
864 1406 1085 1442 obtrectatio
1110 1408 1207 1442 inter
1232 1408 1492 1444 Dominicanos
1524 1422 1565 1445 ac
1590 1410 1796 1446 Francisca-

172 1473 238 1496 nos
262 1472 452 1505 nunquam
478 1462 608 1505 sopita.

83 1523 125 1553 30
152 1518 282 1563 deleri]
310 1518 355 1552 cf.
373 1520 528 1552 343⁷·⁵q‘³·

127 1575 204 1617 ipse
226 1585 262 1608 se
286 1574 465 1617 nominat]
493 1572 645 1608 Solebat
668 1573 840 1608 Erasmus
865 1574 1006 1609 nomini
1031 1587 1095 1609 suo
1122 1576 1266 1611 adicere
1295 1577 1544 1622 ‘theologus⁷‚
1578 1590 1651 1613 non
1678 1579 1795 1613 ‘theo-

172 1630 281 1675 logiae
306 1630 452 1664 doctor'
478 1629 539 1663 vel
564 1629 721 1664 similem
746 1630 882 1675 gradus
908 1631 1110 1665 academici
1136 1632 1437 1676 appellationem.

83 1690 122 1721 31
143 1686 265 1729 poeta]
295 1685 482 1719 ‘Erasmus
506 1685 567 1719 vel
592 1685 685 1719 alius
708 1687 838 1730 poeta’
865 1689 953 1722 65¹³.

83 1746 125 1777 33
149 1742 394 1785 Proverbc'oon]
421 1741 466 1775 cf.
485 1741 531 1775 ad
557 1745 653 1775 241⁹.

83 1800 170 1841 Pag.
191 1799 282 1835 248.

84 1859 100 1888 1
122 1855 353 1899 proverbtas]
380 1854 466 1888 fem.
484 1866 568 1899 gen.
585 1856 627 1888 ut
654 1854 895 1899 ‘parabola-s&
931 1858 1021 1890 ‘una
1051 1857 1264 1900 proverbia'
1297 1870 1331 1902 p.
1357 1860 1465 1892 24920,
1499 1858 1617 1893 ‘illam
1647 1870 1796 1904 prover-

170 1910 288 1944 biam'
316 1913 428 1945 249¹&
926 1914 929 1919 '

82 1971 101 2001 3
126 1966 213 2008 fecit
233 1993 239 2000 .
255 1993 261 2000 .
277 1993 284 2000 .
305 1967 486 2011 epistolas]
512 1966 607 2000 Puto
625 1966 693 2001 hoc
720 1967 765 2001 ad
783 1966 925 2001 Erasmi
951 1979 1006 2012 ep.
1029 1968 1074 2002 ad
1092 1968 1254 2003 Leonem
1271 1969 1342 2003 ΡΡ.
1360 1969 1402 2003 X.
1421 1970 1454 2003 d.
1473 1974 1526 2005 28.
1543 1970 1631 2015 Apr.
1650 1982 1681 2004 a.
1701 1975 1795 2005 1515.

173 2022 230 2066 [cf.
246 2021 378 2066 Consp.
395 2022 557 2056 chronol.
573 2035 606 2066 p.
621 2027 692 2057 137.
703 2023 794 2067 h.d.]
810 2023 1046 2057 referendum
1062 2036 1150 2066 esse,
1170 2036 1243 2059 non
1262 2026 1308 2059 ad
1325 2026 1493 2060 libellum
1510 2027 1560 2060 sic
1578 2027 1795 2071 inscriptum

173 2077 364 2122 ‘Epistolae
395 2079 538 2122 aliquot
568 2079 767 2112 illustrium
799 2080 962 2113 virorum
994 2080 1039 2113 ad
1070 2080 1193 2114 Desid.
1211 2081 1403 2115 Erasnium
1430 2083 1468 2116 et
1497 2082 1606 2116 huius
1637 2082 1683 2116 ad
1714 2083 1796 2116 illos

171 2134 317 2168 selectae
337 2161 344 2167 .
359 2137 398 2168 ‚⁴⁶
425 2134 487 2178 qui
512 2135 674 2178 primum
698 2135 838 2179 prodiit
859 2135 1014 2170 Lovanii
1039 2147 1069 2169 a.
1090 2140 1186 2170 1516.
1204 2147 1329 2171 mense
1355 2136 1514 2171 Octobri.
1542 2138 1586 2171 de
1613 2149 1685 2182 quo
1710 2138 1795 2172 vide

170 2189 313 2223 Panzer
336 2189 429 2223 Ann.
448 2191 526 2234 typ.
543 2190 585 2224 X.
602 2202 637 2234 p.
655 2195 731 2225 330.
749 2191 816 2225 col.
835 2202 865 2225 a.

82 2250 101 2280 6
127 2246 325 2288 confundet
352 2247 448 2291 eum]
476 2246 571 2280 Satis
596 2247 665 2280 sibi
691 2258 821 2281 cavere
853 2247 998 2281 solebat
1021 2248 1191 2281 Erasmus
1217 2250 1255 2282 et
1278 2249 1474 2283 observare
1500 2249 1592 2283 illud
1617 2249 1795 2284 Ecclesia-

172 2301 254 2336 stici
278 2305 378 2335 v.14.
397 2302 475 2344 „sit
497 2313 627 2336 manus
651 2303 717 2336 tua
733 2314 844 2347 super
869 2314 908 2337 os
932 2304 1055 2343 tuum,
1081 2315 1127 2338 ne
1146 2304 1302 2348 capiaris
1326 2305 1364 2338 in
1381 2305 1495 2339 verbo
1520 2305 1796 2350 indisciplinato

173 2358 210 2391 et
234 2357 507 2401 confundaris“,
534 2359 598 2392 sed
624 2358 858 2393 Colonienses
883 2370 1030 2403 semper
1055 2359 1088 2394 ei
1113 2359 1344 2394 diffidebant.
1377 2361 1422 2395 cf.
1441 2362 1487 2395 ad
1513 2366 1554 2396 75
1567 2363 1600 2395 ¹⁷.

127 2414 219 2456 facit
242 2424 412 2457 maynam
436 2416 713 2449 revererentz'cwn
736 2414 904 2460 Erccsmo]
932 2415 976 2449 cf.
994 2427 1028 2459 p.
1047 2419 1123 2449 202.
1141 2428 1174 2450 v.
1190 2426 1248 2450 143.

83 2474 101 2504 7
127 2470 310 2504 inclinata
335 2473 386 2504 est
403 2481 475 2513 pro
499 2471 661 2515 Reuchl]
687 2470 794 2504 Unde
820 2471 932 2505 etiam
951 2471 1210 2514 Scfflauraffus,
1238 2473 1404 2516 ‘quando
1430 2473 1595 2508 visitavit
1619 2474 1795 2508 universi-

171 2526 284 2568 tates⁷
316 2526 456 2560 habens
481 2527 699 2560 mandatum
725 2537 746 2560 a
770 2527 954 2571 theologis
980 2528 1078 2571 quod
1104 2527 1234 2562 debuit
1258 2529 1439 2562 seminare
1470 2529 1636 2564 favorem
1668 2541 1795 2564 eorum

172 2582 301 2615 contra
324 2581 399 2616 Ioa.
416 2582 618 2617 Reuchlin’
646 2585 750 2627 (pag.
771 2585 918 2625 198·9.),
951 2583 1106 2617 Basileae
1138 2584 1298 2618 multum
1323 2585 1522 2618 tribulatus
1548 2587 1603 2619 est
1631 2596 1652 2620 a
1676 2587 1795 2630 poetis

171 2649 206 2681 p.
225 2641 300 2672 202.
318 2651 349 2672 v.
367 2648 522 2673 141...150.

84 2697 190 2728 7...11
220 2694 421 2728 Gloricmus
445 2695 485 2728 in
509 2694 635 2739 Bao-u]
669 2696 725 2728 est
754 2695 816 2728 ille
852 2696 999 2737 ‘unus'‚
1032 2695 1077 2729 de
1104 2707 1176 2739 quo
1203 2696 1287 2729 vide
1314 2696 1360 2730 ad
1385 2707 1468 2741 pag.
1489 2700 1561 2732 73⁶.
1611 2697 1663 2732 Cf.
1682 2698 1795 2732 etiam

172 2760 256 2794 pag.
274 2753 350 2783 202.
371 2763 398 2784 ν.
418 2760 475 2784 148.
501 2751 538 2784 et
562 2762 646 2794 pag.
664 2752 845 2784 294155‘1‘1·
895 2750 1088 2785 Glorianus
1115 2752 1228 2786 etiam
1254 2752 1343 2785 alibi
1367 2764 1434 2796 pro
1468 2752 1709 2788 ‘Glareanus’
1736 2765 1794 2788 me

171 2805 297 2850 legere
322 2806 484 2839 memini.
534 2805 586 2840 Cf.
605 2817 678 2849 seq.
697 2807 772 2840 not.

85 2865 124 2895 12
149 2871 284 2904 semper
307 2862 429 2895 volens
448 2863 647 2906 percutere]
674 2862 718 2896 cf.
735 2873 770 2906 p.
789 2867 863 2897 202.
882 2874 915 2897 V.
935 2873 992 2898 149.
1036 2862 1204 2898 Fortasse
1230 2865 1275 2898 ab
1300 2865 1369 2899 hoc
1394 2866 1628 2910 percutiendi
1653 2867 1691 2901 et
1715 2867 1795 2900 aliis

175 2920 302 2961 ‘super
326 2917 450 2951 cutem
475 2918 668 2952 veniendi’
695 2918 816 2952 studio
843 2930 907 2953 suo
926 2919 1130 2953 Glareanus
1155 2920 1192 2953 in
1217 2932 1390 2964 processu
1417 2921 1570 2956 ‘Contra
1588 2922 1794 2957 Sentimen-

172 2974 252 3006 tum
276 2972 416 3007 Parrhff
443 2973 561 3014 (Hutt.
580 2973 673 3018 Opp.
692 2973 753 3008 VI.
772 2986 807 3018 p.
825 2979 901 3010 318.
919 2976 1012 3019 sqq.)
1039 2975 1186 3010 ‘Cutius
1212 2976 1461 3012 Gloricianus⁷
1488 2978 1608 3012 dictus
1633 2979 1703 3021 est3
1730 2979 1795 3013 sed

171 3029 287 3074 possis
313 3029 425 3063 etiam
452 3029 578 3064 Cutius
604 3030 649 3063 ab
675 3030 819 3065 insueto
845 3031 958 3065 verbo
984 3031 1143 3076 simplici
1171 3033 1330 3067 ‘cutere’
1358 3033 1558 3078 deducere,
1591 3036 1633 3069 ut
1657 3036 1704 3070 sit
1727 3046 1793 3079 pro
