2119 3522
582 212 730 234 REGVLAE
756 212 1044 234 GRAMMATICALES
1071 228 1077 234 .
1093 228 1099 234 .
1115 228 1121 234 .
1149 212 1325 235 REMIGIVS.
1714 194 1810 239 453

99 325 267 358 secularis
305 335 410 367 quam
448 325 699 358 ecclesiastice
731 324 905 367 scripture
939 326 1146 358 auctoribus
1179 325 1371 358 collectum
1410 327 1573 367 miraque
1606 326 1812 358 subtilitate

98 384 304 414 contextum
336 382 545 423 prenotauit
574 381 813 423 margaritam
844 381 1134 424 philosophicam
1168 383 1204 414 in
1236 392 1307 423 qua
1339 382 1381 414 de
1414 383 1508 414 omni
1545 383 1657 414 ferme
1690 382 1813 415 scibili

96 440 261 469 tractans
293 437 410 469 tocius
442 437 638 469 racionalis
669 437 848 469 naturalis
879 440 914 469 et
939 438 1085 470 moralis
1111 438 1339 480 philosophie
1366 438 1546 480 principia
1571 438 1750 481 dialogice
1776 439 1812 470 in

93 493 281 525 duodecim
306 493 409 524 libris
439 493 601 526 breuiter
626 493 690 525 sed
716 503 786 524 non
812 493 1003 525 iniocunde
1029 494 1124 526 inter
1149 493 1365 536 discipulum
1393 497 1428 525 et
1452 495 1665 535 magistrum
1691 495 1810 536 dispu-

94 549 202 581 tando
229 549 500 590 complectitur:

93 606 147 637 De
174 606 415 647 grammatica
900 606 925 636 li
946 615 961 646 J
1034 606 1129 645 Quid
1157 609 1212 637 est
1237 605 1331 647 quod
1356 608 1391 637 te
1413 606 1484 637 iam
1504 606 1636 638 dudum
1656 606 1811 639 estuanti

92 661 146 693 De
171 660 295 703 logica
902 662 927 693 li
947 671 962 701 J
1035 662 1182 693 Amanti
1208 664 1243 692 et
1267 661 1408 694 volenti
1434 662 1524 693 nihil
1550 673 1630 695 esse
1658 663 1721 694 dif.

91 718 146 749 De
172 716 357 748 rhetorica
901 718 927 748 li
947 727 963 757 J
1035 719 1111 750 Iam
1139 717 1206 749 deo
1233 717 1379 759 auspice
1407 721 1443 749 et
1468 719 1728 759 generaciones
1744 719 1787 759 (‘?)

92 774 147 804 De
174 772 364 814 speciebus
390 772 618 805 Aritmetrice
902 773 929 803 li
948 783 964 813 J
1037 773 1132 812 Quid
1157 773 1320 804 homines
1346 772 1398 804 fili
1425 776 1461 805 et
1488 785 1551 805 eur
1577 775 1621 806 ab
1647 786 1727 816 ymo

91 829 146 860 De
172 829 312 860 musica
898 828 924 859 li
945 838 962 869 J
1032 828 1133 860 Inter
1159 832 1284 861 cetera
1311 839 1379 870 que
1406 827 1508 871 hem9
1538 833 1727 872 torquetur
1753 831 1810 875 ᾶῖῖ)

91 884 145 916 De
172 884 394 926 geometrica
898 885 925 916 li
947 894 962 925 J
1035 886 1135 916 Duas
1160 885 1330 916 hesterno
1356 886 1504 926 vesperi

89 942 144 973 De
171 941 394 972 astronomia
902 941 927 972 li
946 950 962 981 J
1035 942 1115 973 Non
1141 941 1388 982 perfunctorie
1415 951 1484 982 que
1512 943 1642 984 accepi

90 998 143 1029 De
170 997 361 1039 principiis
386 1007 504 1028 rerum
531 996 752 1028 naturalium
898 997 925 1029 li
945 1007 961 1038 J
1032 997 1181 1038 Aliquot
1206 998 1279 1028 iam
1305 997 1621 1030 lucubrationibus

64 1064 69 1068 ·
90 1053 144 1084 De
171 1053 313 1094 origine
339 1063 457 1084 rerum
483 1053 703 1085 naturalium
902 1054 928 1085 li
948 1064 963 1095 J
1036 1054 1127 1086 Miro
1153 1054 1347 1087 breuitatis
1373 1054 1497 1086 ordine

90 1110 144 1141 De
171 1112 294 1141 anima
322 1112 357 1141 et
383 1110 461 1142 eius
486 1109 666 1152 potenciis
899 1111 925 1142 11
945 1120 961 1151 J
1033 1109 1143 1142 salue
1168 1114 1360 1152 preceptor
1385 1110 1640 1142 colendissime

89 1167 143 1197 De
171 1169 298 1197 nature
325 1166 465 1208 origine
485 1170 520 1198 et
538 1167 689 1197 immort.
710 1166 827 1198 anime
899 1167 926 1198 li
945 1176 961 1207 J
1033 1166 1246 1199 Intellectus
1273 1176 1376 1207 quem
1405 1169 1440 1198 et
1465 1169 1621 1198 mentem
1648 1167 1722 1199 dic:

88 1224 143 1254 De
169 1223 360 1264 principiis
386 1222 615 1264 philosophie
898 1223 923 1254 li
944 1232 961 1264 J
1033 1223 1140 1255 Salue
1167 1222 1216 1254 fili
1241 1223 1272 1255 d.

88 1279 135 1310 Et
168 1278 242 1310 alia
274 1279 378 1320 plura
409 1288 476 1319 que
504 1279 548 1309 ad
574 1288 700 1310 manus
726 1282 870 1310 nostras
897 1280 941 1310 ad
967 1279 1036 1310 hue
1064 1280 1208 1310 minime
1235 1282 1414 1311 venerunt
1461 1279 1563 1311 Viuit
1589 1280 1707 1311 adhuc
1732 1290 1810 1320 pre·

89 1334 164 1366 fato
190 1336 257 1373 [sic]
284 1334 403 1366 domui
428 1334 709 1376 vigilantissime
736 1336 965 1376 preexistens
992 1339 1027 1367 et
1053 1336 1156 1367 varia
1183 1336 1311 1367 scribit
1337 1336 1401 1367 sub
1421 1335 1673 1367 Maximiliano
1692 1337 1809 1379 Impe-

87 1393 206 1423 ratore
230 1390 333 1423 Anno
359 1389 418 1432 dfij
447 1392 571 1423 1.5.8.
599 1388 732 1433 [1508]
761 1401 830 1432 quo
860 1391 924 1422 hec
951 1390 1181 1425 sc1·ibinms.“

87 1496 219 1528 REISZ
252 1491 322 1527 vid.
345 1485 484 1540 Reyss.

86 1603 323 1633 REMIGIVS.
364 1595 498 1633 Huius
520 1596 694 1633 nominis
717 1596 932 1646 conplures
955 1598 997 1633 in
1018 1596 1126 1647 Epp.
1152 1594 1200 1633 O.
1219 1597 1268 1634 V.
1292 1602 1583 1635 memorantur:
1619 1596 1660 1647 1)
1681 1597 1807 1636 Liber

90 1653 336 1703 ‘Remigius’
370 1649 427 1701 (p.
446 1650 534 1688 12¹2.
557 1657 621 1687 243
633 1650 682 1702 31)
717 1665 766 1690 ex
796 1653 844 1690 iis
876 1658 935 1690 est
966 1665 1066 1703 quos
1097 1653 1314 1704 inscriptos
1349 1654 1575 1704 ‘Remigius
1607 1667 1679 1704 per
1708 1654 1806 1705 figu-

85 1723 161 1756 ras,
184 1709 352 1759 Regulae
373 1722 404 1746 s.
422 1708 581 1758 Regula
602 1722 831 1759 puerorum,
855 1708 1185 1747 Fundamentum
1206 1710 1459 1757 scholarium,
1487 1710 1806 1749 Commentarius

85 1767 129 1803 in
160 1766 367 1803 Donatum
404 1766 613 1803 maiorem'
644 1765 771 1802 Haini
811 1763 1096 1816 repertorium¹
1130 1766 1297 1804 indicat.
1328 1766 1483 1804 Auctor
1522 1768 1691 1805 fortasse
1730 1768 1807 1805 fuit

84 1822 294 1872 Remigius
318 1821 460 1859 Clarus
482 1821 746 1859 Florentinus
779 1821 862 1859 ord.
886 1822 1207 1873 praedicatorum,
1241 1828 1419 1860 mortuus
1450 1837 1486 1860 a.
1513 1824 1653 1870 1312„
1688 1837 1807 1874 quem

85 1879 206 1916 etiam
244 1877 498 1928 Quaestiones
530 1877 779 1928 theologicas
811 1891 883 1929 per
920 1878 1201 1929 alphabetum,
1244 1880 1307 1917 De
1340 1880 1466 1917 modis
1496 1894 1646 1926 rerum,
1691 1878 1803 1930 Opus

85 1934 415 1986 metaphysicum,
450 1933 716 1984 Quodlibeta,
752 1935 967 1973 Sermones
1000 1935 1049 1972 dc
1080 1941 1260 1985 tempore
1293 1941 1331 1973 ct
1361 1937 1510 1973 sanctis
1542 1950 1587 1973 ac
1620 1935 1804 1986 Quadra-

86 1991 276 2042 gesimale
307 1991 514 2041 scripsisse
536 1988 770 2029 Fabricius²
802 2005 852 2029 ex
874 1990 1049 2041 Quetifio
1082 1992 1253 2042 aliisque
1285 1992 1452 2029 rettulit.
1496 1990 1695 2030 Haasius3
1726 1993 1804 2031 Rc-

87 2048 252 2098 migium
295 2060 443 2097 magna
482 2061 554 2097 per
597 2053 724 2085 totum
769 2047 945 2085 medium
985 2061 1112 2085 aevum
1159 2049 1398 2086 auctoritate
1443 2049 1567 2087 fuisse
1612 2054 1802 2098 testatur3

85 2104 617 2154 „scripsitcommentarios
648 2104 690 2141 in
722 2104 974 2141 Marcianum
997 2103 1224 2155 Capellam,
1260 2104 1540 2143 Commentum
1570 2118 1692 2155 super
1721 2106 1802 2143 Do-

86 2167 236 2206 natum,
270 2159 422 2210 glossas
454 2160 496 2196 in
517 2160 725 2197 Donatum
757 2166 795 2197 et
817 2160 1047 2210 gl‹5›ssula1n,
1081 2160 1281 2199 Prisciani
1302 2160 1425 2199 libros
1456 2163 1498 2199 in
1520 2162 1804 2212 compendium

85 2216 303 2262 contraxit,
346 2222 384 2253 ct
415 2216 601 2254 feruntur
634 2217 818 2267 ‘Rogulae
850 2217 1026 2267 Remigii
1064 2217 1288 2255 emendatae
1328 2220 1615 2269 correctaeque'
1649 2219 1802 2269 aliquo-

84 2273 189 2311 tiens
219 2273 328 2324 typis
352 2272 562 2323 descriPtae
584 2286 672 2311 saec.
694 2286 774 2320 xv„
807 2273 935 2311 veluti
966 2274 1008 2310 in
1043 2273 1349 2312 ‘Fundamento
1371 2275 1628 2313 scholarium.
1661 2274 1802 2312 Colon.

83 2329 136 2367 H.
161 2328 368 2380 Quentell.
394 2329 514 2367 1492.
577 2329 658 2367 Sed
689 2330 721 2367 is
751 2329 913 2367 libellus
934 2330 1090 2368 Donati
1124 2331 1309 2382 exemplo
1341 2344 1414 2382 per
1442 2332 1636 2369 orationis
1668 2337 1803 2382 partes

85 2385 308 2436 descriptus
339 2385 446 2423 sitne
477 2386 679 2435 genuinus
711 2399 762 2423 an
794 2386 898 2424 forte
936 2386 1060 2424 multo
1092 2400 1166 2424 usu
1206 2388 1474 2438 interpolatus
1507 2394 1547 2426 et
1577 2388 1688 2426 varie
1719 2402 1801 2425 mu-

83 2448 203 2488 tatus,
239 2441 406 2480 dubium
427 2442 525 2479 mihi
547 2443 654 2482 est“.
689 2464 741 2467 —
774 2442 815 2493 2)
848 2442 1056 2493 Remigius
1078 2444 1270 2494 magister
1291 2451 1440 2491 noster,
1476 2439 1803 2482 ‘Straussfederii

85 2499 178 2536 olim
194 2503 418 2548 praeceptor
434 2498 797 2548 singularissimus'
833 2496 882 2548 (p.
903 2498 993 2536 10Ῑῖ
1017 2505 1056 2537 et
1078 2505 1118 2535 18
1129 2497 1167 2536 3³.
1191 2505 1233 2536 29
1248 2498 1283 2537 ¹3.
1307 2499 1425 2550 24019)
1439 2500 1579 2551 procul
1598 2500 1719 2538 dubio
1742 2506 1802 2538 est

83 2554 291 2604 Remigius
324 2554 374 2591 de
404 2554 722 2602 Malmundario,
762 2555 977 2606 theologiae
1007 2556 1257 2604 licentiatus,
1300 2557 1369 2607 qui
1399 2571 1434 2594 a.
1461 2557 1580 2594 1498.
1604 2557 1800 2594 universi-

83 2611 176 2648 tatis
210 2609 464 2648 Coloniensis
496 2617 627 2649 rector
658 2609 826 2649 fue1·at⁴.
891 2625 981 2649 cum
1012 2626 1146 2662 neque
1176 2613 1454 2663 Foppensium
1491 2625 1624 2663 neque
1655 2612 1801 2650 Hartz-

82 2667 258 2705 hemium
289 2679 510 2705 memorare
540 2668 673 2706 miror.
703 2689 759 2694 —
790 2667 891 2718 Quae
913 2668 1130 2706 Miinchius
1161 2674 1200 2706 et
1219 2668 1521 2706 Rotermundus
1545 2668 1594 2706 de
1615 2669 1801 2719 Remigio

84 2723 125 2762 S.
158 2722 352 2761 Germani
382 2722 732 2762 Autissiodorensi
771 2738 820 2762 ex
849 2724 1031 2762 Ioechero
1062 2726 1424 2776 transcripserunt,
1465 2725 1517 2762 ad
1547 2725 1654 2776 Epp.
1678 2723 1727 2765 O.
1751 2724 1799 2765 V.

84 2779 248 2817 omnino
281 2792 364 2816 11011
395 2779 616 2830 pertinent.

175 2934 205 2975 1)
223 2935 362 2968 Numm.
378 2936 659 2968 13850...13864.
698 2935 753 2967 Cf.
772 2936 917 2967 Fabric.
932 2936 1025 2969 Bibl.
1041 2938 1122 2969 Lat.
1140 2937 1227 2969 med.
1248 2940 1285 2969 et
1302 2937 1366 2970 inf.
1386 2940 1444 2969 aet.
1463 2938 1523 2969 VI.
1543 2949 1577 2980 p.
1595 2939 1668 2970 187.
1683 2942 1731 2971 n0.
1749 2939 1799 2969 12.

174 2992 315 3023 Panzer
332 2991 422 3023 Ann.
442 2995 515 3034 typ.
535 2992 576 3024 V.
595 3003 627 3034 p.
645 2992 722 3027 283.
821 2992 855 3033 2)
874 2992 898 3027 l.
916 3004 945 3028 c,
963 3003 995 3034 p.
1017 2994 1090 3025 188.
1191 2992 1224 3034 3)
1244 2994 1298 3026 De
1318 2994 1408 3027 med.
1429 2994 1498 3026 aevi
1517 2994 1648 3026 studiis
1672 2994 1796 3036 philol.

173 3059 206 3090 p.
226 3049 279 3083 26,
298 3051 371 3081 not.
389 3049 442 3080 45.
535 3047 570 3089 4)
590 3048 719 3081 Bianeo
739 3049 801 3081 Die
819 3051 884 3081 alte
905 3049 1111 3081 Unz'versitdt
1129 3049 1230 3083 Ko'ln.
1248 3049 1276 3084 I.
1295 3060 1328 3091 p.
1346 3050 1422 3083 829.
