2119 3522
879 207 986 229 INDEX
1010 205 1199 228 EDITIONVM
1223 203 1416 227 EPISTULA-B.
1441 204 1472 226 Ο.
1495 205 1528 226 V.

444 322 642 364 despicatui
671 321 843 361 habeam,
875 322 915 351 ut
944 318 1063 362 potius
1097 329 1140 350 ex
1171 318 1267 350 omni
1298 327 1370 348 non
1400 316 1504 348 modb
1535 316 1753 358 Re-publica
1780 317 1837 350 sed
1862 329 1906 350 ex
1929 317 2060 351 finibus
2098 334 2100 338 ·

441 379 606 410 humanae
632 381 769 409 naturae
796 375 1087 408 exterminandos
1113 374 1285 414 arbitrer,
1313 375 1489 414 quotquot
1506 372 1743 414 Theologiam
1769 376 1831 405 aut
1856 373 1932 414 ejus
1951 375 2058 406 Mini-
2103 416 2106 420 ,

441 436 526 466 stros
557 433 678 464 divino
708 432 771 463 illo
797 432 880 473 jure
912 440 955 462 ac
987 430 1170 472 dignitate
1205 429 1356 471 spoliare
1390 428 1627 460 contendunt.
1676 428 1714 460 Si
1745 429 1855 461 aliter
1881 430 2058 471 sentirem,

440 500 494 520 nae
518 491 617 520 tuum
642 487 883 530 patrocinium
909 486 1138 528 defugissem‚
1164 487 1230 517 Vir
1253 485 1512 527 Integerrime‚
1545 485 1602 516 cui
1627 495 1721 517 curae
1746 485 1834 525 fuit,
1860 489 1900 517 ut
1923 496 2060 519 morum
2085 514 2087 517 .

438 545 608 576 bonorum
643 554 686 576 ac
718 544 867 586 pietatis
893 543 977 584 jura
1008 545 1107 574 sarta
1139 552 1181 574 ac
1213 544 1313 573 tecta
1345 541 1390 572 ab
1422 541 1518 573 omni
1549 540 1697 582 piaculo
1723 543 1965 574 conservares.
2014 542 2062 575 At

439 601 524 632 verb
544 600 650 632 credo
669 610 725 632 me
751 599 894 641 culpam
920 597 1065 630 minim'e
1093 597 1357 637 commeruisse,
1385 597 1411 628 si
1435 607 1495 628 eos
1520 597 1692 637 insecter,
1719 597 1781 637 qui
1804 597 1933 638 majori
1957 600 2060 640 igno·
2104 639 2106 641 Ι

438 657 558 688 ι’ἃΠτίέι
589 667 633 688 an
664 655 805 688 malitia
835 655 920 687 freti
951 655 988 685 in
1019 654 1256 696 Theologiam
1293 653 1477 689 involant;
1517 653 1578 694 qui
1614 652 1821 685 venerabili
1851 653 2058 696 Theologioe

438 712 552 753 gradu
583 712 613 744 St
643 712 787 754 optimis
823 710 1010 742 beneficiis
1048 710 1176 741 tumidi
1212 710 1316 741 novis
1349 708 1377 740 δι
1407 709 1586 741 hactenus
1622 708 1799 740 inauditis
1829 710 2061 751 opinionibus
2099 716 2106 720 '

438 768 690 809 Rei-publicae
718 770 846 799 statum
873 766 1101 805 convellunt,
1130 766 1190 807 qui
1217 765 1258 797 eo
1285 764 1378 806 qubd
1403 764 1668 807 Theologorum
1693 765 1799 797 titulo
1818 764 1934 807 magis
1953 766 2060 807 quam

438 825 579 856 meritis
609 826 792 864 ornentur,
824 823 904 854 ideo
936 825 1075 854 tantum
1108 822 1171 853 sibi
1203 823 1391 861 arrogant,
1424 824 1463 851 ut
1489 830 1636 863 ,omnem
1668 821 1849 862 abjiciant
1882 832 1925 853 ac
1949 822 2057 854 relin-

439 883 550 922 quant
585 880 844 919 obedientiam,
879 889 923 910 ne
956 878 1059 910 modo
1085 878 1217 909 rationi
1242 880 1412 919 pareant,
1448 873 1507 908 cui
1536 877 1616 918 ipsa
1640 881 1781 909 naturae
1806 877 1881 919 legi
1907 877 2059 919 subjecti
2107 887 2112 894 ·

439 939 533 977 sunt3
561 937 621 977 qui
646 946 708 977 pro
733 935 937 977 Magistrali
962 935 1020 966 sua
1047 934 1227 975 dignitate
1253 934 1290 964 in
1316 935 1463 964 cunctos
1490 933 1686 965 inferiores
1714 933 1869 965 ferulam
1893 934 2058 974 vibrant;

437 993 568 1034 quique
599 991 706 1033 longo
740 991 968 1032 quantumvis
1005 996 1092 1031 loyce
1130 992 1281 1031 syrmate
1315 989 1537 1021 ferocientes
1567 991 1701 1031 pallium
1724 988 1735 1031 Η
1758 992 1880 1022 tamen
1913 990 2058 1022 brevius

436 1049 537 1080 indui
562 1047 779 1087 debuerunt,
814 1057 880 1088 quo
906 1045 1021 1077 minsis
1045 1046 1213 1077 incautos
1239 1045 1385 1078 fallant.

435 1103 645 1144 Hujusmodi
677 1102 882 1144 Theologos
914 1105 1032 1141 tanto,
1070 1102 1163 1142 quod
1195 1112 1258 1143 per
1289 1103 1458 1133 summum
1490 1101 1647 1133 dedecus
1679 1104 1961 1143 usurpaverunt,
1998 1113 2059 1134 no·
2111 1110 2119 1131 .·

436 1160 529 1191 mine
557 1160 639 1190 exui
664 1158 691 1190 &
717 1159 797 1191 loco
826 1159 962 1190 moveri
994 1158 1120 1200 dignos
1151 1159 1188 1189 in
1220 1160 1447 1199 conspectum
1481 1156 1628 1197 adduxi,
1662 1157 1892 1199 Lepidissime
1917 1157 2057 1190 Morum
2106 1191 2110 1198 s

435 1215 656 1256 Castigator,
688 1219 728 1246 ut
759 1215 803 1246 ab
830 1215 994 1247 omnibus
1018 1214 1217 1255 publicitus
1243 1213 1476 1245 exibilentur.
1526 1214 1631 1245 Hanc
1657 1214 1876 1255 ineptiarum
1900 1214 2055 1257 farragi-
2087 1220 2090 1221 ’

433 1281 514 1302 nem
541 1270 625 1301 duxi
650 1281 833 1312 nunquam
860 1269 1078 1303 commodius
1106 1270 1247 1301 extrudi
1272 1272 1385 1311 posse,
1414 1269 1518 1311 quam
1540 1280 1620 1300 cum
1638 1269 1746 1301 Natio
1764 1271 1801 1301 in
1820 1270 1924 1301 risum
1942 1281 2058 1312 prona

433 1327 652 1359 morionibus
679 1326 708 1358 ἃ,
731 1328 837 1367 nugis
864 1325 979 1369 magis
1004 1325 1166 1368 impense
1195 1326 1410 1358 delectetur.
1451 1325 1622 1358 Nationis
1649 1326 1815 1366 equidem
1840 1327 2057 1368 patientiam

433 1393 574 1424 nequeo
600 1393 669 1414 non
696 1383 811 1415 obiter
838 1384 1007 1424 suspicere
1033 1382 1061 1414 St
1078 1393 1218 1414 mecum
1247 1382 1481 1421 stomachari,
1509 1392 1587 1422 quae
1613 1381 1756 1414 libellos
1782 1383 1868 1414 istos
1895 1383 2056 1423 quotidie

432 1440 577 1480 impune
604 1439 774 1470 libertate
801 1439 985 1480 plusquam
1011 1438 1143 1471 vernili
1167 1442 1345 1480 vagantes
1365 1438 1510 1469 affaniis
1529 1439 1628 1479 puris
1646 1439 1744 1479 putis
1762 1439 1916 1471 refertos
1934 1439 2056 1481 legere

435 1495 617 1528 sustineat:
644 1495 811 1535 feratque
838 1495 925 1526 illud
953 1494 1221 1535 Observatorum,
1251 1495 1442 1535 lieviforum
1467 1492 1496 1524 &
1522 1497 1732 1526 caeterorum
1757 1497 1955 1527 scurrarum
1980 1495 2056 1527 vul-

433 1561 498 1593 gus
523 1552 673 1583 vocibus
702 1551 840 1583 nonnisi
864 1551 1033 1582 Barbaris
1060 1551 1288 1584 efferendum.
1339 1551 1444 1582 AEtas
1469 1550 1634 1591 profecti»
1660 1550 1812 1583 Censore
1840 1551 2055 1593 dignissima,

434 1608 494 1648 qui
519 1607 612 1639 hanc
639 1607 819 1639 effraenem
844 1605 1022 1638 scribendi
1046 1607 1233 1639 licentiam
1258 1607 1362 1649 virga
1387 1604 1535 1638 notet&
1554 1607 1744 1647 reprimat,
1772 1606 1924 1648 istosque
1942 1618 2055 1649 nuga-

430 1662 630 1693 *Sueuutinl
653 1666 765 1702 tores,
800 1663 865 1694 nisi
895 1664 988 1694 iuter
1019 1664 1146 1695 vivosss
1177 1664 1311 1695 morari
1343 1662 1495 1694 ulterius
1529 1662 1711 1703 desinant,
1751 1663 1797 1694 ad
1828 1663 2054 1705 Vespillones

431 1689 630 1778 ὲιῗυίῗρῖἓῖἷ·γ
654 1720 815 1751 damnet!
856 1720 950 1761 Age,
984 1720 1049 1751 Vir
1079 1720 1328 1761 insignissime3
1364 1719 1517 1761 prodeat
1547 1718 1694 1750 tandem
1726 1716 1892 1759 tam-'ffidiu
1917 1719 2054 1752 deside-

430 1787 469 1810 33.
627 1811 628 1826 χ
652 1778 753 1807 ratus
783 1779 923 1807 tuarum
953 1775 1244 1807 lucubrationum
1274 1775 1385 1816 liber,
1424 1775 1580 1807 facundo
1610 1774 1673 1806 illo
1707 1775 1853 1816 silentii,
1893 1776 1985 1816 quod
2016 1777 2055 1808 in

428 1832 513 1873 ipsis
539 1835 612 1862 tam
636 1831 764 1863 diserte
792 1833 1004 1873 expressisti,
1032 1833 1211 1873 przeconio
1239 1831 1490 1863 celebrandus.
1540 1832 1595 1863 Ex
1619 1831 1695 1862 illis
1721 1831 1856 1863 discant
1878 1832 2054 1865 Lectores

430 1886 705 1929 scriptoresque,
733 1887 787 1918 illi
812 1888 898 1928 quid
924 1888 1013 1929 legi,
1041 1888 1077 1919 hi
1103 1888 1186 1930 quid
1212 1888 1318 1920 scribi
1343 1888 1559 1929 potissimum
1584 1898 1661 1919 cum
1686 1887 1805 1919 fructu
1829 1898 1899 1919 non
1925 1889 2054 1921 minori

431 1944 534 1984 quam
560 1943 749 1985 voluptate
781 1944 920 1978 deceat.
969 1944 1115 1976 Interea
1148 1945 1230 1976 dum
1261 1943 1344 1975 illas
1376 1946 1630 1985 expectamus,
1663 1943 1868 1985 praeludant
1897 1945 1967 1977 Hae
1997 1945 2054 1978 ob-

425 2001 596 2040 scurorum
625 2000 804 2041 Epistolw,
837 2010 986 2041 quarum
1018 2000 1208 2032 elaborata
1241 2000 1431 2031 barbaries
1461 1998 1490 2031 &
1517 1999 1699 2031 soloecismi
1724 2000 1906 2041 legentem
1932 2002 1970 2032 in
1996 2012 2054 2034 ca-

430 2055 581 2087 chinnos
611 2056 765 2095 solvant,
801 2055 844 2096 &,
879 2056 1050 2097 quicquid
1081 2056 1228 2088 ridiculi
1258 2066 1434 2097 vanaeque
1466 2057 1629 2088 levitatis
1661 2056 1697 2086 in
1728 2060 1876 2098 pectore
1909 2057 2053 2100 residet,

432 2112 521 2144 adeo
556 2112 790 2152 exhauriant,
821 2115 860 2143 ut
893 2112 938 2143 ad
968 2116 1050 2143 tuas
1076 2115 1200 2154 postea
1225 2113 1514 2144 Lucubrationes
1546 2112 1788 2154 perlegendas
1821 2113 1961 2145 animus
1993 2114 2053 2151 de-

429 2168 594 2198 faecatior
619 2166 647 2198 ἃ,
672 2168 691 2198 ἐι
717 2169 821 2210 nugis
849 2169 1080 2210 expurgatior
1105 2169 1276 2200 accedat:
1305 2169 1438 2210 quippe
1464 2168 1596 2200 medici
1623 2168 1737 2200 solent
1762 2179 1890 2211 corpus
1917 2180 2052 2212 aegrum

428 2223 704 2255 medicamentis
729 2234 902 2265 purgare,
936 2224 1005 2264 qui)
1032 2224 1159 2256 melius
1187 2225 1231 2255 ad
1260 2225 1394 2256 victum
1422 2224 1652 2256 salubriorem
1680 2225 1886 2256 sumendum
1911 2236 2051 2268 praepa-

427 2282 536 2313 retur.
575 2279 737 2320 Denique
763 2281 901 2311 obscuri
926 2281 982 2311 isti
1006 2280 1281 2320 homunciones,
1310 2280 1439 2321 quibus
1464 2280 1515 2311 nil
1540 2281 1733 2322 quicquam
1759 2282 1850 2312 vixit
1876 2282 2051 2323 insulsius,

428 2335 534 2376 longo
566 2335 642 2377 post
671 2339 833 2376 tempore
859 2334 935 2375 jam
959 2336 1105 2368 tandem
1131 2337 1357 2378 resipiscunt3
1391 2336 1542 2374 famam,
1577 2347 1683 2377 quam
1716 2336 1800 2368 olim
1826 2348 1897 2369 non
1922 2341 2052 2380 potue-

429 2394 525 2430 runt,
560 2394 736 2422 conantur
761 2401 855 2423 nunc
882 2393 1068 2433 aucupari3
1103 2393 1123 2423 a
1149 2394 1346 2424 coaetaneis
1373 2393 1442 2424 suis
1468 2392 1586 2423 audiri
1611 2393 1671 2424 vix
1697 2397 1922 2434 meruerunt,
1957 2404 2052 2426 nunc

427 2447 464 2477 in
489 2449 583 2488 spem
608 2445 637 2478 ἅτ
662 2446 816 2479 lectores
843 2446 871 2478 Sc
897 2451 1075 2490 emptores
1101 2449 1166 2480 sibi
1191 2448 1415 2480 conciliandi
1440 2450 1609 2481 veniunt:
1636 2449 1711 2481 vivi
1728 2460 1790 2491 pro
1809 2451 1959 2482 mortuis
1976 2461 2050 2482 me-

427 2502 496 2534 ritb
522 2502 767 2542 habebantur3
797 2504 928 2535 mortui
951 2504 1036 2535 vero
1062 2515 1174 2544 ¹nunc
1199 2505 1322 2536 vivere
1347 2503 1376 2535 ἅτ
1394 2505 1651 2544 inclarescere,
1678 2505 1741 2537 ubi
1760 2505 1911 2548 primum
1930 2517 2049 2539 eorum

428 2558 597 2599 Epistolae
622 2560 766 2591 nomine
791 2559 868 2591 Tuo
892 2559 1073 2601 insignitae
1102 2560 1382 2602 praefulgebunt.

427 2614 536 2654 Vale,
563 2615 628 2647 Vir
651 2615 914 2656 Eruditissime,
940 2614 1120 2657 notrisque
1148 2618 1215 2654 [sie]
1240 2617 1399 2649 moribus
1425 2617 1487 2648 diu
1512 2628 1554 2649 ac
1582 2617 1752 2650 foeliciter
1779 2619 1936 2654 consule.

516 2671 605 2702 Ann.
632 2672 728 2704 1710.

506 2728 536 2759 9.
567 2727 634 2759 Cal.
662 2727 738 2759 Iun.
