2119 3522
278 248 348 268 EPI'.
363 244 404 269 28.
420 246 461 269 29.
487 246 585 269 CONR.
603 247 904 270 DOLLENKOPFFIVS
927 247 1083 269 ORTVINO.
1107 260 1150 264 —
1173 248 1265 269 TILM.
1283 248 1435 270 LVMPLIN
1451 247 1610 270 ORTVINO.
1715 227 1812 273 585

100 306 186 347 Pag.
205 304 268 340 43.
1235 306 1321 346 Pag.
1335 306 1389 337 43.
1410 316 1438 336 v.
1453 312 1467 336 7
1485 329 1492 336 .
1508 330 1515 336 .
1530 329 1536 336 .
1555 305 1640 346 Pag.
1655 306 1708 336 44.
1726 315 1756 336 v.
1770 312 1811 336 ⁶21.

189 358 275 393 dem
307 358 444 393 Veneri
475 359 513 392 in
544 358 834 393 matrimonium.
852 359 924 393 fuit
955 359 1061 393 datus
1094 387 1204 393 .....
1233 360 1330 403 [post
1361 359 1524 393 diversas
1553 359 1705 394 morales
1729 358 1813 392 alle-

188 415 398 459 9oo·ica3que
428 415 583 458 intemap.
603 417 634 449 et
666 415 769 448 locor.
787 415 944 449 biblieor.
964 415 1232 459 alleqatz'oness]
1265 414 1364 448 Talis
1395 414 1583 448 Vulcanus
1619 414 1665 448 de
1702 414 1815 449 vulva

189 470 325 504 dicitur
350 470 536 512 cecidisse,
562 470 600 503 id
626 471 682 504 est
706 481 727 504 a
752 470 890 505 carnali
916 470 1110 504 affectione
1135 470 1225 504 mali
1249 470 1385 505 favoris
1416 469 1463 504 ad
1488 481 1706 505 consensum
1730 481 1813 515 pro-

188 527 355 568 cessisse,
383 526 471 570 quia
493 525 588 560 tales
612 526 658 559 de
684 526 793 568 coelo⁷
819 526 857 559 id
883 527 939 560 est
963 526 1008 560 de
1034 526 1108 560 alto
1135 525 1273 567 officio,
1307 525 1559 570 expelluntur,
1594 527 1631 561 et
1656 537 1678 560 a
1700 527 1812 561 bono—

187 594 270 616 rum
294 581 476 617 consortio
500 581 756 616 excluduntur.
782 582 838 616 Ps.
860 583 980 627 [mxv.
1002 582 1070 626 13.]
1097 581 1251 625 Expulsi
1277 582 1363 615 sunt
1386 592 1454 615 nec
1476 582 1681 626 potuerunt
1705 583 1811 616 stare.

186 637 337 671 Animal
367 638 465 672 enim
499 637 672 671 claudum
704 649 777 672 non
803 638 916 672 debet
949 638 1018 671 deo
1042 637 1228 671 immolari
1258 637 1353 670 sicut
1378 636 1514 671 dicitur
1537 637 1738 673 Deuteron.
1756 650 1812 672 xv.

190 694 269 738 [21]
295 693 373 728 Nec
398 694 507 728 homo
532 692 659 727 taliter
683 693 894 727 claudicans
919 693 1033 727 debet
1056 692 1190 726 divinis
1216 691 1345 726 officiis
1370 693 1568 737 deputari.
1587 720 1594 728 .
1613 696 1652 729 .“

98 754 139 784 16
163 750 252 784 Htec
278 753 310 784 et
333 749 427 783 talia
450 749 580 793 multa]
605 749 761 783 Nonnisi
784 762 820 782 1v
844 749 986 793 priores
1011 759 1138 782 eorum
1155 761 1201 786 xv
1224 748 1415 789 librorum,
1442 759 1486 783 ex
1512 750 1646 793 quibus
1663 750 1812 784 Thomae

186 806 416 840 moralitates
441 806 628 847 constant,
660 804 958 848 Dollenkopffius
984 804 1019 846 (i.
1040 815 1068 838 e.
1089 804 1232 847 Crotus)
1261 805 1453 848 excerpsit.
1473 805 1665 839 continent
1689 807 1812 840 autem

187 862 225 896 et
247 861 319 905 ipsi
344 862 382 894 et
406 861 603 904 sequentes
628 860 802 894 undecim
827 870 913 893 sane
938 859 1058 893 multa
1082 859 1157 893 alia
1180 859 1375 893 mirabilia.

96 922 139 952 20
164 917 330 961 disposui
354 916 424 961 hic]
450 928 575 951 curam
601 917 708 961 gessi.
735 916 777 950 ut
793 915 1041 960 Tubingensis
1067 916 1219 959 quidam
1235 926 1295 949 me
1321 915 1518 950 certiorem
1542 917 1718 951 redderet
1743 918 1815 961 (lit-

185 973 274 1007 teris
291 972 581 1017 Heidelbergam
606 972 812 1016 mittendis)
839 972 929 1016 quid
947 972 1036 1016 agat
1052 971 1278 1006 Reuchlinus
1305 972 1383 1015 (qui
1403 971 1627 1016 Stutgardiae
1644 972 1814 1016 habitat).

187 1028 238 1063 Cf.
258 1028 380 1063 adnot.
400 1029 447 1062 ad
472 1040 524 1072 sq.
543 1042 573 1063 v.
587 1038 629 1063 30.

96 1089 135 1119 21
163 1086 219 1119 ita
243 1085 339 1129 qzood
356 1094 504 1128 possum
527 1095 589 1119 vos
613 1085 787 1128 cavisare]
815 1085 857 1118 ut
881 1094 1027 1128 possem
1053 1085 1090 1119 te
1116 1094 1358 1129 praemonere.

96 1145 138 1175 22
164 1141 344 1176 charitate
365 1151 441 1175 ‘non
464 1142 562 1186 ficta]
593 1142 635 1175 ut
661 1142 748 1175 15¹⁹.

399 1230 636 1265 EPISTOLA
662 1232 725 1269 29.
766 1229 1053 1265 TILMANNVS
1078 1230 1297 1265 LVMPLIN
1323 1230 1555 1266 ORTVINO.

97 1314 139 1345 25
164 1311 362 1355 Lmnplin]
396 1309 482 1344 Haec
515 1309 673 1354 epistola
702 1309 825 1344 locum
860 1310 924 1343 ubi
955 1310 1094 1354 scripta
1124 1310 1277 1354 fingitur
1308 1320 1381 1344 non
1412 1309 1563 1344 indicat.
1583 1309 1713 1352 opiner
1745 1308 1817 1342 Tu-

185 1366 308 1411 bingae
339 1365 515 1409 scriptam
551 1365 657 1410 fingi⁷
695 1367 775 1399 tum
809 1377 852 1400 ex
885 1376 927 1399 eo
954 1365 1051 1409 quod
1082 1365 1194 1409 paulo
1226 1367 1313 1400 ante
1340 1367 1384 1409 (v.
1400 1376 1443 1400 20.
1456 1367 1517 1408 sq.)
1542 1365 1698 1409 legitur,
1737 1365 1817 1398 tum

187 1421 286 1466 quod
311 1421 377 1455 sub
403 1420 598 1455 Tilmanno
629 1421 826 1465 Lumplino
858 1421 1033 1455 Iacobum
1065 1421 1247 1465 Lempum
1272 1421 1549 1466 Tubingensein
1584 1420 1734 1455 latitare
1760 1432 1817 1454 su-

187 1478 316 1522 spicor,
337 1489 448 1521 quem
472 1477 613 1511 inimici
631 1477 864 1511 conviciandi
890 1487 1000 1510 causa
1025 1477 1147 1520 Lamp
1167 1477 1284 1519 (Fetz',
1303 1476 1596 1520 Fetzenlztmper)
1624 1476 1815 1521 appellare

186 1533 364 1582 solebant,
414 1533 496 1567 Scio
529 1533 681 1576 quidem
712 1532 887 1567 Iacobum
912 1532 1113 1576 Lempum,
1145 1532 1343 1577 theologiae
1376 1534 1414 1566 et
1437 1533 1503 1566 iur.
1523 1534 1594 1566 utr.
1614 1533 1814 1573 doctorem⁷

186 1589 444 1634 generalisque
462 1589 575 1623 studii
593 1589 838 1634 Tubingensis
855 1589 892 1622 in
918 1588 1108 1633 theologia
1124 1588 1343 1632 primarium
1360 1590 1555 1633 regentem
1582 1590 1618 1632 (†
1636 1589 1816 1633 Tubingae

187 1646 220 1678 d.
240 1649 270 1679 2.
288 1645 375 1689 Apr.
395 1656 425 1679 a.
447 1646 557 1689 1532.)
583 1646 681 1679 inter
704 1644 902 1679 Reuchlini
927 1644 1140 1678 defensores
1165 1644 1294 1685 fuisse,
1327 1645 1514 1689 praecipue
1539 1644 1743 1690 Moguntiae
1769 1656 1816 1678 m.

188 1700 268 1735 Oct.
286 1712 316 1735 a.
337 1705 434 1735 1513.
455 1701 518 1744 (cf.
538 1700 668 1745 Consp.
687 1701 811 1735 chron.
828 1713 863 1745 p.
883 1702 990 1744 127),
1023 1700 1087 1734 sed
1118 1700 1188 1735 hoc
1224 1700 1304 1744 ipso
1342 1701 1509 1735 acerbior
1541 1700 1817 1736 Coloniensium

188 1757 322 1792 derisio
348 1756 428 1791 fieri
453 1757 618 1796 videtur,
652 1757 751 1800 quod
777 1757 843 1791 sub
875 1767 1034 1801 persona
1064 1756 1279 1790 zelosissimi
1303 1756 1644 1792 Antireuchlinistae
1670 1757 1722 1791 eis
1747 1757 1818 1791 cal-

187 1813 287 1848 caria
317 1813 493 1847 admovet
516 1812 714 1847 Reuchlini
742 1812 820 1856 ipse
853 1812 1007 1854 amicus3
1041 1823 1162 1856 neque
1195 1823 1217 1846 a
1242 1811 1343 1848 Croti
1374 1812 1526 1858 ingenio
1552 1813 1691 1858 duplex
1723 1813 1817 1847 eius-

186 1869 289 1904 modi
311 1869 504 1904 nominum
528 1879 727 1912 rerumque
752 1868 979 1912 permutatio
1012 1869 1209 1902 abhorrere
1236 1868 1393 1903 videtur.
1444 1868 1617 1903 Ceterum
1649 1869 1718 1903 hoc
1744 1880 1818 1903 non

186 1925 257 1959 nisi
280 1935 346 1970 pro
371 1925 454 1958 lusu
478 1924 679 1958 venditem.

97 1985 139 2016 29
164 1981 391 2016 ProverDior.
409 1982 497 2026 mr]
517 1985 546 2015 2.

98 2042 139 2072 32
166 2038 311 2072 vexatio
336 2038 401 2071 (lat
425 2037 664 2082 intellectum]
690 2037 785 2071 Esai.
803 2049 927 2071 xxvm.
948 2041 999 2071 19.

98 2099 140 2128 33
164 2093 418 2128 Ecclesiastico
446 2104 523 2137 cap.
539 2093 624 2138 xm]
652 2104 745 2127 vers.
762 2093 784 2126 i.

100 2150 269 2193 Pag.44.
759 2171 908 2174 e*-m
938 2171 942 2173 -
1009 2171 1075 2173 «m
1114 2171 1162 2173 ἡ

100 2210 115 2239 1
143 2209 280 2249 oportet
305 2206 413 2240 etiam
432 2217 503 2250 pro
527 2207 556 2240 b.
576 2234 582 2239 .
603 2233 608 2239 .
628 2217 650 2239 a
667 2205 736 2251 me]
764 2217 837 2240 non
862 2206 1018 2240 moleste
1044 2206 1140 2240 ferre
1163 2206 1288 2249 debes,
1314 2206 1343 2240 si
1361 2206 1456 2240 forte
1473 2216 1606 2250 parum
1624 2205 1819 2240 commoda

188 2261 417 2296 videbuntur
441 2274 521 2307 quae
545 2262 737 2306 scripsero.

99 2322 118 2352 2
137 2319 286 2361 percepi
309 2330 336 2353 s.
353 2319 481 2362 intell]
506 2318 593 2352 Eius
618 2317 719 2351 modi
743 2319 943 2353 verborum
966 2319 1068 2353 idem
1092 2319 1379 2364 significantium
1399 2318 1691 2353 cumulationem
1708 2317 1746 2351 in
1763 2317 1819 2351 his

189 2374 355 2418 epistolis
380 2374 497 2408 rarius
522 2373 742 2408 offendimus
768 2385 880 2418 quam
905 2375 1070 2420 vulgaris
1094 2375 1289 2409 ineruditae
1314 2374 1434 2419 plebis
1459 2386 1546 2408 usus
1572 2374 1655 2408 fert.

98 2434 119 2464 4
143 2431 320 2474 scriptum
344 2431 384 2475 e.]
411 2430 514 2464 Paul.
534 2430 580 2464 ad
605 2429 717 2464 Hebr.
736 2443 795 2463 ΧΠ.
815 2433 845 2464 6.
869 2430 1020 2473 „Quem
1045 2431 1145 2466 enim
1169 2431 1295 2476 diligit
1319 2431 1506 2472 dominus⁷
1534 2430 1729 2475 castigat.“

143 2486 374 2532 respondere]
401 2486 477 2521 scil.
495 2486 812 2529 Prenotamentis‚
838 2485 945 2522 Febr.
963 2498 996 2522 a.
1016 2491 1111 2521 1514.
1131 2487 1250 2522 editis.
1299 2486 1351 2522 Cf.
1369 2486 1448 2520 Ind.
1467 2497 1551 2520 serr.
1570 2498 1606 2530 p.
1624 2490 1677 2520 81.
1696 2498 1730 2519 n.
1749 2498 1820 2520 xiv.

98 2547 119 2577 8
143 2542 334 2588 respicere]
360 2542 556 2577 Ruckstcht
580 2542 748 2584 nemnem,
773 2542 923 2585 timere⁷
950 2554 996 2577 ne
1022 2542 1204 2585 offendas,
1231 2543 1414 2577 rationem
1440 2542 1595 2576 alicuius
1618 2542 1768 2576 habere.

99 2603 119 2633 9
144 2598 394 2633 Ecclesiastiei
425 2599 508 2643 mr]
529 2602 580 2632 11.

101 2658 142 2688 12
167 2654 299 2689 Matth.
330 2656 480 2699 xv1.]25.

102 2714 143 2745 15
167 2721 280 2745 causa
302 2711 401 2754 fidei]
429 2710 481 2745 Cf.
499 2711 546 2744 ad
572 2715 614 2745 23
624 2712 647 2744 2.
667 2711 704 2744 et
728 2710 842 2744 Indic.
861 2710 1005 2744 verbor.
1022 2710 1057 2744 h.
1077 2722 1109 2744 V.

102 2770 143 2800 16
167 2766 301 2801 Matth.
318 2767 425 2810 rma]
446 2766 561 2800 immo
578 2779 662 2800 xvu.
683 2771 734 2801 19.

101 2826 141 2856 21
167 2823 340 2867 mayister
356 2823 389 2856 I.
407 2822 483 2866 Pfi]
509 2821 655 2856 Acerba
679 2823 735 2856 est
754 2821 1017 2866 magistrorum
1033 2823 1243 2856 nostrorum
1261 2822 1406 2865 derisio,
1433 2822 1534 2866 quod
1550 2821 1820 2867 Pepeiicornus

190 2878 397 2922 magisterii
420 2879 559 2913 honore
585 2878 772 2922 dignatur.
821 2878 893 2912 Sed
919 2878 1111 2912 audiamus
1128 2878 1335 2923 Agrippam
1361 2878 1406 2912 ab
1424 2877 1670 2920 Nettesheim,
1696 2878 1819 2922 ipsum

193 2933 462 2976 Coloniensem‚
482 2934 546 2978 qui
563 2934 601 2968 in
619 2933 777 2978 epistola
793 2933 840 2967 ad
856 2933 1017 2968 Coloniae
1036 2935 1225 2968 senatores
1242 2934 1484 2978 consulesque
1501 2934 1558 2979 [cf.
1569 2934 1699 2978 Consp.
1716 2934 1819 2968 chro-

190 2990 264 3024 nol.
278 3002 314 3034 p.
331 2994 405 3025 156.
420 2990 454 3024 d.
476 2995 525 3027 11,
541 2990 616 3024 Ian.
631 3001 661 3024 a.
678 2990 787 3033 1533]
806 2990 1004 3033 postquam
1021 2989 1239 3024 memoriam
1256 3001 1330 3024 non
1346 2989 1401 3023 ita
1416 3000 1619 3034 paucorum
1637 2990 1748 3034 plane
1766 2990 1818 3023 in-

190 3046 442 3080 litteratorum
466 3046 682 3081 truncorum
708 3056 730 3079 a
753 3045 940 3090 magistris
963 3045 1098 3079 nostris
1116 3045 1395 3080 Coloniensibus
1421 3046 1469 3080 ad
1494 3046 1718 3091 dignitatem
1744 3057 1818 3080 ma—
