<?xml version="1.0" encoding="UTF-8"?>
<!DOCTYPE html PUBLIC "-//W3C//DTD XHTML 1.0 Transitional//EN"
    "http://www.w3.org/TR/xhtml1/DTD/xhtml1-transitional.dtd">
<html xmlns="http://www.w3.org/1999/xhtml" xml:lang="en" lang="en">
 <head>
  <title>
</title>
<meta http-equiv="Content-Type" content="text/html;charset=utf-8" />
  <meta name='ocr-system' content='tesseract 3.04.00' />
  <meta name='ocr-capabilities' content='ocr_page ocr_carea ocr_par ocr_line ocrx_word'/>
</head>
<body>
  <div class='ocr_page' id='page_1' title='image "./operaquaereperir02huttuoft/operaquaereperir02huttuoft_0597.png"; bbox 0 0 2119 3522; ppageno 0'>
   <div class='ocr_carea' id='block_1_1' title="bbox 614 226 1878 272">
    <p class='ocr_par' dir='ltr' id='par_1_1' title="bbox 614 226 1878 272">
     <span class='ocr_line' id='line_1_1' title="bbox 614 226 1878 272; baseline 0.004 -9"><span class='ocrx_word' id='word_1_1' title='bbox 614 242 665 264; x_wconf 86' lang='grc' dir='ltr'>ΕΡ.</span> <span class='ocrx_word' id='word_1_2' title='bbox 679 239 721 264; x_wconf 78' lang='grc'>28.</span> <span class='ocrx_word' id='word_1_3' title='bbox 752 240 932 264; x_wconf 85' lang='lat' dir='ltr'>CONRADVS</span> <span class='ocrx_word' id='word_1_4' title='bbox 955 242 1258 265; x_wconf 82' lang='lat' dir='ltr'>DOLLENKOPFFIVS</span> <span class='ocrx_word' id='word_1_5' title='bbox 1282 243 1439 265; x_wconf 76' lang='lat' dir='ltr'><strong>ORTVINO.</strong></span> <span class='ocrx_word' id='word_1_6' title='bbox 1782 226 1878 272; x_wconf 77' lang='lat'>583</span> 
     </span>
    </p>
   </div>
   <div class='ocr_carea' id='block_1_2' title="bbox 154 297 1881 1128">
    <p class='ocr_par' dir='ltr' id='par_1_2' title="bbox 167 297 1881 619">
     <span class='ocr_line' id='line_1_2' title="bbox 167 297 1878 344; baseline 0.003 -14"><span class='ocrx_word' id='word_1_7' title='bbox 167 298 253 339; x_wconf 80' lang='lat' dir='ltr'>Pag.</span> <span class='ocrx_word' id='word_1_8' title='bbox 270 297 335 333; x_wconf 73' lang='grc'>42.</span> <span class='ocrx_word' id='word_1_9' title='bbox 1292 301 1379 342; x_wconf 85' lang='lat' dir='ltr'>Pag.</span> <span class='ocrx_word' id='word_1_10' title='bbox 1396 302 1449 332; x_wconf 73' lang='lat'>42.</span> <span class='ocrx_word' id='word_1_11' title='bbox 1467 312 1495 333; x_wconf 87' lang='lat' dir='ltr'>v.</span> <span class='ocrx_word' id='word_1_12' title='bbox 1512 309 1543 333; x_wconf 89' lang='lat'>18</span> <span class='ocrx_word' id='word_1_13' title='bbox 1561 327 1566 332; x_wconf 92' lang='lat'><em>.</em></span> <span class='ocrx_word' id='word_1_14' title='bbox 1584 327 1589 332; x_wconf 92' lang='lat'><em>.</em></span> <span class='ocrx_word' id='word_1_15' title='bbox 1606 327 1612 333; x_wconf 90' lang='lat'><strong>.</strong></span> <span class='ocrx_word' id='word_1_16' title='bbox 1637 303 1724 344; x_wconf 83' lang='lat' dir='ltr'>Pag.</span> <span class='ocrx_word' id='word_1_17' title='bbox 1737 304 1790 335; x_wconf 81' lang='lat'>43.</span> <span class='ocrx_word' id='word_1_18' title='bbox 1810 314 1839 338; x_wconf 89' lang='lat' dir='ltr'>v.</span> <span class='ocrx_word' id='word_1_19' title='bbox 1853 311 1878 335; x_wconf 83' lang='grc'>4.</span> 
     </span>
     <span class='ocr_line' id='line_1_3' title="bbox 256 352 1881 396; baseline 0.002 -10"><span class='ocrx_word' id='word_1_20' title='bbox 256 352 398 386; x_wconf 90' lang='lat' dir='ltr'>amavit</span> <span class='ocrx_word' id='word_1_21' title='bbox 432 352 597 396; x_wconf 80' lang='lat' dir='ltr'>puellam</span> <span class='ocrx_word' id='word_1_22' title='bbox 634 352 923 396; x_wconf 78' lang='lat' dir='ltr'>pulcherrimam</span> <span class='ocrx_word' id='word_1_23' title='bbox 954 354 1170 388; x_wconf 84' lang='lat' dir='ltr'>calistonem</span> <span class='ocrx_word' id='word_1_24' title='bbox 1189 368 1197 388; x_wconf 70' lang='grc' dir='ltr'>ε</span> <span class='ocrx_word' id='word_1_25' title='bbox 1216 354 1253 388; x_wconf 87' lang='grc'>1(1</span> <span class='ocrx_word' id='word_1_26' title='bbox 1285 355 1342 388; x_wconf 90' lang='lat' dir='ltr'>est</span> <span class='ocrx_word' id='word_1_27' title='bbox 1373 355 1533 389; x_wconf 88' lang='lat' dir='ltr'>animam</span> <span class='ocrx_word' id='word_1_28' title='bbox 1568 355 1778 390; x_wconf 81' lang='lat' dir='ltr'>humanam.</span> <span class='ocrx_word' id='word_1_29' title='bbox 1834 357 1881 391; x_wconf 90' lang='lat' dir='ltr'>Et</span> 
     </span>
     <span class='ocr_line' id='line_1_4' title="bbox 256 408 1880 456; baseline 0.003 -14"><span class='ocrx_word' id='word_1_30' title='bbox 256 408 339 442; x_wconf 91' lang='lat' dir='ltr'>ideo</span> <span class='ocrx_word' id='word_1_31' title='bbox 365 409 406 442; x_wconf 93' lang='lat' dir='ltr'>ut</span> <span class='ocrx_word' id='word_1_32' title='bbox 430 408 499 442; x_wconf 85' lang='lat' dir='ltr'>sibi</span> <span class='ocrx_word' id='word_1_33' title='bbox 522 409 640 452; x_wconf 85' lang='lat' dir='ltr'>ipsam</span> <span class='ocrx_word' id='word_1_34' title='bbox 665 408 875 451; x_wconf 81' lang='lat' dir='ltr'>acquireret</span> <span class='ocrx_word' id='word_1_35' title='bbox 899 410 936 443; x_wconf 90' lang='lat' dir='ltr'>et</span> <span class='ocrx_word' id='word_1_36' title='bbox 959 421 1027 453; x_wconf 89' lang='lat' dir='ltr'>per</span> <span class='ocrx_word' id='word_1_37' title='bbox 1051 409 1163 443; x_wconf 90' lang='lat' dir='ltr'>fidem</span> <span class='ocrx_word' id='word_1_38' title='bbox 1188 411 1226 444; x_wconf 92' lang='lat' dir='ltr'>et</span> <span class='ocrx_word' id='word_1_39' title='bbox 1241 411 1435 445; x_wconf 86' lang='lat' dir='ltr'>caritatem</span> <span class='ocrx_word' id='word_1_40' title='bbox 1453 413 1711 456; x_wconf 85' lang='lat' dir='ltr'>coniungeret,</span> <span class='ocrx_word' id='word_1_41' title='bbox 1737 414 1880 447; x_wconf 85' lang='lat' dir='ltr'>vestem</span> 
     </span>
     <span class='ocr_line' id='line_1_5' title="bbox 257 464 1881 512; baseline 0.004 -15"><span class='ocrx_word' id='word_1_42' title='bbox 257 464 296 497; x_wconf 90' lang='lat' dir='ltr'>et</span> <span class='ocrx_word' id='word_1_43' title='bbox 317 464 450 498; x_wconf 86' lang='lat' dir='ltr'>faciem</span> <span class='ocrx_word' id='word_1_44' title='bbox 475 464 694 498; x_wconf 79' lang='lat' dir='ltr'>muliebrem</span> <span class='ocrx_word' id='word_1_45' title='bbox 721 464 926 508; x_wconf 89' lang='lat' dir='ltr'>assumpsit.</span> <span class='ocrx_word' id='word_1_46' title='bbox 957 465 996 498; x_wconf 91' lang='lat' dir='ltr'>id</span> <span class='ocrx_word' id='word_1_47' title='bbox 1021 467 1076 499; x_wconf 86' lang='lat' dir='ltr'>est</span> <span class='ocrx_word' id='word_1_48' title='bbox 1100 477 1248 500; x_wconf 82' lang='lat' dir='ltr'>carnem</span> <span class='ocrx_word' id='word_1_49' title='bbox 1274 467 1313 501; x_wconf 87' lang='lat' dir='ltr'>et</span> <span class='ocrx_word' id='word_1_50' title='bbox 1336 466 1493 512; x_wconf 87' lang='lat' dir='ltr'>figuram</span> <span class='ocrx_word' id='word_1_51' title='bbox 1517 467 1717 502; x_wconf 75' lang='lat' dir='ltr'>humanam</span> <span class='ocrx_word' id='word_1_52' title='bbox 1744 497 1750 502; x_wconf 93' lang='lat'><strong>.</strong></span> <span class='ocrx_word' id='word_1_53' title='bbox 1770 497 1776 502; x_wconf 94' lang='lat'><em>.</em></span> <span class='ocrx_word' id='word_1_54' title='bbox 1796 497 1802 502; x_wconf 91' lang='lat'><strong>.</strong></span> <span class='ocrx_word' id='word_1_55' title='bbox 1833 469 1881 503; x_wconf 88' lang='lat' dir='ltr'>Et</span> 
     </span>
     <span class='ocr_line' id='line_1_6' title="bbox 249 520 1877 566; baseline 0.002 -12"><span class='ocrx_word' id='word_1_56' title='bbox 249 520 401 554; x_wconf 86' lang='lat' dir='ltr'>tandem</span> <span class='ocrx_word' id='word_1_57' title='bbox 419 520 466 554; x_wconf 89' lang='lat' dir='ltr'>ad</span> <span class='ocrx_word' id='word_1_58' title='bbox 483 520 617 554; x_wconf 86' lang='lat' dir='ltr'>coelum</span> <span class='ocrx_word' id='word_1_59' title='bbox 642 520 739 553; x_wconf 89' lang='lat' dir='ltr'>unde</span> <span class='ocrx_word' id='word_1_60' title='bbox 764 521 919 554; x_wconf 86' lang='lat' dir='ltr'>venerat</span> <span class='ocrx_word' id='word_1_61' title='bbox 941 522 1122 556; x_wconf 88' lang='lat' dir='ltr'>remeavit</span> <span class='ocrx_word' id='word_1_62' title='bbox 1141 533 1209 566; x_wconf 89' lang='lat' dir='ltr'>per</span> <span class='ocrx_word' id='word_1_63' title='bbox 1226 534 1417 556; x_wconf 89' lang='lat' dir='ltr'>ascensum</span> <span class='ocrx_word' id='word_1_64' title='bbox 1435 523 1480 557; x_wconf 92' lang='lat' dir='ltr'>de</span> <span class='ocrx_word' id='word_1_65' title='bbox 1499 534 1594 558; x_wconf 88' lang='lat' dir='ltr'>cons.</span> <span class='ocrx_word' id='word_1_66' title='bbox 1611 523 1781 559; x_wconf 86' lang='lat' dir='ltr'>Matthei.</span> <span class='ocrx_word' id='word_1_67' title='bbox 1799 524 1877 558; x_wconf 81' lang='lat' dir='ltr'>XII.</span> 
     </span>
     <span class='ocr_line' id='line_1_7' title="bbox 250 575 1305 619; baseline 0.003 -10"><span class='ocrx_word' id='word_1_68' title='bbox 250 576 329 619; x_wconf 65' lang='lat'>[44]</span> <span class='ocrx_word' id='word_1_69' title='bbox 354 576 540 610; x_wconf 84' lang='lat' dir='ltr'>Reuertar</span> <span class='ocrx_word' id='word_1_70' title='bbox 562 575 601 608; x_wconf 90' lang='lat' dir='ltr'>in</span> <span class='ocrx_word' id='word_1_71' title='bbox 627 575 778 609; x_wconf 87' lang='lat' dir='ltr'>domum</span> <span class='ocrx_word' id='word_1_72' title='bbox 802 587 925 610; x_wconf 90' lang='lat' dir='ltr'>meam</span> <span class='ocrx_word' id='word_1_73' title='bbox 950 577 1047 611; x_wconf 89' lang='lat' dir='ltr'>unde</span> <span class='ocrx_word' id='word_1_74' title='bbox 1074 578 1172 611; x_wconf 81' lang='lat' dir='ltr'>exivi</span> <span class='ocrx_word' id='word_1_75' title='bbox 1198 606 1203 611; x_wconf 96' lang='lat'>.</span> <span class='ocrx_word' id='word_1_76' title='bbox 1223 607 1229 612; x_wconf 91' lang='lat'>.</span> <span class='ocrx_word' id='word_1_77' title='bbox 1251 581 1305 612; x_wconf 86' lang='lat'>.“.</span> 
     </span>
    </p>

    <p class='ocr_par' dir='ltr' id='par_1_3' title="bbox 158 631 1878 955">
     <span class='ocr_line' id='line_1_8' title="bbox 158 631 1878 681; baseline 0.002 -15"><span class='ocrx_word' id='word_1_78' title='bbox 158 635 200 666; x_wconf 88' lang='lat'>36</span> <span class='ocrx_word' id='word_1_79' title='bbox 224 632 403 676; x_wconf 69' lang='lat' dir='ltr'>Aylauro]</span> <span class='ocrx_word' id='word_1_80' title='bbox 440 631 561 674; x_wconf 88' lang='lat' dir='ltr'>(Ovid.</span> <span class='ocrx_word' id='word_1_81' title='bbox 579 632 666 665; x_wconf 84' lang='lat' dir='ltr'>met.</span> <span class='ocrx_word' id='word_1_82' title='bbox 684 644 721 665; x_wconf 91' lang='lat'>11.</span> <span class='ocrx_word' id='word_1_83' title='bbox 741 636 815 666; x_wconf 84' lang='lat'><strong>708.</strong></span> <span class='ocrx_word' id='word_1_84' title='bbox 834 634 927 676; x_wconf 89' lang='lat' dir='ltr'>sqq.)</span> <span class='ocrx_word' id='word_1_85' title='bbox 953 632 1019 666; x_wconf 84' lang='lat' dir='ltr'>Th.</span> <span class='ocrx_word' id='word_1_86' title='bbox 1038 633 1083 667; x_wconf 88' lang='grc'>(10</span> <span class='ocrx_word' id='word_1_87' title='bbox 1103 633 1161 666; x_wconf 90' lang='lat' dir='ltr'>W.</span> <span class='ocrx_word' id='word_1_88' title='bbox 1180 634 1224 667; x_wconf 88' lang='lat' dir='ltr'>Il.</span> <span class='ocrx_word' id='word_1_89' title='bbox 1243 634 1303 668; x_wconf 88' lang='lat' dir='ltr'>fol.</span> <span class='ocrx_word' id='word_1_90' title='bbox 1321 647 1444 669; x_wconf 78' lang='lat' dir='ltr'>xxv111.</span> <span class='ocrx_word' id='word_1_91' title='bbox 1471 636 1599 677; x_wconf 87' lang='lat' dir='ltr'>„Nam</span> <span class='ocrx_word' id='word_1_92' title='bbox 1623 637 1719 670; x_wconf 82' lang='lat' dir='ltr'>sicut</span> <span class='ocrx_word' id='word_1_93' title='bbox 1741 636 1878 681; x_wconf 88' lang='lat' dir='ltr'>Aglau-</span> 
     </span>
     <span class='ocr_line' id='line_1_9' title="bbox 248 687 1877 736; baseline 0.004 -15"><span class='ocrx_word' id='word_1_94' title='bbox 248 698 306 722; x_wconf 86' lang='lat' dir='ltr'>ros</span> <span class='ocrx_word' id='word_1_95' title='bbox 331 698 405 721; x_wconf 87' lang='lat' dir='ltr'>una</span> <span class='ocrx_word' id='word_1_96' title='bbox 428 687 541 721; x_wconf 89' lang='lat' dir='ltr'>trium</span> <span class='ocrx_word' id='word_1_97' title='bbox 567 715 573 720; x_wconf 93' lang='lat'><strong><em>.</em></strong></span> <span class='ocrx_word' id='word_1_98' title='bbox 593 715 599 720; x_wconf 91' lang='lat'><em>.</em></span> <span class='ocrx_word' id='word_1_99' title='bbox 620 715 625 721; x_wconf 90' lang='lat'><em>.</em></span> <span class='ocrx_word' id='word_1_100' title='bbox 646 716 652 720; x_wconf 95' lang='lat'>.</span> <span class='ocrx_word' id='word_1_101' title='bbox 677 688 823 722; x_wconf 77' lang='lat' dir='ltr'>mutata</span> <span class='ocrx_word' id='word_1_102' title='bbox 846 688 917 722; x_wconf 90' lang='lat' dir='ltr'>fuit</span> <span class='ocrx_word' id='word_1_103' title='bbox 940 689 979 722; x_wconf 86' lang='lat' dir='ltr'>in</span> <span class='ocrx_word' id='word_1_104' title='bbox 1004 688 1169 733; x_wconf 76' lang='lat' dir='ltr'>lapidem</span> <span class='ocrx_word' id='word_1_105' title='bbox 1193 690 1341 734; x_wconf 83' lang='lat' dir='ltr'>nigrum</span> <span class='ocrx_word' id='word_1_106' title='bbox 1367 719 1372 724; x_wconf 96' lang='lat'>.</span> <span class='ocrx_word' id='word_1_107' title='bbox 1393 719 1399 724; x_wconf 94' lang='lat'><em>.</em></span> <span class='ocrx_word' id='word_1_108' title='bbox 1420 719 1425 725; x_wconf 90' lang='lat'><em>.</em></span> <span class='ocrx_word' id='word_1_109' title='bbox 1462 691 1568 726; x_wconf 85' lang='lat' dir='ltr'>Unde</span> <span class='ocrx_word' id='word_1_110' title='bbox 1597 692 1751 726; x_wconf 89' lang='lat' dir='ltr'>Ovidius</span> <span class='ocrx_word' id='word_1_111' title='bbox 1778 693 1877 736; x_wconf 88' lang='lat' dir='ltr'>[met.</span> 
     </span>
     <span class='ocr_line' id='line_1_10' title="bbox 248 743 1878 791; baseline 0.003 -14"><span class='ocrx_word' id='word_1_112' title='bbox 248 744 399 787; x_wconf 81' lang='lat'>11.83·2.]</span> <span class='ocrx_word' id='word_1_113' title='bbox 430 743 509 777; x_wconf 88' lang='lat' dir='ltr'>Nec</span> <span class='ocrx_word' id='word_1_114' title='bbox 533 743 628 787; x_wconf 88' lang='lat' dir='ltr'>lapis</span> <span class='ocrx_word' id='word_1_115' title='bbox 659 743 764 777; x_wconf 87' lang='lat' dir='ltr'>albus</span> <span class='ocrx_word' id='word_1_116' title='bbox 795 744 884 778; x_wconf 89' lang='lat' dir='ltr'>erat.</span> <span class='ocrx_word' id='word_1_117' title='bbox 916 754 982 777; x_wconf 87' lang='lat' dir='ltr'>sua</span> <span class='ocrx_word' id='word_1_118' title='bbox 1011 755 1114 778; x_wconf 89' lang='lat' dir='ltr'>mens</span> <span class='ocrx_word' id='word_1_119' title='bbox 1139 745 1322 780; x_wconf 70' lang='lat' dir='ltr'>infecerat</span> <span class='ocrx_word' id='word_1_120' title='bbox 1344 746 1457 780; x_wconf 89' lang='lat' dir='ltr'>illam.</span> <span class='ocrx_word' id='word_1_121' title='bbox 1508 746 1566 781; x_wconf 83' lang='lat' dir='ltr'>Sic</span> <span class='ocrx_word' id='word_1_122' title='bbox 1592 747 1647 781; x_wconf 91' lang='lat' dir='ltr'>illi</span> <span class='ocrx_word' id='word_1_123' title='bbox 1672 748 1736 791; x_wconf 90' lang='lat' dir='ltr'>qui</span> <span class='ocrx_word' id='word_1_124' title='bbox 1761 759 1878 782; x_wconf 87' lang='lat' dir='ltr'>secre-</span> 
     </span>
     <span class='ocr_line' id='line_1_11' title="bbox 246 799 1878 848; baseline 0.002 -14"><span class='ocrx_word' id='word_1_125' title='bbox 246 801 326 834; x_wconf 90' lang='lat' dir='ltr'>tum</span> <span class='ocrx_word' id='word_1_126' title='bbox 351 799 413 834; x_wconf 79' lang='lat' dir='ltr'>dei</span> <span class='ocrx_word' id='word_1_127' title='bbox 437 800 580 843; x_wconf 80' lang='lat' dir='ltr'>aperire</span> <span class='ocrx_word' id='word_1_128' title='bbox 607 800 645 833; x_wconf 93' lang='lat' dir='ltr'>et</span> <span class='ocrx_word' id='word_1_129' title='bbox 669 799 795 833; x_wconf 85' lang='lat' dir='ltr'>videre</span> <span class='ocrx_word' id='word_1_130' title='bbox 821 799 1020 833; x_wconf 84' lang='lat' dir='ltr'>voluerunt</span> <span class='ocrx_word' id='word_1_131' title='bbox 1043 801 1262 843; x_wconf 70' lang='lat' dir='ltr'>indiscrete,</span> <span class='ocrx_word' id='word_1_132' title='bbox 1290 802 1327 835; x_wconf 90' lang='lat' dir='ltr'>in</span> <span class='ocrx_word' id='word_1_133' title='bbox 1354 812 1516 836; x_wconf 87' lang='lat' dir='ltr'>errorem</span> <span class='ocrx_word' id='word_1_134' title='bbox 1534 803 1711 837; x_wconf 88' lang='lat' dir='ltr'>labuntur</span> <span class='ocrx_word' id='word_1_135' title='bbox 1729 818 1736 837; x_wconf 74' lang='grc' dir='ltr'>ε</span> <span class='ocrx_word' id='word_1_136' title='bbox 1757 804 1795 838; x_wconf 87' lang='lat' dir='ltr'>et</span> <span class='ocrx_word' id='word_1_137' title='bbox 1811 815 1878 848; x_wconf 83' lang='lat' dir='ltr'>per</span> 
     </span>
     <span class='ocr_line' id='line_1_12' title="bbox 246 854 1877 902; baseline 0.002 -13"><span class='ocrx_word' id='word_1_138' title='bbox 246 855 393 889; x_wconf 88' lang='lat' dir='ltr'>diversa</span> <span class='ocrx_word' id='word_1_139' title='bbox 422 856 578 899; x_wconf 89' lang='lat' dir='ltr'>peccata</span> <span class='ocrx_word' id='word_1_140' title='bbox 606 855 704 899; x_wconf 88' lang='lat' dir='ltr'>nigri</span> <span class='ocrx_word' id='word_1_141' title='bbox 735 855 774 888; x_wconf 91' lang='lat' dir='ltr'>et</span> <span class='ocrx_word' id='word_1_142' title='bbox 803 854 943 898; x_wconf 89' lang='lat' dir='ltr'>lapidei</span> <span class='ocrx_word' id='word_1_143' title='bbox 969 854 1191 890; x_wconf 78' lang='lat' dir='ltr'>efficiuntur.</span> <span class='ocrx_word' id='word_1_144' title='bbox 1218 857 1293 890; x_wconf 90' lang='lat' dir='ltr'>Iob.</span> <span class='ocrx_word' id='word_1_145' title='bbox 1312 856 1390 901; x_wconf 72' lang='lat' dir='ltr'>xLJ.</span> <span class='ocrx_word' id='word_1_146' title='bbox 1411 858 1490 902; x_wconf 66' lang='grc'><strong>[15]</strong></span> <span class='ocrx_word' id='word_1_147' title='bbox 1533 858 1603 893; x_wconf 86' lang='lat' dir='ltr'>Cor</span> <span class='ocrx_word' id='word_1_148' title='bbox 1628 859 1706 893; x_wconf 89' lang='grc'><strong>01115</strong></span> <span class='ocrx_word' id='word_1_149' title='bbox 1730 859 1877 894; x_wconf 87' lang='lat' dir='ltr'>indura-</span> 
     </span>
     <span class='ocr_line' id='line_1_13' title="bbox 244 910 694 955; baseline -0.007 -9"><span class='ocrx_word' id='word_1_150' title='bbox 244 912 345 946; x_wconf 88' lang='lat' dir='ltr'>bitur</span> <span class='ocrx_word' id='word_1_151' title='bbox 370 910 475 955; x_wconf 89' lang='lat' dir='ltr'>quasi</span> <span class='ocrx_word' id='word_1_152' title='bbox 498 911 594 955; x_wconf 89' lang='lat' dir='ltr'>lapis</span> <span class='ocrx_word' id='word_1_153' title='bbox 612 938 617 943; x_wconf 92' lang='lat'><em>.</em></span> <span class='ocrx_word' id='word_1_154' title='bbox 638 912 694 943; x_wconf 86' lang='lat'>.“.</span> 
     </span>
    </p>

    <p class='ocr_par' dir='ltr' id='par_1_4' title="bbox 154 967 962 1012">
     <span class='ocr_line' id='line_1_14' title="bbox 154 967 962 1012; baseline -0.005 -8"><span class='ocrx_word' id='word_1_155' title='bbox 154 974 195 1004; x_wconf 81' lang='lat'>37</span> <span class='ocrx_word' id='word_1_156' title='bbox 221 968 369 1012; x_wconf 86' lang='lat' dir='ltr'><strong><em>XLII.]</em></strong></span> <span class='ocrx_word' id='word_1_157' title='bbox 394 967 508 1001; x_wconf 91' lang='lat' dir='ltr'>immo</span> <span class='ocrx_word' id='word_1_158' title='bbox 533 979 602 1000; x_wconf 77' lang='lat' dir='ltr'>xm.</span> <span class='ocrx_word' id='word_1_159' title='bbox 623 970 672 1000; x_wconf 87' lang='lat'>15.</span> <span class='ocrx_word' id='word_1_160' title='bbox 699 967 743 1000; x_wconf 86' lang='lat' dir='ltr'>cf.</span> <span class='ocrx_word' id='word_1_161' title='bbox 762 978 868 1010; x_wconf 83' lang='lat' dir='ltr'>praec.</span> <span class='ocrx_word' id='word_1_162' title='bbox 887 968 962 1001; x_wconf 88' lang='lat' dir='ltr'>not.</span> 
     </span>
    </p>

    <p class='ocr_par' dir='ltr' id='par_1_5' title="bbox 154 1022 1000 1069">
     <span class='ocr_line' id='line_1_15' title="bbox 154 1022 1000 1069; baseline -0.002 -10"><span class='ocrx_word' id='word_1_163' title='bbox 154 1029 196 1059; x_wconf 80' lang='lat'>38</span> <span class='ocrx_word' id='word_1_164' title='bbox 222 1025 273 1069; x_wconf 77' lang='lat' dir='ltr'>ut]</span> <span class='ocrx_word' id='word_1_165' title='bbox 300 1024 478 1067; x_wconf 87' lang='lat' dir='ltr'>tanquam</span> <span class='ocrx_word' id='word_1_166' title='bbox 504 1022 634 1067; x_wconf 78' lang='lat' dir='ltr'>Vulg.;</span> <span class='ocrx_word' id='word_1_167' title='bbox 661 1023 765 1066; x_wconf 91' lang='lat' dir='ltr'>quasi</span> <span class='ocrx_word' id='word_1_168' title='bbox 791 1022 855 1056; x_wconf 84' lang='lat' dir='ltr'>Th.</span> <span class='ocrx_word' id='word_1_169' title='bbox 879 1023 924 1057; x_wconf 91' lang='lat' dir='ltr'>de</span> <span class='ocrx_word' id='word_1_170' title='bbox 942 1023 1000 1057; x_wconf 88' lang='lat' dir='ltr'>W.</span> 
     </span>
    </p>

    <p class='ocr_par' dir='ltr' id='par_1_6' title="bbox 199 1078 1877 1128">
     <span class='ocr_line' id='line_1_16' title="bbox 199 1078 1877 1128; baseline 0.002 -14"><span class='ocrx_word' id='word_1_171' title='bbox 199 1080 401 1124; x_wconf 58' lang='lat' dir='ltr'>Europam]</span> <span class='ocrx_word' id='word_1_172' title='bbox 435 1079 500 1112; x_wconf 89' lang='lat' dir='ltr'>Th.</span> <span class='ocrx_word' id='word_1_173' title='bbox 520 1079 564 1113; x_wconf 89' lang='grc'>(10</span> <span class='ocrx_word' id='word_1_174' title='bbox 583 1078 641 1112; x_wconf 88' lang='lat' dir='ltr'>W.</span> <span class='ocrx_word' id='word_1_175' title='bbox 661 1079 704 1112; x_wconf 90' lang='lat' dir='ltr'>H.</span> <span class='ocrx_word' id='word_1_176' title='bbox 723 1079 784 1113; x_wconf 87' lang='lat' dir='ltr'>fol.</span> <span class='ocrx_word' id='word_1_177' title='bbox 802 1080 921 1113; x_wconf 68' lang='lat' dir='ltr'>xx1xb.</span> <span class='ocrx_word' id='word_1_178' title='bbox 941 1092 991 1123; x_wconf 87' lang='lat' dir='ltr'>sq.</span> <span class='ocrx_word' id='word_1_179' title='bbox 1019 1081 1220 1125; x_wconf 82' lang='lat' dir='ltr'>„Iuppiter</span> <span class='ocrx_word' id='word_1_180' title='bbox 1247 1094 1330 1116; x_wconf 88' lang='lat' dir='ltr'>cum</span> <span class='ocrx_word' id='word_1_181' title='bbox 1356 1093 1497 1116; x_wconf 89' lang='lat' dir='ltr'>summe</span> <span class='ocrx_word' id='word_1_182' title='bbox 1524 1084 1668 1117; x_wconf 86' lang='lat' dir='ltr'>amaret</span> <span class='ocrx_word' id='word_1_183' title='bbox 1691 1084 1877 1128; x_wconf 78' lang='lat' dir='ltr'>Europam</span> 
     </span>
    </p>
   </div>
   <div class='ocr_carea' id='block_1_3' title="bbox 243 1134 1876 1297">
    <p class='ocr_par' dir='ltr' id='par_1_7' title="bbox 243 1134 1876 1297">
     <span class='ocr_line' id='line_1_17' title="bbox 244 1134 1876 1184; baseline 0.004 -16"><span class='ocrx_word' id='word_1_184' title='bbox 244 1135 359 1169; x_wconf 90' lang='lat' dir='ltr'>filiam</span> <span class='ocrx_word' id='word_1_185' title='bbox 390 1135 489 1180; x_wconf 85' lang='lat' dir='ltr'>regis</span> <span class='ocrx_word' id='word_1_186' title='bbox 512 1134 711 1180; x_wconf 79' lang='lat' dir='ltr'>Agenoris,</span> <span class='ocrx_word' id='word_1_187' title='bbox 825 1135 1105 1180; x_wconf 85' lang='lat' dir='ltr'>transfiguravit</span> <span class='ocrx_word' id='word_1_188' title='bbox 1135 1148 1172 1171; x_wconf 88' lang='lat' dir='ltr'>se</span> <span class='ocrx_word' id='word_1_189' title='bbox 1204 1138 1241 1171; x_wconf 88' lang='lat' dir='ltr'>in</span> <span class='ocrx_word' id='word_1_190' title='bbox 1273 1138 1462 1182; x_wconf 76' lang='lat' dir='ltr'>quendam</span> <span class='ocrx_word' id='word_1_191' title='bbox 1494 1140 1643 1173; x_wconf 87' lang='lat' dir='ltr'>taurum</span> <span class='ocrx_word' id='word_1_192' title='bbox 1674 1141 1876 1184; x_wconf 85' lang='lat' dir='ltr'>pulcherri-</span> 
     </span>
     <span class='ocr_line' id='line_1_18' title="bbox 244 1191 1876 1239; baseline 0.003 -14"><span class='ocrx_word' id='word_1_193' title='bbox 244 1204 346 1226; x_wconf 87' lang='lat' dir='ltr'>mum</span> <span class='ocrx_word' id='word_1_194' title='bbox 372 1193 409 1225; x_wconf 90' lang='lat' dir='ltr'>et</span> <span class='ocrx_word' id='word_1_195' title='bbox 433 1192 661 1226; x_wconf 84' lang='lat' dir='ltr'>albissimum</span> <span class='ocrx_word' id='word_1_196' title='bbox 693 1191 770 1225; x_wconf 87' lang='lat' dir='ltr'>sine</span> <span class='ocrx_word' id='word_1_197' title='bbox 796 1191 943 1225; x_wconf 86' lang='lat' dir='ltr'>macula</span> <span class='ocrx_word' id='word_1_198' title='bbox 968 1193 1005 1226; x_wconf 87' lang='lat' dir='ltr'>et</span> <span class='ocrx_word' id='word_1_199' title='bbox 1029 1204 1122 1237; x_wconf 87' lang='lat' dir='ltr'>ruga</span> <span class='ocrx_word' id='word_1_200' title='bbox 1148 1222 1153 1226; x_wconf 94' lang='lat'>.</span> <span class='ocrx_word' id='word_1_201' title='bbox 1174 1222 1180 1226; x_wconf 94' lang='lat'><em>.</em></span> <span class='ocrx_word' id='word_1_202' title='bbox 1201 1222 1206 1227; x_wconf 89' lang='lat'>.</span> <span class='ocrx_word' id='word_1_203' title='bbox 1226 1222 1232 1227; x_wconf 89' lang='lat'><em>.</em></span> <span class='ocrx_word' id='word_1_204' title='bbox 1261 1195 1299 1228; x_wconf 85' lang='lat' dir='ltr'>et</span> <span class='ocrx_word' id='word_1_205' title='bbox 1322 1194 1475 1228; x_wconf 80' lang='lat' dir='ltr'>tandem</span> <span class='ocrx_word' id='word_1_206' title='bbox 1500 1195 1694 1239; x_wconf 87' lang='lat' dir='ltr'>pristinam</span> <span class='ocrx_word' id='word_1_207' title='bbox 1720 1197 1876 1231; x_wconf 88' lang='lat' dir='ltr'>formam</span> 
     </span>
     <span class='ocr_line' id='line_1_19' title="bbox 243 1247 1875 1297; baseline 0.004 -16"><span class='ocrx_word' id='word_1_208' title='bbox 243 1248 450 1291; x_wconf 81' lang='lat' dir='ltr'>assumpsit,</span> <span class='ocrx_word' id='word_1_209' title='bbox 472 1249 515 1281; x_wconf 84' lang='lat' dir='ltr'>ut</span> <span class='ocrx_word' id='word_1_210' title='bbox 535 1247 688 1291; x_wconf 87' lang='lat' dir='ltr'>virginis</span> <span class='ocrx_word' id='word_1_211' title='bbox 710 1247 840 1282; x_wconf 84' lang='lat' dir='ltr'>solatio</span> <span class='ocrx_word' id='word_1_212' title='bbox 862 1260 946 1282; x_wconf 85' lang='lat' dir='ltr'>usus</span> <span class='ocrx_word' id='word_1_213' title='bbox 968 1249 1039 1282; x_wconf 87' lang='lat' dir='ltr'>fuit</span> <span class='ocrx_word' id='word_1_214' title='bbox 1055 1276 1062 1283; x_wconf 90' lang='lat'>.</span> <span class='ocrx_word' id='word_1_215' title='bbox 1082 1277 1087 1282; x_wconf 94' lang='lat'>.</span> <span class='ocrx_word' id='word_1_216' title='bbox 1108 1277 1114 1282; x_wconf 89' lang='lat'><em>.</em></span> <span class='ocrx_word' id='word_1_217' title='bbox 1135 1277 1140 1282; x_wconf 92' lang='lat'><em>.</em></span> <span class='ocrx_word' id='word_1_218' title='bbox 1167 1249 1298 1284; x_wconf 83' lang='lat' dir='ltr'>Puella</span> <span class='ocrx_word' id='word_1_219' title='bbox 1318 1250 1390 1284; x_wconf 89' lang='lat' dir='ltr'>ista</span> <span class='ocrx_word' id='word_1_220' title='bbox 1411 1251 1597 1295; x_wconf 84' lang='lat' dir='ltr'>significat</span> <span class='ocrx_word' id='word_1_221' title='bbox 1610 1252 1772 1286; x_wconf 88' lang='lat' dir='ltr'>animam</span> <span class='ocrx_word' id='word_1_222' title='bbox 1794 1265 1875 1297; x_wconf 77' lang='lat' dir='ltr'>quae</span> 
     </span>
    </p>
   </div>
   <div class='ocr_carea' id='block_1_4' title="bbox 149 1303 1875 1800">
    <p class='ocr_par' dir='ltr' id='par_1_8' title="bbox 238 1303 1875 1629">
     <span class='ocr_line' id='line_1_20' title="bbox 242 1303 1875 1351; baseline 0.002 -13"><span class='ocrx_word' id='word_1_223' title='bbox 242 1304 340 1348; x_wconf 86' lang='lat' dir='ltr'>regis</span> <span class='ocrx_word' id='word_1_224' title='bbox 371 1305 409 1337; x_wconf 88' lang='lat' dir='ltr'>et</span> <span class='ocrx_word' id='word_1_225' title='bbox 439 1303 499 1337; x_wconf 88' lang='grc'><strong>(101</strong></span> <span class='ocrx_word' id='word_1_226' title='bbox 531 1303 608 1337; x_wconf 90' lang='lat' dir='ltr'>filia</span> <span class='ocrx_word' id='word_1_227' title='bbox 639 1305 694 1337; x_wconf 82' lang='lat' dir='ltr'>est</span> <span class='ocrx_word' id='word_1_228' title='bbox 724 1304 909 1347; x_wconf 86' lang='lat' dir='ltr'>spiritalis.</span> <span class='ocrx_word' id='word_1_229' title='bbox 944 1304 1113 1349; x_wconf 85' lang='lat' dir='ltr'>Iuppiter</span> <span class='ocrx_word' id='word_1_230' title='bbox 1144 1317 1308 1339; x_wconf 85' lang='lat' dir='ltr'>summus</span> <span class='ocrx_word' id='word_1_231' title='bbox 1338 1306 1428 1340; x_wconf 86' lang='grc'><strong>(10115</strong></span> <span class='ocrx_word' id='word_1_232' title='bbox 1461 1306 1646 1351; x_wconf 85' lang='lat' dir='ltr'>significat</span> <span class='ocrx_word' id='word_1_233' title='bbox 1670 1308 1731 1342; x_wconf 88' lang='lat' dir='ltr'>dei</span> <span class='ocrx_word' id='word_1_234' title='bbox 1758 1309 1875 1342; x_wconf 86' lang='lat' dir='ltr'>filium</span> 
     </span>
     <span class='ocr_line' id='line_1_21' title="bbox 241 1358 1873 1408; baseline 0.004 -15"><span class='ocrx_word' id='word_1_235' title='bbox 241 1360 306 1404; x_wconf 87' lang='lat' dir='ltr'>qui</span> <span class='ocrx_word' id='word_1_236' title='bbox 335 1360 378 1393; x_wconf 87' lang='lat' dir='ltr'>ut</span> <span class='ocrx_word' id='word_1_237' title='bbox 406 1358 591 1403; x_wconf 84' lang='lat' dir='ltr'>virginem</span> <span class='ocrx_word' id='word_1_238' title='bbox 622 1359 729 1392; x_wconf 88' lang='lat' dir='ltr'>istam</span> <span class='ocrx_word' id='word_1_239' title='bbox 757 1360 799 1393; x_wconf 90' lang='lat' dir='ltr'>.i.</span> <span class='ocrx_word' id='word_1_240' title='bbox 827 1360 989 1394; x_wconf 87' lang='lat' dir='ltr'>animam</span> <span class='ocrx_word' id='word_1_241' title='bbox 1014 1361 1234 1395; x_wconf 70' lang='lat' dir='ltr'>rationalem</span> <span class='ocrx_word' id='word_1_242' title='bbox 1265 1373 1376 1405; x_wconf 86' lang='lat' dir='ltr'>quam</span> <span class='ocrx_word' id='word_1_243' title='bbox 1401 1363 1552 1397; x_wconf 85' lang='lat' dir='ltr'>amabat</span> <span class='ocrx_word' id='word_1_244' title='bbox 1575 1365 1702 1408; x_wconf 87' lang='lat' dir='ltr'>posset</span> <span class='ocrx_word' id='word_1_245' title='bbox 1724 1365 1873 1407; x_wconf 85' lang='lat' dir='ltr'>habere,</span> 
     </span>
     <span class='ocr_line' id='line_1_22' title="bbox 240 1414 1874 1463; baseline 0.003 -13"><span class='ocrx_word' id='word_1_246' title='bbox 240 1417 278 1450; x_wconf 87' lang='lat' dir='ltr'>in</span> <span class='ocrx_word' id='word_1_247' title='bbox 310 1417 458 1450; x_wconf 87' lang='lat' dir='ltr'>taurum</span> <span class='ocrx_word' id='word_1_248' title='bbox 489 1414 780 1458; x_wconf 87' lang='lat' dir='ltr'>pulcherrimum</span> <span class='ocrx_word' id='word_1_249' title='bbox 812 1427 849 1449; x_wconf 94' lang='grc'>50</span> <span class='ocrx_word' id='word_1_250' title='bbox 882 1417 1043 1450; x_wconf 89' lang='lat' dir='ltr'>mutavit</span> <span class='ocrx_word' id='word_1_251' title='bbox 1074 1417 1118 1451; x_wconf 89' lang='lat' dir='ltr'>.i.</span> <span class='ocrx_word' id='word_1_252' title='bbox 1150 1418 1187 1450; x_wconf 86' lang='lat' dir='ltr'>in</span> <span class='ocrx_word' id='word_1_253' title='bbox 1212 1418 1400 1452; x_wconf 85' lang='lat' dir='ltr'>hominem</span> <span class='ocrx_word' id='word_1_254' title='bbox 1431 1430 1651 1463; x_wconf 87' lang='lat' dir='ltr'>corporeum</span> <span class='ocrx_word' id='word_1_255' title='bbox 1678 1421 1716 1454; x_wconf 86' lang='lat' dir='ltr'>et</span> <span class='ocrx_word' id='word_1_256' title='bbox 1739 1422 1874 1455; x_wconf 83' lang='lat' dir='ltr'>morta-</span> 
     </span>
     <span class='ocr_line' id='line_1_23' title="bbox 240 1471 1873 1519; baseline 0.002 -13"><span class='ocrx_word' id='word_1_257' title='bbox 240 1473 314 1506; x_wconf 88' lang='lat' dir='ltr'>lem</span> <span class='ocrx_word' id='word_1_258' title='bbox 332 1499 339 1506; x_wconf 92' lang='lat'><strong><em>.</em></strong></span> <span class='ocrx_word' id='word_1_259' title='bbox 359 1500 365 1505; x_wconf 87' lang='lat'>.</span> <span class='ocrx_word' id='word_1_260' title='bbox 385 1499 391 1504; x_wconf 94' lang='lat'>.</span> <span class='ocrx_word' id='word_1_261' title='bbox 411 1498 419 1505; x_wconf 90' lang='lat'><strong>.</strong></span> <span class='ocrx_word' id='word_1_262' title='bbox 455 1471 570 1505; x_wconf 90' lang='lat' dir='ltr'>Istum</span> <span class='ocrx_word' id='word_1_263' title='bbox 596 1471 710 1505; x_wconf 86' lang='lat' dir='ltr'>debet</span> <span class='ocrx_word' id='word_1_264' title='bbox 732 1471 860 1515; x_wconf 85' lang='lat' dir='ltr'>puella</span> <span class='ocrx_word' id='word_1_265' title='bbox 886 1472 928 1505; x_wconf 87' lang='lat' dir='ltr'>.i.</span> <span class='ocrx_word' id='word_1_266' title='bbox 957 1473 1081 1506; x_wconf 86' lang='lat' dir='ltr'>anima</span> <span class='ocrx_word' id='word_1_267' title='bbox 1105 1484 1173 1517; x_wconf 87' lang='lat' dir='ltr'>per</span> <span class='ocrx_word' id='word_1_268' title='bbox 1204 1474 1397 1507; x_wconf 84' lang='lat' dir='ltr'>caritatem</span> <span class='ocrx_word' id='word_1_269' title='bbox 1421 1476 1577 1519; x_wconf 85' lang='lat' dir='ltr'>tangere</span> <span class='ocrx_word' id='word_1_270' title='bbox 1604 1504 1610 1508; x_wconf 92' lang='lat'>.</span> <span class='ocrx_word' id='word_1_271' title='bbox 1630 1503 1636 1509; x_wconf 93' lang='lat'><strong>.</strong></span> <span class='ocrx_word' id='word_1_272' title='bbox 1657 1504 1662 1509; x_wconf 92' lang='lat'><em>.</em></span> <span class='ocrx_word' id='word_1_273' title='bbox 1690 1477 1727 1510; x_wconf 85' lang='lat' dir='ltr'>et</span> <span class='ocrx_word' id='word_1_274' title='bbox 1751 1477 1801 1510; x_wconf 89' lang='grc'>510</span> <span class='ocrx_word' id='word_1_275' title='bbox 1827 1478 1873 1511; x_wconf 83' lang='lat' dir='ltr'>ab</span> 
     </span>
     <span class='ocr_line' id='line_1_24' title="bbox 239 1527 1871 1576; baseline 0.003 -14"><span class='ocrx_word' id='word_1_276' title='bbox 239 1529 319 1573; x_wconf 91' lang='lat' dir='ltr'>ipso</span> <span class='ocrx_word' id='word_1_277' title='bbox 344 1538 411 1571; x_wconf 88' lang='lat' dir='ltr'>per</span> <span class='ocrx_word' id='word_1_278' title='bbox 436 1528 514 1561; x_wconf 88' lang='lat' dir='ltr'>eius</span> <span class='ocrx_word' id='word_1_279' title='bbox 537 1527 764 1571; x_wconf 78' lang='lat' dir='ltr'>paenitentiae</span> <span class='ocrx_word' id='word_1_280' title='bbox 796 1527 1054 1561; x_wconf 83' lang='lat' dir='ltr'>austeritatem</span> <span class='ocrx_word' id='word_1_281' title='bbox 1083 1529 1296 1573; x_wconf 85' lang='lat' dir='ltr'>portabitur</span> <span class='ocrx_word' id='word_1_282' title='bbox 1327 1531 1365 1564; x_wconf 90' lang='lat' dir='ltr'>et</span> <span class='ocrx_word' id='word_1_283' title='bbox 1390 1530 1468 1564; x_wconf 89' lang='lat' dir='ltr'>eius</span> <span class='ocrx_word' id='word_1_284' title='bbox 1493 1531 1624 1565; x_wconf 85' lang='lat' dir='ltr'>solatio</span> <span class='ocrx_word' id='word_1_285' title='bbox 1650 1532 1871 1576; x_wconf 86' lang='lat' dir='ltr'>perfruetur.</span> 
     </span>
     <span class='ocr_line' id='line_1_25' title="bbox 238 1583 1115 1629; baseline 0 -11"><span class='ocrx_word' id='word_1_286' title='bbox 238 1584 430 1629; x_wconf 85' lang='lat' dir='ltr'>psalmista</span> <span class='ocrx_word' id='word_1_287' title='bbox 456 1584 583 1627; x_wconf 77' lang='lat' dir='ltr'>[ann.</span> <span class='ocrx_word' id='word_1_288' title='bbox 604 1584 675 1627; x_wconf 87' lang='lat'>11.]</span> <span class='ocrx_word' id='word_1_289' title='bbox 703 1583 800 1617; x_wconf 88' lang='lat' dir='ltr'>Audi</span> <span class='ocrx_word' id='word_1_290' title='bbox 825 1583 902 1617; x_wconf 88' lang='lat' dir='ltr'>filia</span> <span class='ocrx_word' id='word_1_291' title='bbox 926 1585 965 1618; x_wconf 88' lang='lat' dir='ltr'>et</span> <span class='ocrx_word' id='word_1_292' title='bbox 988 1584 1115 1618; x_wconf 80' lang='lat' dir='ltr'>vide“.</span> 
     </span>
    </p>

    <p class='ocr_par' dir='ltr' id='par_1_9' title="bbox 149 1642 917 1686">
     <span class='ocr_line' id='line_1_26' title="bbox 149 1642 917 1686; baseline 0.004 -10"><span class='ocrx_word' id='word_1_293' title='bbox 149 1645 236 1686; x_wconf 73' lang='lat' dir='ltr'>Pag-</span> <span class='ocrx_word' id='word_1_294' title='bbox 251 1642 317 1679; x_wconf 73' lang='lat'>43.</span> <span class='ocrx_word' id='word_1_295' title='bbox 813 1661 828 1663; x_wconf 53' lang='lat'>&#39;⁷</span> <span class='ocrx_word' id='word_1_296' title='bbox 842 1662 871 1663; x_wconf 38' lang='lat'>*⁷*</span> <span class='ocrx_word' id='word_1_297' title='bbox 887 1662 917 1664; x_wconf 40' lang='lat' dir='ltr'>W*</span> 
     </span>
    </p>

    <p class='ocr_par' dir='ltr' id='par_1_10' title="bbox 151 1695 1873 1800">
     <span class='ocr_line' id='line_1_27' title="bbox 151 1695 1873 1742; baseline 0.002 -10"><span class='ocrx_word' id='word_1_298' title='bbox 151 1704 165 1732; x_wconf 91' lang='lat'>1</span> <span class='ocrx_word' id='word_1_299' title='bbox 193 1697 299 1732; x_wconf 60' lang='lat' dir='ltr'>Anda·</span> <span class='ocrx_word' id='word_1_300' title='bbox 316 1698 390 1741; x_wconf 67' lang='lat' dir='ltr'>etc]</span> <span class='ocrx_word' id='word_1_301' title='bbox 410 1696 574 1741; x_wconf 85' lang='lat' dir='ltr'>Vulgata</span> <span class='ocrx_word' id='word_1_302' title='bbox 591 1695 659 1730; x_wconf 87' lang='lat' dir='ltr'>sic:</span> <span class='ocrx_word' id='word_1_303' title='bbox 680 1695 814 1738; x_wconf 87' lang='lat' dir='ltr'>„Audi,</span> <span class='ocrx_word' id='word_1_304' title='bbox 834 1696 920 1738; x_wconf 90' lang='lat' dir='ltr'>filia,</span> <span class='ocrx_word' id='word_1_305' title='bbox 940 1698 978 1731; x_wconf 85' lang='lat' dir='ltr'>ct</span> <span class='ocrx_word' id='word_1_306' title='bbox 994 1697 1091 1740; x_wconf 82' lang='lat' dir='ltr'>vide,</span> <span class='ocrx_word' id='word_1_307' title='bbox 1111 1699 1149 1732; x_wconf 86' lang='lat' dir='ltr'>et</span> <span class='ocrx_word' id='word_1_308' title='bbox 1166 1698 1303 1732; x_wconf 87' lang='lat' dir='ltr'>inclina</span> <span class='ocrx_word' id='word_1_309' title='bbox 1320 1710 1448 1733; x_wconf 82' lang='lat' dir='ltr'>aurem</span> <span class='ocrx_word' id='word_1_310' title='bbox 1466 1701 1580 1742; x_wconf 87' lang='lat' dir='ltr'>tuam,</span> <span class='ocrx_word' id='word_1_311' title='bbox 1601 1701 1639 1734; x_wconf 91' lang='lat' dir='ltr'>et</span> <span class='ocrx_word' id='word_1_312' title='bbox 1655 1701 1873 1736; x_wconf 72' lang='lat' dir='ltr'>obliviscere</span> 
     </span>
     <span class='ocr_line' id='line_1_28' title="bbox 238 1752 1873 1800; baseline 0.003 -13"><span class='ocrx_word' id='word_1_313' title='bbox 238 1753 419 1797; x_wconf 88' lang='lat' dir='ltr'>populum</span> <span class='ocrx_word' id='word_1_314' title='bbox 448 1753 572 1795; x_wconf 91' lang='lat' dir='ltr'>tuum,</span> <span class='ocrx_word' id='word_1_315' title='bbox 611 1753 649 1786; x_wconf 89' lang='lat' dir='ltr'>et</span> <span class='ocrx_word' id='word_1_316' title='bbox 679 1752 829 1786; x_wconf 90' lang='lat' dir='ltr'>domum</span> <span class='ocrx_word' id='word_1_317' title='bbox 861 1753 978 1797; x_wconf 86' lang='lat' dir='ltr'>patris</span> <span class='ocrx_word' id='word_1_318' title='bbox 1008 1754 1074 1788; x_wconf 88' lang='lat' dir='ltr'>tui.</span> <span class='ocrx_word' id='word_1_319' title='bbox 1094 1755 1137 1797; x_wconf 88' lang='lat' dir='ltr'>[v.</span> <span class='ocrx_word' id='word_1_320' title='bbox 1153 1755 1207 1798; x_wconf 63' lang='lat' dir='ltr'>la]</span> <span class='ocrx_word' id='word_1_321' title='bbox 1245 1754 1293 1788; x_wconf 91' lang='lat' dir='ltr'>Et</span> <span class='ocrx_word' id='word_1_322' title='bbox 1328 1756 1565 1800; x_wconf 75' lang='lat' dir='ltr'>concupiscet</span> <span class='ocrx_word' id='word_1_323' title='bbox 1599 1768 1663 1790; x_wconf 78' lang='lat' dir='ltr'>rex</span> <span class='ocrx_word' id='word_1_324' title='bbox 1701 1757 1873 1792; x_wconf 85' lang='lat' dir='ltr'>decorem</span> 
     </span>
    </p>
   </div>
   <div class='ocr_carea' id='block_1_5' title="bbox 923 1662 1082 1666">
    <p class='ocr_par' dir='ltr' id='par_1_11' title="bbox 923 1662 1082 1666">
     <span class='ocr_line' id='line_1_29' title="bbox 923 1662 1082 1666; baseline 0 0"><span class='ocrx_word' id='word_1_325' title='bbox 923 1662 1082 1666; x_wconf 95' lang='lat' dir='ltr'> </span> 
     </span>
    </p>
   </div>
   <div class='ocr_carea' id='block_1_6' title="bbox 238 1812 455 1844">
    <p class='ocr_par' dir='ltr' id='par_1_12' title="bbox 238 1812 455 1844">
     <span class='ocr_line' id='line_1_30' title="bbox 238 1812 455 1844; baseline -0.005 0"><span class='ocrx_word' id='word_1_326' title='bbox 238 1812 344 1844; x_wconf 88' lang='lat' dir='ltr'>tuum</span> <span class='ocrx_word' id='word_1_327' title='bbox 363 1836 370 1843; x_wconf 91' lang='lat'><strong><em>.</em></strong></span> <span class='ocrx_word' id='word_1_328' title='bbox 390 1837 396 1843; x_wconf 91' lang='lat'>.</span> <span class='ocrx_word' id='word_1_329' title='bbox 417 1812 455 1843; x_wconf 85' lang='lat'>.“</span> 
     </span>
    </p>
   </div>
   <div class='ocr_carea' id='block_1_7' title="bbox 144 1865 1871 3091">
    <p class='ocr_par' dir='ltr' id='par_1_13' title="bbox 148 1865 1871 2462">
     <span class='ocr_line' id='line_1_31' title="bbox 148 1865 1871 1914; baseline 0.002 -13"><span class='ocrx_word' id='word_1_330' title='bbox 148 1872 166 1901; x_wconf 76' lang='lat'>2</span> <span class='ocrx_word' id='word_1_331' title='bbox 196 1866 357 1900; x_wconf 71' lang='lat' dir='ltr'>Cadmus</span> <span class='ocrx_word' id='word_1_332' title='bbox 381 1866 455 1909; x_wconf 68' lang='lat' dir='ltr'>etc]</span> <span class='ocrx_word' id='word_1_333' title='bbox 483 1865 603 1908; x_wconf 87' lang='lat' dir='ltr'>(Ovid.</span> <span class='ocrx_word' id='word_1_334' title='bbox 622 1866 710 1899; x_wconf 87' lang='lat' dir='ltr'>met.</span> <span class='ocrx_word' id='word_1_335' title='bbox 728 1878 778 1898; x_wconf 90' lang='lat'>111.</span> <span class='ocrx_word' id='word_1_336' title='bbox 798 1867 891 1909; x_wconf 80' lang='lat' dir='ltr'>sqq.)</span> <span class='ocrx_word' id='word_1_337' title='bbox 909 1866 976 1900; x_wconf 88' lang='lat' dir='ltr'>Th.</span> <span class='ocrx_word' id='word_1_338' title='bbox 995 1867 1040 1900; x_wconf 86' lang='lat' dir='ltr'>de</span> <span class='ocrx_word' id='word_1_339' title='bbox 1058 1867 1118 1900; x_wconf 88' lang='lat' dir='ltr'>W.</span> <span class='ocrx_word' id='word_1_340' title='bbox 1135 1867 1198 1901; x_wconf 91' lang='grc' dir='ltr'>ΠΙ.</span> <span class='ocrx_word' id='word_1_341' title='bbox 1217 1867 1278 1901; x_wconf 91' lang='lat' dir='ltr'>fol.</span> <span class='ocrx_word' id='word_1_342' title='bbox 1296 1880 1367 1901; x_wconf 76' lang='lat' dir='ltr'>xxx</span> <span class='ocrx_word' id='word_1_343' title='bbox 1377 1869 1403 1902; x_wconf 76' lang='lat'>¹³.</span> <span class='ocrx_word' id='word_1_344' title='bbox 1436 1868 1568 1909; x_wconf 82' lang='lat' dir='ltr'>„Dicit</span> <span class='ocrx_word' id='word_1_345' title='bbox 1592 1869 1745 1903; x_wconf 88' lang='lat' dir='ltr'>Ovidius</span> <span class='ocrx_word' id='word_1_346' title='bbox 1771 1871 1871 1914; x_wconf 90' lang='lat' dir='ltr'>quod</span> 
     </span>
     <span class='ocr_line' id='line_1_32' title="bbox 237 1921 1869 1970; baseline 0.002 -13"><span class='ocrx_word' id='word_1_347' title='bbox 237 1923 437 1967; x_wconf 85' lang='lat' dir='ltr'>postquam</span> <span class='ocrx_word' id='word_1_348' title='bbox 464 1921 623 1956; x_wconf 84' lang='lat' dir='ltr'>Cadmus</span> <span class='ocrx_word' id='word_1_349' title='bbox 648 1921 745 1955; x_wconf 91' lang='lat' dir='ltr'>filius</span> <span class='ocrx_word' id='word_1_350' title='bbox 771 1922 868 1966; x_wconf 88' lang='lat' dir='ltr'>regis</span> <span class='ocrx_word' id='word_1_351' title='bbox 893 1922 1076 1967; x_wconf 80' lang='lat' dir='ltr'>Agenoris</span> <span class='ocrx_word' id='word_1_352' title='bbox 1101 1923 1263 1957; x_wconf 86' lang='lat' dir='ltr'>mittitur</span> <span class='ocrx_word' id='word_1_353' title='bbox 1288 1924 1333 1957; x_wconf 90' lang='lat' dir='ltr'>dc</span> <span class='ocrx_word' id='word_1_354' title='bbox 1359 1924 1536 1958; x_wconf 88' lang='lat' dir='ltr'>mandato</span> <span class='ocrx_word' id='word_1_355' title='bbox 1561 1926 1678 1969; x_wconf 86' lang='lat' dir='ltr'>patris</span> <span class='ocrx_word' id='word_1_356' title='bbox 1704 1938 1869 1970; x_wconf 61' lang='lat' dir='ltr'>quaerere</span> 
     </span>
     <span class='ocr_line' id='line_1_33' title="bbox 236 1978 1869 2025; baseline 0.002 -13"><span class='ocrx_word' id='word_1_357' title='bbox 236 1978 423 2023; x_wconf 86' lang='lat' dir='ltr'>Europem</span> <span class='ocrx_word' id='word_1_358' title='bbox 449 1989 611 2012; x_wconf 91' lang='lat' dir='ltr'>sororem</span> <span class='ocrx_word' id='word_1_359' title='bbox 637 1989 741 2011; x_wconf 89' lang='lat' dir='ltr'>suam</span> <span class='ocrx_word' id='word_1_360' title='bbox 772 1979 919 2022; x_wconf 85' lang='lat' dir='ltr'>raptam</span> <span class='ocrx_word' id='word_1_361' title='bbox 945 1990 966 2013; x_wconf 92' lang='lat' dir='ltr'>a</span> <span class='ocrx_word' id='word_1_362' title='bbox 990 1978 1078 2013; x_wconf 87' lang='lat' dir='ltr'>Iove</span> <span class='ocrx_word' id='word_1_363' title='bbox 1104 1979 1170 2012; x_wconf 91' lang='lat' dir='ltr'>sub</span> <span class='ocrx_word' id='word_1_364' title='bbox 1201 1979 1270 2013; x_wconf 89' lang='lat' dir='ltr'>tali</span> <span class='ocrx_word' id='word_1_365' title='bbox 1294 1981 1404 2024; x_wconf 90' lang='lat' dir='ltr'>pacto</span> <span class='ocrx_word' id='word_1_366' title='bbox 1430 1980 1530 2024; x_wconf 88' lang='lat' dir='ltr'>quod</span> <span class='ocrx_word' id='word_1_367' title='bbox 1556 2006 1564 2014; x_wconf 90' lang='lat'>.</span> <span class='ocrx_word' id='word_1_368' title='bbox 1584 2008 1590 2015; x_wconf 91' lang='lat'>.</span> <span class='ocrx_word' id='word_1_369' title='bbox 1613 1992 1687 2015; x_wconf 89' lang='lat' dir='ltr'>non</span> <span class='ocrx_word' id='word_1_370' title='bbox 1719 1982 1869 2025; x_wconf 87' lang='lat' dir='ltr'>rediret,</span> 
     </span>
     <span class='ocr_line' id='line_1_34' title="bbox 237 2034 1869 2081; baseline 0.002 -13"><span class='ocrx_word' id='word_1_371' title='bbox 237 2035 307 2068; x_wconf 90' lang='lat' dir='ltr'>nisi</span> <span class='ocrx_word' id='word_1_372' title='bbox 331 2045 494 2069; x_wconf 87' lang='lat' dir='ltr'>sororem</span> <span class='ocrx_word' id='word_1_373' title='bbox 511 2034 698 2078; x_wconf 86' lang='lat' dir='ltr'>perditam</span> <span class='ocrx_word' id='word_1_374' title='bbox 723 2034 911 2069; x_wconf 88' lang='lat' dir='ltr'>inveniret</span> <span class='ocrx_word' id='word_1_375' title='bbox 928 2063 934 2068; x_wconf 96' lang='lat'>.</span> <span class='ocrx_word' id='word_1_376' title='bbox 955 2062 962 2069; x_wconf 94' lang='lat'>.</span> <span class='ocrx_word' id='word_1_377' title='bbox 981 2062 988 2069; x_wconf 89' lang='lat'><strong>.</strong></span> <span class='ocrx_word' id='word_1_378' title='bbox 1008 2062 1015 2069; x_wconf 90' lang='lat'><strong>.</strong></span> <span class='ocrx_word' id='word_1_379' title='bbox 1033 2035 1106 2069; x_wconf 87' lang='lat' dir='ltr'>Iste</span> <span class='ocrx_word' id='word_1_380' title='bbox 1126 2035 1285 2070; x_wconf 85' lang='lat' dir='ltr'>Cadmus</span> <span class='ocrx_word' id='word_1_381' title='bbox 1309 2037 1436 2080; x_wconf 86' lang='lat' dir='ltr'>potest</span> <span class='ocrx_word' id='word_1_382' title='bbox 1457 2036 1665 2081; x_wconf 85' lang='lat' dir='ltr'>significare</span> <span class='ocrx_word' id='word_1_383' title='bbox 1685 2037 1869 2072; x_wconf 86' lang='lat' dir='ltr'>Christum</span> 
     </span>
     <span class='ocr_line' id='line_1_35' title="bbox 237 2090 1869 2135; baseline 0.002 -11"><span class='ocrx_word' id='word_1_384' title='bbox 237 2091 300 2135; x_wconf 88' lang='lat' dir='ltr'>qui</span> <span class='ocrx_word' id='word_1_385' title='bbox 326 2091 371 2124; x_wconf 90' lang='grc'>(10</span> <span class='ocrx_word' id='word_1_386' title='bbox 397 2090 574 2124; x_wconf 89' lang='lat' dir='ltr'>mandato</span> <span class='ocrx_word' id='word_1_387' title='bbox 599 2090 715 2134; x_wconf 88' lang='lat' dir='ltr'>patris</span> <span class='ocrx_word' id='word_1_388' title='bbox 740 2091 845 2124; x_wconf 87' lang='lat' dir='ltr'>venit</span> <span class='ocrx_word' id='word_1_389' title='bbox 868 2092 906 2124; x_wconf 84' lang='lat' dir='ltr'>in</span> <span class='ocrx_word' id='word_1_390' title='bbox 932 2091 1112 2124; x_wconf 89' lang='lat' dir='ltr'>mundum</span> <span class='ocrx_word' id='word_1_391' title='bbox 1131 2102 1295 2135; x_wconf 84' lang='lat' dir='ltr'>quaerere</span> <span class='ocrx_word' id='word_1_392' title='bbox 1322 2103 1495 2126; x_wconf 86' lang='lat' dir='ltr'>sororem.</span> <span class='ocrx_word' id='word_1_393' title='bbox 1513 2093 1535 2126; x_wconf 91' lang='lat' dir='ltr'>i.</span> <span class='ocrx_word' id='word_1_394' title='bbox 1555 2094 1717 2128; x_wconf 88' lang='lat' dir='ltr'>animam</span> <span class='ocrx_word' id='word_1_395' title='bbox 1742 2094 1869 2129; x_wconf 90' lang='lat' dir='ltr'>huma-</span> 
     </span>
     <span class='ocr_line' id='line_1_36' title="bbox 236 2146 1869 2194; baseline 0.001 -13"><span class='ocrx_word' id='word_1_396' title='bbox 236 2159 322 2181; x_wconf 88' lang='lat' dir='ltr'>nam</span> <span class='ocrx_word' id='word_1_397' title='bbox 347 2158 459 2190; x_wconf 88' lang='lat' dir='ltr'>quam</span> <span class='ocrx_word' id='word_1_398' title='bbox 485 2146 628 2190; x_wconf 87' lang='lat' dir='ltr'>Iupiter</span> <span class='ocrx_word' id='word_1_399' title='bbox 652 2146 820 2180; x_wconf 87' lang='lat' dir='ltr'>diabolus</span> <span class='ocrx_word' id='word_1_400' title='bbox 851 2147 977 2191; x_wconf 88' lang='lat' dir='ltr'>rapuit</span> <span class='ocrx_word' id='word_1_401' title='bbox 1001 2147 1071 2181; x_wconf 87' lang='lat' dir='ltr'>deo</span> <span class='ocrx_word' id='word_1_402' title='bbox 1096 2148 1205 2191; x_wconf 86' lang='lat' dir='ltr'>patri.</span> <span class='ocrx_word' id='word_1_403' title='bbox 1254 2147 1327 2182; x_wconf 89' lang='lat' dir='ltr'>Iste</span> <span class='ocrx_word' id='word_1_404' title='bbox 1353 2149 1469 2193; x_wconf 87' lang='lat' dir='ltr'>igitur</span> <span class='ocrx_word' id='word_1_405' title='bbox 1501 2149 1597 2183; x_wconf 87' lang='lat' dir='ltr'>filius</span> <span class='ocrx_word' id='word_1_406' title='bbox 1622 2149 1683 2183; x_wconf 84' lang='lat' dir='ltr'>dei</span> <span class='ocrx_word' id='word_1_407' title='bbox 1708 2160 1753 2183; x_wconf 81' lang='lat' dir='ltr'>ex</span> <span class='ocrx_word' id='word_1_408' title='bbox 1777 2162 1869 2194; x_wconf 64' lang='grc'><strong>11100-</strong></span> 
     </span>
     <span class='ocr_line' id='line_1_37' title="bbox 236 2202 1869 2249; baseline 0.001 -12"><span class='ocrx_word' id='word_1_409' title='bbox 236 2203 397 2237; x_wconf 86' lang='lat' dir='ltr'>diffinito</span> <span class='ocrx_word' id='word_1_410' title='bbox 423 2202 575 2236; x_wconf 88' lang='lat' dir='ltr'>consilio</span> <span class='ocrx_word' id='word_1_411' title='bbox 600 2202 729 2237; x_wconf 89' lang='lat' dir='ltr'>habito</span> <span class='ocrx_word' id='word_1_412' title='bbox 747 2203 785 2236; x_wconf 86' lang='lat' dir='ltr'>in</span> <span class='ocrx_word' id='word_1_413' title='bbox 810 2203 952 2247; x_wconf 90' lang='lat' dir='ltr'>templo</span> <span class='ocrx_word' id='word_1_414' title='bbox 970 2203 1112 2237; x_wconf 84' lang='lat' dir='ltr'>Phoebi.</span> <span class='ocrx_word' id='word_1_415' title='bbox 1130 2203 1153 2237; x_wconf 88' lang='lat' dir='ltr'>i.</span> <span class='ocrx_word' id='word_1_416' title='bbox 1172 2203 1258 2238; x_wconf 83' lang='lat' dir='ltr'>solis</span> <span class='ocrx_word' id='word_1_417' title='bbox 1282 2205 1433 2249; x_wconf 88' lang='lat' dir='ltr'>superni</span> <span class='ocrx_word' id='word_1_418' title='bbox 1450 2206 1526 2239; x_wconf 85' lang='lat' dir='ltr'>sive</span> <span class='ocrx_word' id='word_1_419' title='bbox 1552 2205 1668 2249; x_wconf 83' lang='lat' dir='ltr'>patris</span> <span class='ocrx_word' id='word_1_420' title='bbox 1684 2205 1869 2240; x_wconf 88' lang='lat' dir='ltr'>luminum</span> 
     </span>
     <span class='ocr_line' id='line_1_38' title="bbox 234 2259 1867 2306; baseline 0.001 -13"><span class='ocrx_word' id='word_1_421' title='bbox 234 2260 428 2294; x_wconf 86' lang='lat' dir='ltr'>inventam</span> <span class='ocrx_word' id='word_1_422' title='bbox 451 2259 598 2301; x_wconf 89' lang='lat' dir='ltr'>bovem,</span> <span class='ocrx_word' id='word_1_423' title='bbox 625 2271 706 2303; x_wconf 75' lang='lat' dir='ltr'>quae</span> <span class='ocrx_word' id='word_1_424' title='bbox 732 2270 923 2303; x_wconf 88' lang='lat' dir='ltr'>nunquam</span> <span class='ocrx_word' id='word_1_425' title='bbox 941 2260 1069 2304; x_wconf 87' lang='lat' dir='ltr'>iugum</span> <span class='ocrx_word' id='word_1_426' title='bbox 1094 2261 1270 2302; x_wconf 75' lang='lat' dir='ltr'>traxerat,</span> <span class='ocrx_word' id='word_1_427' title='bbox 1297 2260 1440 2295; x_wconf 89' lang='lat' dir='ltr'>scilicet</span> <span class='ocrx_word' id='word_1_428' title='bbox 1456 2261 1639 2306; x_wconf 87' lang='lat' dir='ltr'>virginem</span> <span class='ocrx_word' id='word_1_429' title='bbox 1656 2261 1867 2306; x_wconf 79' lang='lat' dir='ltr'>gloriosam,</span> 
     </span>
     <span class='ocr_line' id='line_1_39' title="bbox 235 2315 1867 2361; baseline 0.001 -11"><span class='ocrx_word' id='word_1_430' title='bbox 235 2327 316 2360; x_wconf 82' lang='lat' dir='ltr'>quae</span> <span class='ocrx_word' id='word_1_431' title='bbox 341 2315 463 2349; x_wconf 90' lang='lat' dir='ltr'>virum</span> <span class='ocrx_word' id='word_1_432' title='bbox 494 2326 685 2359; x_wconf 88' lang='lat' dir='ltr'>nunquam</span> <span class='ocrx_word' id='word_1_433' title='bbox 717 2316 959 2359; x_wconf 84' lang='lat' dir='ltr'>cognoverat,</span> <span class='ocrx_word' id='word_1_434' title='bbox 992 2317 1139 2356; x_wconf 70' lang='lat' dir='ltr'>secutus</span> <span class='ocrx_word' id='word_1_435' title='bbox 1165 2317 1203 2350; x_wconf 89' lang='lat' dir='ltr'>et</span> <span class='ocrx_word' id='word_1_436' title='bbox 1227 2316 1261 2350; x_wconf 90' lang='grc'>01</span> <span class='ocrx_word' id='word_1_437' title='bbox 1286 2327 1323 2350; x_wconf 83' lang='grc'>50</span> <span class='ocrx_word' id='word_1_438' title='bbox 1355 2328 1423 2361; x_wconf 85' lang='grc'><strong>1101·</strong></span> <span class='ocrx_word' id='word_1_439' title='bbox 1446 2317 1740 2351; x_wconf 87' lang='lat' dir='ltr'>incarnationem</span> <span class='ocrx_word' id='word_1_440' title='bbox 1773 2330 1867 2353; x_wconf 87' lang='lat' dir='ltr'>asso-</span> 
     </span>
     <span class='ocr_line' id='line_1_40' title="bbox 235 2371 1866 2419; baseline 0.001 -13"><span class='ocrx_word' id='word_1_441' title='bbox 235 2372 336 2406; x_wconf 91' lang='lat' dir='ltr'>cians</span> <span class='ocrx_word' id='word_1_442' title='bbox 353 2371 400 2405; x_wconf 89' lang='lat' dir='ltr'>ad</span> <span class='ocrx_word' id='word_1_443' title='bbox 416 2371 539 2405; x_wconf 88' lang='lat' dir='ltr'>locum</span> <span class='ocrx_word' id='word_1_444' title='bbox 558 2371 677 2414; x_wconf 90' lang='lat' dir='ltr'>venit,</span> <span class='ocrx_word' id='word_1_445' title='bbox 703 2373 745 2405; x_wconf 90' lang='lat' dir='ltr'>ut</span> <span class='ocrx_word' id='word_1_446' title='bbox 762 2371 952 2406; x_wconf 89' lang='lat' dir='ltr'>civitatem</span> <span class='ocrx_word' id='word_1_447' title='bbox 973 2372 1136 2406; x_wconf 69' lang='lat' dir='ltr'>ecclesiae</span> <span class='ocrx_word' id='word_1_448' title='bbox 1155 2372 1365 2406; x_wconf 83' lang='lat' dir='ltr'>fabricaret.</span> <span class='ocrx_word' id='word_1_449' title='bbox 1404 2372 1535 2407; x_wconf 81' lang='lat' dir='ltr'>Genes.</span> <span class='ocrx_word' id='word_1_450' title='bbox 1554 2386 1630 2407; x_wconf 83' lang='lat' dir='ltr'>vm.</span> <span class='ocrx_word' id='word_1_451' title='bbox 1651 2374 1731 2419; x_wconf 62' lang='lat'>[20]</span> <span class='ocrx_word' id='word_1_452' title='bbox 1756 2374 1866 2408; x_wconf 87' lang='lat' dir='ltr'>Aedi-</span> 
     </span>
     <span class='ocr_line' id='line_1_41' title="bbox 234 2427 826 2462; baseline -0.002 0"><span class='ocrx_word' id='word_1_453' title='bbox 234 2428 362 2462; x_wconf 86' lang='lat' dir='ltr'>ficavit</span> <span class='ocrx_word' id='word_1_454' title='bbox 386 2427 467 2462; x_wconf 89' lang='lat' dir='ltr'>Noe</span> <span class='ocrx_word' id='word_1_455' title='bbox 495 2427 612 2461; x_wconf 89' lang='lat' dir='ltr'>altare</span> <span class='ocrx_word' id='word_1_456' title='bbox 639 2428 826 2462; x_wconf 73' lang='grc' dir='ltr'>(10111111οἔι</span> 
     </span>
    </p>

    <p class='ocr_par' dir='ltr' id='par_1_14' title="bbox 144 2484 1866 2530">
     <span class='ocr_line' id='line_1_42' title="bbox 144 2484 1866 2530; baseline -0.001 -10"><span class='ocrx_word' id='word_1_457' title='bbox 144 2489 164 2520; x_wconf 78' lang='lat'>4</span> <span class='ocrx_word' id='word_1_458' title='bbox 188 2485 369 2528; x_wconf 76' lang='lat' dir='ltr'>Aetceone]</span> <span class='ocrx_word' id='word_1_459' title='bbox 397 2484 520 2527; x_wconf 90' lang='lat' dir='ltr'>(Ovid.</span> <span class='ocrx_word' id='word_1_460' title='bbox 538 2485 625 2518; x_wconf 91' lang='lat' dir='ltr'>met.</span> <span class='ocrx_word' id='word_1_461' title='bbox 643 2497 694 2518; x_wconf 89' lang='lat'>111.</span> <span class='ocrx_word' id='word_1_462' title='bbox 715 2488 788 2520; x_wconf 81' lang='lat'>138.</span> <span class='ocrx_word' id='word_1_463' title='bbox 806 2486 899 2529; x_wconf 87' lang='lat' dir='ltr'>sqq.)</span> <span class='ocrx_word' id='word_1_464' title='bbox 924 2485 991 2519; x_wconf 88' lang='lat' dir='ltr'>Th.</span> <span class='ocrx_word' id='word_1_465' title='bbox 1009 2485 1054 2519; x_wconf 88' lang='lat' dir='ltr'>de</span> <span class='ocrx_word' id='word_1_466' title='bbox 1072 2485 1131 2519; x_wconf 86' lang='lat' dir='ltr'>W.</span> <span class='ocrx_word' id='word_1_467' title='bbox 1150 2485 1211 2519; x_wconf 89' lang='lat' dir='ltr'>fol.</span> <span class='ocrx_word' id='word_1_468' title='bbox 1229 2498 1313 2519; x_wconf 66' lang='lat' dir='ltr'>xxm</span> <span class='ocrx_word' id='word_1_469' title='bbox 1325 2487 1349 2518; x_wconf 67' lang='lat' dir='ltr'>h.</span> <span class='ocrx_word' id='word_1_470' title='bbox 1375 2513 1412 2527; x_wconf 85' lang='lat'>,‚.</span> <span class='ocrx_word' id='word_1_471' title='bbox 1434 2514 1438 2518; x_wconf 96' lang='lat'>.</span> <span class='ocrx_word' id='word_1_472' title='bbox 1457 2485 1601 2520; x_wconf 88' lang='lat' dir='ltr'>Acteon</span> <span class='ocrx_word' id='word_1_473' title='bbox 1626 2486 1698 2520; x_wconf 90' lang='lat' dir='ltr'>fuit</span> <span class='ocrx_word' id='word_1_474' title='bbox 1714 2486 1866 2530; x_wconf 88' lang='lat' dir='ltr'>quidam</span> 
     </span>
    </p>

    <p class='ocr_par' dir='ltr' id='par_1_15' title="bbox 233 2541 1865 2586">
     <span class='ocr_line' id='line_1_43' title="bbox 233 2541 1865 2586; baseline 0.001 -11"><span class='ocrx_word' id='word_1_475' title='bbox 233 2541 368 2576; x_wconf 89' lang='lat' dir='ltr'>nobilis</span> <span class='ocrx_word' id='word_1_476' title='bbox 392 2542 548 2575; x_wconf 85' lang='lat' dir='ltr'>venator</span> <span class='ocrx_word' id='word_1_477' title='bbox 572 2541 618 2575; x_wconf 90' lang='lat' dir='ltr'>de</span> <span class='ocrx_word' id='word_1_478' title='bbox 643 2552 780 2586; x_wconf 85' lang='lat' dir='ltr'>genere</span> <span class='ocrx_word' id='word_1_479' title='bbox 806 2541 904 2585; x_wconf 84' lang='lat' dir='ltr'>regis</span> <span class='ocrx_word' id='word_1_480' title='bbox 928 2541 1120 2586; x_wconf 85' lang='lat' dir='ltr'>Agenoris,</span> <span class='ocrx_word' id='word_1_481' title='bbox 1147 2541 1211 2585; x_wconf 89' lang='lat' dir='ltr'>qui</span> <span class='ocrx_word' id='word_1_482' title='bbox 1227 2542 1315 2575; x_wconf 90' lang='lat' dir='ltr'>dum</span> <span class='ocrx_word' id='word_1_483' title='bbox 1341 2541 1503 2585; x_wconf 89' lang='lat' dir='ltr'>quadam</span> <span class='ocrx_word' id='word_1_484' title='bbox 1527 2542 1643 2575; x_wconf 86' lang='lat' dir='ltr'>fessus</span> <span class='ocrx_word' id='word_1_485' title='bbox 1668 2542 1865 2576; x_wconf 87' lang='lat' dir='ltr'>venatione</span> 
     </span>
    </p>

    <p class='ocr_par' dir='ltr' id='par_1_16' title="bbox 234 2597 1865 2641">
     <span class='ocr_line' id='line_1_44' title="bbox 234 2597 1865 2641; baseline 0.001 -11"><span class='ocrx_word' id='word_1_486' title='bbox 234 2597 459 2641; x_wconf 89' lang='lat' dir='ltr'>spatiaretur</span> <span class='ocrx_word' id='word_1_487' title='bbox 482 2597 521 2630; x_wconf 87' lang='lat' dir='ltr'>in</span> <span class='ocrx_word' id='word_1_488' title='bbox 546 2597 661 2640; x_wconf 82' lang='lat' dir='ltr'>sylva,</span> <span class='ocrx_word' id='word_1_489' title='bbox 688 2608 773 2630; x_wconf 82' lang='lat' dir='ltr'>casu</span> <span class='ocrx_word' id='word_1_490' title='bbox 791 2597 895 2631; x_wconf 83' lang='lat' dir='ltr'>venit</span> <span class='ocrx_word' id='word_1_491' title='bbox 920 2597 967 2631; x_wconf 87' lang='lat' dir='ltr'>ad</span> <span class='ocrx_word' id='word_1_492' title='bbox 991 2598 1133 2631; x_wconf 83' lang='lat' dir='ltr'>fontem</span> <span class='ocrx_word' id='word_1_493' title='bbox 1150 2597 1454 2641; x_wconf 88' lang='lat' dir='ltr'>pulcherrimum,</span> <span class='ocrx_word' id='word_1_494' title='bbox 1482 2598 1546 2631; x_wconf 89' lang='lat' dir='ltr'>ubi</span> <span class='ocrx_word' id='word_1_495' title='bbox 1571 2597 1641 2631; x_wconf 87' lang='lat' dir='ltr'>dea</span> <span class='ocrx_word' id='word_1_496' title='bbox 1658 2598 1865 2631; x_wconf 85' lang='lat' dir='ltr'>venationis</span> 
     </span>
    </p>

    <p class='ocr_par' dir='ltr' id='par_1_17' title="bbox 234 2652 1864 2697">
     <span class='ocr_line' id='line_1_45' title="bbox 234 2652 1864 2697; baseline 0.001 -12"><span class='ocrx_word' id='word_1_497' title='bbox 234 2652 355 2686; x_wconf 86' lang='lat' dir='ltr'>Diana</span> <span class='ocrx_word' id='word_1_498' title='bbox 379 2652 524 2686; x_wconf 89' lang='lat' dir='ltr'>solebat</span> <span class='ocrx_word' id='word_1_499' title='bbox 547 2652 773 2697; x_wconf 89' lang='lat' dir='ltr'>aliquotiens</span> <span class='ocrx_word' id='word_1_500' title='bbox 797 2664 834 2687; x_wconf 88' lang='grc'>50</span> <span class='ocrx_word' id='word_1_501' title='bbox 860 2653 986 2687; x_wconf 85' lang='lat' dir='ltr'>lavare</span> <span class='ocrx_word' id='word_1_502' title='bbox 1006 2681 1012 2687; x_wconf 94' lang='lat'><em>.</em></span> <span class='ocrx_word' id='word_1_503' title='bbox 1033 2682 1038 2687; x_wconf 97' lang='lat'>.</span> <span class='ocrx_word' id='word_1_504' title='bbox 1059 2681 1066 2687; x_wconf 92' lang='lat'><strong>.</strong></span> <span class='ocrx_word' id='word_1_505' title='bbox 1084 2653 1230 2687; x_wconf 89' lang='lat' dir='ltr'>invenit</span> <span class='ocrx_word' id='word_1_506' title='bbox 1254 2653 1362 2687; x_wconf 88' lang='lat' dir='ltr'>deam</span> <span class='ocrx_word' id='word_1_507' title='bbox 1388 2664 1472 2686; x_wconf 89' lang='grc'><strong>011111</strong></span> <span class='ocrx_word' id='word_1_508' title='bbox 1502 2653 1676 2697; x_wconf 85' lang='lat' dir='ltr'>nymphis</span> <span class='ocrx_word' id='word_1_509' title='bbox 1701 2652 1775 2686; x_wconf 88' lang='lat' dir='ltr'>suis</span> <span class='ocrx_word' id='word_1_510' title='bbox 1798 2665 1864 2687; x_wconf 90' lang='lat' dir='ltr'>nu-</span> 
     </span>
    </p>

    <p class='ocr_par' dir='ltr' id='par_1_18' title="bbox 235 2707 1863 2753">
     <span class='ocr_line' id='line_1_46' title="bbox 235 2707 1863 2753; baseline 0.002 -12"><span class='ocrx_word' id='word_1_511' title='bbox 235 2708 299 2741; x_wconf 91' lang='lat' dir='ltr'>das</span> <span class='ocrx_word' id='word_1_512' title='bbox 322 2707 361 2741; x_wconf 86' lang='lat' dir='ltr'>in</span> <span class='ocrx_word' id='word_1_513' title='bbox 392 2707 494 2742; x_wconf 87' lang='lat' dir='ltr'>fonte</span> <span class='ocrx_word' id='word_1_514' title='bbox 520 2720 557 2742; x_wconf 90' lang='lat' dir='ltr'>se</span> <span class='ocrx_word' id='word_1_515' title='bbox 588 2708 757 2742; x_wconf 85' lang='lat' dir='ltr'>lavantes</span> <span class='ocrx_word' id='word_1_516' title='bbox 782 2710 820 2743; x_wconf 89' lang='lat' dir='ltr'>et</span> <span class='ocrx_word' id='word_1_517' title='bbox 849 2709 1069 2743; x_wconf 86' lang='lat' dir='ltr'>balneantes</span> <span class='ocrx_word' id='word_1_518' title='bbox 1178 2721 1260 2753; x_wconf 81' lang='lat' dir='ltr'>quae</span> <span class='ocrx_word' id='word_1_519' title='bbox 1291 2720 1418 2743; x_wconf 86' lang='lat' dir='ltr'>omnes</span> <span class='ocrx_word' id='word_1_520' title='bbox 1444 2709 1702 2743; x_wconf 80' lang='lat' dir='ltr'>verecundatae</span> <span class='ocrx_word' id='word_1_521' title='bbox 1727 2720 1794 2753; x_wconf 87' lang='lat' dir='ltr'>pro</span> <span class='ocrx_word' id='word_1_522' title='bbox 1821 2721 1863 2744; x_wconf 87' lang='lat' dir='ltr'>eo</span> 
     </span>
    </p>

    <p class='ocr_par' dir='ltr' id='par_1_19' title="bbox 234 2763 1864 2865">
     <span class='ocr_line' id='line_1_47' title="bbox 234 2763 1864 2809; baseline 0.001 -12"><span class='ocrx_word' id='word_1_523' title='bbox 234 2764 334 2808; x_wconf 86' lang='lat' dir='ltr'>quod</span> <span class='ocrx_word' id='word_1_524' title='bbox 358 2763 467 2798; x_wconf 81' lang='lat' dir='ltr'>nudae</span> <span class='ocrx_word' id='word_1_525' title='bbox 493 2763 579 2798; x_wconf 85' lang='lat' dir='ltr'>visae</span> <span class='ocrx_word' id='word_1_526' title='bbox 604 2764 767 2807; x_wconf 87' lang='lat' dir='ltr'>fuerant,</span> <span class='ocrx_word' id='word_1_527' title='bbox 800 2765 1035 2809; x_wconf 87' lang='lat' dir='ltr'>incoeperunt</span> <span class='ocrx_word' id='word_1_528' title='bbox 1064 2765 1238 2809; x_wconf 78' lang='lat' dir='ltr'>nymphae</span> <span class='ocrx_word' id='word_1_529' title='bbox 1264 2777 1348 2799; x_wconf 90' lang='lat' dir='ltr'>cum</span> <span class='ocrx_word' id='word_1_530' title='bbox 1381 2765 1454 2798; x_wconf 87' lang='lat' dir='ltr'>suis</span> <span class='ocrx_word' id='word_1_531' title='bbox 1485 2764 1700 2809; x_wconf 88' lang='lat' dir='ltr'>corporibus</span> <span class='ocrx_word' id='word_1_532' title='bbox 1731 2776 1864 2809; x_wconf 88' lang='lat' dir='ltr'>corpus</span> 
     </span>
     <span class='ocr_line' id='line_1_48' title="bbox 235 2820 1863 2865; baseline 0.001 -11"><span class='ocrx_word' id='word_1_533' title='bbox 235 2821 312 2854; x_wconf 82' lang='lat' dir='ltr'>deae</span> <span class='ocrx_word' id='word_1_534' title='bbox 342 2822 482 2865; x_wconf 87' lang='lat' dir='ltr'>tegere.</span> <span class='ocrx_word' id='word_1_535' title='bbox 529 2820 610 2855; x_wconf 85' lang='lat' dir='ltr'>Dea</span> <span class='ocrx_word' id='word_1_536' title='bbox 634 2832 721 2854; x_wconf 90' lang='lat' dir='ltr'>vero</span> <span class='ocrx_word' id='word_1_537' title='bbox 751 2821 881 2855; x_wconf 89' lang='lat' dir='ltr'>nolens</span> <span class='ocrx_word' id='word_1_538' title='bbox 912 2820 1011 2865; x_wconf 88' lang='lat' dir='ltr'>quod</span> <span class='ocrx_word' id='word_1_539' title='bbox 1043 2820 1186 2855; x_wconf 88' lang='lat' dir='ltr'>Acteon</span> <span class='ocrx_word' id='word_1_540' title='bbox 1218 2820 1263 2854; x_wconf 91' lang='lat' dir='ltr'>de</span> <span class='ocrx_word' id='word_1_541' title='bbox 1294 2821 1464 2855; x_wconf 89' lang='lat' dir='ltr'>nuditate</span> <span class='ocrx_word' id='word_1_542' title='bbox 1498 2832 1564 2855; x_wconf 90' lang='lat' dir='ltr'>sua</span> <span class='ocrx_word' id='word_1_543' title='bbox 1593 2820 1735 2864; x_wconf 87' lang='lat' dir='ltr'>aliquid</span> <span class='ocrx_word' id='word_1_544' title='bbox 1759 2832 1863 2856; x_wconf 88' lang='lat' dir='ltr'>reve-</span> 
     </span>
    </p>

    <p class='ocr_par' dir='ltr' id='par_1_20' title="bbox 234 2876 1861 2922">
     <span class='ocr_line' id='line_1_49' title="bbox 234 2876 1861 2922; baseline 0 -12"><span class='ocrx_word' id='word_1_545' title='bbox 234 2876 344 2919; x_wconf 88' lang='lat' dir='ltr'>laret,</span> <span class='ocrx_word' id='word_1_546' title='bbox 373 2887 458 2910; x_wconf 87' lang='lat' dir='ltr'>eum</span> <span class='ocrx_word' id='word_1_547' title='bbox 481 2877 644 2911; x_wconf 88' lang='lat' dir='ltr'>mutavit</span> <span class='ocrx_word' id='word_1_548' title='bbox 666 2877 705 2910; x_wconf 89' lang='lat' dir='ltr'>in</span> <span class='ocrx_word' id='word_1_549' title='bbox 730 2888 898 2911; x_wconf 85' lang='lat' dir='ltr'>cervum:</span> <span class='ocrx_word' id='word_1_550' title='bbox 932 2877 971 2911; x_wconf 91' lang='lat' dir='ltr'>et</span> <span class='ocrx_word' id='word_1_551' title='bbox 993 2876 1044 2911; x_wconf 89' lang='grc'>510</span> <span class='ocrx_word' id='word_1_552' title='bbox 1068 2877 1188 2911; x_wconf 85' lang='lat' dir='ltr'>factus</span> <span class='ocrx_word' id='word_1_553' title='bbox 1212 2878 1269 2911; x_wconf 90' lang='lat' dir='ltr'>est</span> <span class='ocrx_word' id='word_1_554' title='bbox 1292 2876 1492 2921; x_wconf 85' lang='lat' dir='ltr'>sylvestris.</span> <span class='ocrx_word' id='word_1_555' title='bbox 1520 2876 1675 2911; x_wconf 87' lang='lat' dir='ltr'>Ouidius</span> <span class='ocrx_word' id='word_1_556' title='bbox 1694 2877 1861 2922; x_wconf 75' lang='lat'>[111.194.]</span> 
     </span>
    </p>

    <p class='ocr_par' dir='ltr' id='par_1_21' title="bbox 235 2932 1861 2978">
     <span class='ocr_line' id='line_1_50' title="bbox 235 2932 1861 2978; baseline -0.001 -11"><span class='ocrx_word' id='word_1_557' title='bbox 235 2960 243 2967; x_wconf 87' lang='lat'><em>.</em></span> <span class='ocrx_word' id='word_1_558' title='bbox 262 2933 389 2968; x_wconf 86' lang='lat' dir='ltr'>..Ista</span> <span class='ocrx_word' id='word_1_559' title='bbox 411 2934 566 2976; x_wconf 88' lang='lat' dir='ltr'>possunt</span> <span class='ocrx_word' id='word_1_560' title='bbox 590 2933 745 2978; x_wconf 85' lang='lat' dir='ltr'>allegari</span> <span class='ocrx_word' id='word_1_561' title='bbox 770 2933 815 2967; x_wconf 88' lang='lat' dir='ltr'>de</span> <span class='ocrx_word' id='word_1_562' title='bbox 841 2933 967 2967; x_wconf 90' lang='lat' dir='ltr'>multis</span> <span class='ocrx_word' id='word_1_563' title='bbox 992 2932 1223 2975; x_wconf 87' lang='lat' dir='ltr'>dominabus,</span> <span class='ocrx_word' id='word_1_564' title='bbox 1250 2945 1331 2976; x_wconf 87' lang='lat' dir='ltr'>quae</span> <span class='ocrx_word' id='word_1_565' title='bbox 1357 2934 1497 2968; x_wconf 88' lang='lat' dir='ltr'>secrete</span> <span class='ocrx_word' id='word_1_566' title='bbox 1522 2934 1560 2967; x_wconf 89' lang='lat' dir='ltr'>in</span> <span class='ocrx_word' id='word_1_567' title='bbox 1584 2933 1687 2967; x_wconf 86' lang='lat' dir='ltr'>fonte</span> <span class='ocrx_word' id='word_1_568' title='bbox 1713 2932 1861 2967; x_wconf 87' lang='lat' dir='ltr'>delicia-</span> 
     </span>
    </p>

    <p class='ocr_par' dir='ltr' id='par_1_22' title="bbox 234 2986 1862 3024">
     <span class='ocr_line' id='line_1_51' title="bbox 234 2986 1862 3024; baseline -0.001 -1"><span class='ocrx_word' id='word_1_569' title='bbox 234 3001 315 3023; x_wconf 90' lang='lat' dir='ltr'>rum</span> <span class='ocrx_word' id='word_1_570' title='bbox 347 3001 431 3023; x_wconf 90' lang='lat' dir='ltr'>cum</span> <span class='ocrx_word' id='word_1_571' title='bbox 467 2989 541 3023; x_wconf 88' lang='lat' dir='ltr'>suis</span> <span class='ocrx_word' id='word_1_572' title='bbox 576 2989 782 3023; x_wconf 87' lang='lat' dir='ltr'>domicellis</span> <span class='ocrx_word' id='word_1_573' title='bbox 817 2989 1029 3023; x_wconf 87' lang='lat' dir='ltr'>faventibus</span> <span class='ocrx_word' id='word_1_574' title='bbox 1060 2990 1098 3022; x_wconf 91' lang='lat' dir='ltr'>et</span> <span class='ocrx_word' id='word_1_575' title='bbox 1132 2988 1429 3024; x_wconf 85' lang='lat' dir='ltr'>ministrantibus</span> <span class='ocrx_word' id='word_1_576' title='bbox 1459 3000 1497 3024; x_wconf 88' lang='grc'>50</span> <span class='ocrx_word' id='word_1_577' title='bbox 1532 2986 1673 3023; x_wconf 67' lang='lat' dir='ltr'>nu&#39;dare</span> <span class='ocrx_word' id='word_1_578' title='bbox 1710 2999 1862 3023; x_wconf 89' lang='lat' dir='ltr'>consue-</span> 
     </span>
    </p>

    <p class='ocr_par' dir='ltr' id='par_1_23' title="bbox 234 3040 1861 3091">
     <span class='ocr_line' id='line_1_52' title="bbox 234 3040 1861 3091; baseline -0.001 -12"><span class='ocrx_word' id='word_1_579' title='bbox 234 3040 507 3088; x_wconf 69' lang='lat' dir='ltr'>uerunt,&#39;nullo</span> <span class='ocrx_word' id='word_1_580' title='bbox 531 3046 656 3080; x_wconf 88' lang='lat' dir='ltr'>tamen</span> <span class='ocrx_word' id='word_1_581' title='bbox 681 3045 792 3081; x_wconf 89' lang='lat' dir='ltr'>modo</span> <span class='ocrx_word' id='word_1_582' title='bbox 817 3045 948 3081; x_wconf 85' lang='lat' dir='ltr'>volunt</span> <span class='ocrx_word' id='word_1_583' title='bbox 964 3044 1064 3091; x_wconf 88' lang='lat' dir='ltr'>quod</span> <span class='ocrx_word' id='word_1_584' title='bbox 1089 3055 1155 3079; x_wconf 86' lang='lat' dir='ltr'>sua</span> <span class='ocrx_word' id='word_1_585' title='bbox 1177 3044 1337 3089; x_wconf 85' lang='lat' dir='ltr'>nuditas,</span> <span class='ocrx_word' id='word_1_586' title='bbox 1363 3046 1401 3079; x_wconf 91' lang='lat' dir='ltr'>id</span> <span class='ocrx_word' id='word_1_587' title='bbox 1426 3046 1482 3081; x_wconf 90' lang='lat' dir='ltr'>est</span> <span class='ocrx_word' id='word_1_588' title='bbox 1506 3046 1686 3080; x_wconf 83' lang='lat' dir='ltr'>viciorum</span> <span class='ocrx_word' id='word_1_589' title='bbox 1712 3056 1861 3079; x_wconf 85' lang='lat' dir='ltr'>suorum</span> 
     </span>
    </p>
   </div>
  </div>
 </body>
</html>
