2119 3522
242 209 313 231 EPP.
329 207 369 232 10.
384 208 424 232 11.
451 209 732 233 BARTHOLOMAEVS
749 210 891 233 KVCKVK
907 210 1066 233 ORTVINO.
1083 218 1126 223 —
1142 209 1288 233 IODOCVS
1306 210 1467 233 SARTORIS
1484 211 1642 234 ORTVINO.
1749 193 1841 238 677

131 268 218 308 Pag.
235 265 325 302 205.
1200 264 1289 310 Pag.
1304 269 1379 300 204.
1399 279 1428 299 v.
1443 275 1474 300 12
1493 293 1500 300 .
1516 294 1522 299 .
1539 294 1545 299 .
1564 269 1651 310 Pag.
1665 269 1741 301 206.
1759 280 1789 300 v.
1804 276 1846 301 14.

129 324 170 354 22
196 320 328 354 librum
353 346 360 354 .
379 347 386 355 .
405 347 412 354 .
429 321 602 365 Arnoldzss]
628 320 787 354 Articuli
813 322 850 355 et
873 321 1155 365 propositiones
1186 321 1265 355 Ind.
1284 332 1368 355 scrr.
1386 333 1420 355 n.
1439 334 1486 355 xi.
1505 332 1617 366 supra
1639 334 1674 366 p.
1694 326 1747 358 78.

129 380 172 410 24
196 377 441 421 commentum]
469 375 594 410 Sartor
609 376 691 420 ipsa
708 376 854 410 Ortvini
870 376 1161 411 Prenotamenta
1179 381 1224 420 (v.
1243 378 1298 420 11.)
1316 389 1389 412 non
1408 377 1567 422 legerat;
1593 377 1720 422 itaque
1739 378 1784 413 de
1803 390 1847 414 ea

219 442 347 466 eorum
381 432 506 476 parte,
544 443 624 475 quae
655 431 693 465 in
728 432 809 476 ipsa
843 432 961 466 libelli
996 432 1236 476 inscriptione
1268 433 1318 466 sic
1354 433 1540 467 indicatur
1570 433 1766 475 „Heretici
1801 445 1846 468 ex

219 487 351 522 eodem
374 486 503 521 libello
534 486 681 521 articuli
706 487 748 521 ut
772 486 969 522 Christiani
1001 498 1128 522 omnes
1151 488 1249 522 male
1276 499 1360 522 eum
1393 489 1579 533 scripsisse
1603 489 1686 524 luce
1712 490 1846 524 clarius

217 542 463 584 diiudicent“‚
490 553 532 576 ac
556 543 586 576 si
611 541 806 587 singularis
833 543 982 578 libellus
1006 544 1052 578 ab
1078 543 1232 578 Ortvino
1256 544 1422 578 nondum
1448 544 1569 578 editus
1594 546 1705 587 esset,
1731 545 1847 580 verba

220 599 321 633 facit.

126 659 178 690 28.
197 666 275 699 sqq.
300 654 505 688 Albertistce
530 655 604 700 etc]
632 653 840 688 Sectatores
865 654 1011 688 Alberti
1035 656 1173 701 magni,
1201 655 1264 699 qui
1282 655 1432 690 Thomae
1449 656 1657 700 Aquinaffis,
1684 657 1846 692 doctoris

216 709 344 750 sancti,
369 710 578 754 praeceptor
602 710 674 744 fuit
690 737 697 744 .
714 710 812 744 hunc
836 709 1023 754 praecipue
1048 711 1310 754 praedicatores
1334 711 1411 746 sive
1429 711 1664 746 Dominicani
1688 723 1844 756 sequun-

212 767 289 807 tur,
322 765 421 799 unde
452 766 678 810 generaliter
703 766 817 800 etiam
841 765 1041 800 Thomistae
1066 766 1233 800 audiunt.
1274 766 1318 800 cf.
1336 767 1414 801 Ind.
1432 767 1549 812 biogr.
1567 768 1651 801 artt.
1669 768 1844 802 Albertus

212 821 260 855 M.
280 822 318 855 et
341 820 500 855 Thomas
525 822 593 865 Aq.

122 882 165 913 30
189 877 412 912 concordant
437 876 477 910 in
502 876 673 921 aliqum]
705 876 891 920 praecipue
923 877 961 910 in
991 877 1193 921 partitione
1224 878 1461 912 scientiarum
1494 880 1532 912 et
1556 879 1655 922 qnod
1685 880 1843 923 uterque

210 933 371 978 logicam
387 942 462 966 11011
478 931 548 966 nisi
565 932 854 966 instrumentum
872 932 919 966 ad
944 932 1035 966 alias
1059 932 1232 966 scientias
1249 934 1524 977 cognoscendas
1542 945 1618 969 esse
1645 935 1843 969 statuebat.

211 988 335 1022 Etiam
359 987 459 1032 quod
485 988 531 1022 ad
557 988 847 1022 controversiam
873 988 918 1022 de
944 988 1215 1022 universalibus
1240 989 1393 1029 attinet,
1420 988 1579 1023 Thomas
1602 990 1842 1034 praeceptoris

212 1044 372 1089 vestigia
394 1044 471 1078 fere
497 1044 674 1087 sequitur.
724 1043 775 1078 Cf.
794 1044 932 1078 Prantl
959 1044 1081 1078 Gesch.
1101 1044 1165 1078 der
1189 1044 1307 1088 Loyzssk
1331 1044 1394 1078 III.
1413 1057 1447 1088 p.
1469 1049 1542 1079 108.
1561 1057 1638 1089 sqq.

166 1100 289 1134 doctor
312 1111 339 1134 s.
358 1104 407 1135 est
425 1100 537 1144 profi]
575 1099 653 1134 Hoc
687 1111 818 1134 verum
849 1101 905 1134 est
933 1099 1130 1142 iudicium,
1168 1101 1211 1133 ut
1240 1111 1369 1134 verum
1402 1102 1457 1134 est
1488 1100 1667 1135 iudicium
1698 1101 1842 1136 Prantli

212 1155 248 1199 (1.
268 1167 296 1190 c.
315 1156 378 1189 ΙΙΙ.
396 1167 431 1200 p.
450 1158 518 1199 89.)
537 1156 730 1199 „Albertus
746 1156 799 1190 M.
816 1167 894 1190 war
910 1156 970 1189 cin
987 1155 1163 1190 mulctarer
1179 1155 1290 1199 Kopf
1300 1157 1379 1190 und
1398 1157 1495 1190 nicht
1513 1157 1685 1201 befflhiqt,
1710 1158 1841 1202 iryeml

211 1213 290 1246 eine
313 1211 605 1256 yrundsc'itzlichc
629 1211 859 1256 Auffassuny
881 1211 1224 1253 hinctusmtdcnkcn,
1256 1212 1376 1246 sou-eit
1407 1213 1558 1246 diesclbc
1583 1213 1725 1247 reicht“.
1767 1213 1840 1247 Sed

208 1267 308 1301 idem
340 1267 385 1301 de
411 1267 555 1302 Thoma
579 1267 629 1301 sic
657 1269 710 1311 (p.
730 1269 833 1311 107):
865 1268 1019 1311 „Durch
1041 1268 1167 1302 Albcrt
1199 1267 1280 1310 lcisst
1308 1268 1383 1302 sich
1410 1268 1564 1302 Thomas
1587 1279 1618 1302 v.
1636 1270 1704 1313 Aq.
1731 1270 1840 1303 lcitcn

209 1323 289 1357 und
314 1323 532 1365 bestimmcn,
557 1323 636 1357 und
662 1334 696 1357 cs
719 1326 815 1357 wc'irc
839 1324 898 1358 cin
924 1326 1055 1368 yrosser
1079 1323 1265 1365 Irrthzcm,
1291 1324 1479 1358 den-selben
1502 1323 1567 1366 fz'cfr
1592 1325 1697 1358 einen
1721 1326 1840 1359 selbst-

207 1379 402 1424 stc‘tndt'gyen
434 1379 583 1413 Deam-er
612 1389 657 1412 zu
686 1380 818 1413 hulten.
871 1379 928 1413 Er
959 1380 1004 1414 ist
1037 1390 1104 1413 von
1134 1384 1153 1413 2
1184 1379 1441 1413 Auctoritatem
1478 1380 1638 1424 zzcylcz'ch
1672 1381 1838 1425 yefesselt,

209 1446 278 1470 von
302 1436 366 1469 cler
391 1435 861 1479 christliclz-doymatischen
885 1436 964 1469 und
989 1446 1057 1469 von
1083 1436 1147 1469 der
1173 1435 1303 1477 (dm-eh
1318 1435 1462 1469 Albcrts
1487 1435 1712 1470 Bclesenheit
1737 1437 1837 1470 ‘libcr-

207 1492 404 1534 mz'ttcltcn)
435 1491 754 1525 a·›·2·stotel2'schen.“
801 1491 903 1524 Infra
927 1492 975 1535 (p.
994 1492 1085 1533 260.)
1112 1491 1324 1535 disputatur
1354 1492 1479 1525 utrum
1505 1492 1652 1525 sanctus
1678 1491 1838 1526 Thomas

208 1559 254 1582 an
279 1548 426 1581 sanctus
450 1546 665 1581 Dominicus
689 1547 850 1581 sanctior
873 1547 930 1580 sit.

117 1608 157 1640 31
186 1615 230 1639 ca)
253 1615 342 1647 spec.
360 1603 468 1648 inest]
494 1602 573 1647 ipse
601 1601 749 1637 Gratius
776 1605 816 1636 ‘a
840 1603 1028 1647 super-nali
1053 1603 1193 1647 gratia'
1219 1613 1356 1637 nomen
1380 1603 1504 1637 habet.
1530 1605 1604 1637 59¹.
1624 1604 1720 1638 281⁴.

116 1665 159 1695 34
184 1660 366 1704 iuristam]
392 1659 426 1693 Is
450 1658 531 1701 fuit,
558 1659 660 1703 puto,
687 1658 868 1692 Martinus
894 1658 1071 1703 Groning,
1097 1658 1143 1693 de
1169 1669 1243 1702 qua
1267 1659 1347 1692 rixa
1370 1658 1538 1703 proxime
1565 1659 1733 1703 superior
1759 1660 1834 1704 epi-

206 1716 302 1750 stola
324 1715 481 1750 rettulit.

115 1775 158 1807 35
177 1772 373 1816 poeticam]
400 1781 468 1815 pro
496 1770 711 1815 ‘poetizare‚
737 1770 954 1815 poetisare'‚
981 1771 1125 1805 tichtcn.
1162 1770 1300 1805 Vocab.
1318 1771 1429 1816 incip.
1447 1771 1588 1805 teuton.
1607 1771 1693 1805 ante
1719 1771 1782 1805 lat.

114 1831 200 1872 Pag.
220 1829 310 1866 206.
776 1848 952 1850 “jjffim
973 1848 1021 1850 —re

117 1889 132 1918 1
159 1887 238 1919 arte
267 1887 366 1918 metr.
393 1884 552 1928 Bebelzsst]
597 1884 703 1918 ‘Arte
741 1883 1019 1917 condendorum
1057 1883 1262 1917 carminum
1300 1882 1474 1917 Bebelii'.
1533 1882 1577 1917 cf.
1607 1883 1685 1916 Ind.
1714 1883 1831 1929 biogr.

205 1952 240 1984 p.
259 1943 335 1974 306.
353 1951 404 1984 sq.
429 1941 496 1974 art.
515 1939 642 1974 Bebel.

114 2001 134 2031 3
159 1996 410 2041 (ts-tripotenti]
453 1995 710 2039 ‘astripotens‚
746 1995 1054 2039 sternmcchtiyer⁷
1088 1995 1226 2030 Vocab,
1251 1995 1369 2029 theut.
1393 2006 1450 2038 ap.
1476 1994 1646 2029 Diefenb.
1672 1994 1830 2030 Glossar.

205 2051 475 2096 ‘astripotenti’
504 2051 643 2086 Sartori
667 2052 791 2086 nostro
817 2051 950 2085 melius
975 2062 1104 2085 sonare
1130 2051 1249 2084 visum
1275 2061 1351 2085 esse
1378 2050 1542 2092 videtur,
1571 2062 1683 2094 quam
1710 2051 1833 2086 ‘astri-

202 2107 394 2152 potentis’.

113 2167 132 2198 7
158 2164 399 2209 clarificatus]
433 2162 678 2205 ‘Clarificare,
710 2164 850 2205 Zutern,
876 2164 1131 2198 claremakcn’.
1157 2162 1327 2197 Diefenb.
1346 2162 1462 2196 Gloss.
1505 2161 1727 2197 clarificatus
1759 2174 1828 2198 nec

203 2219 362 2263 desuper
385 2219 633 2254 illuminatus:
662 2220 802 2261 crhcllt,
828 2220 916 2254 noch
940 2230 1011 2253 von
1035 2220 1122 2254 oben
1147 2220 1346 2254 erlcachtet.

112 2281 132 2310 9
158 2279 260 2310 tumn
279 2303 284 2309 .
305 2276 484 2320 ..τ-0961]
511 2275 627 2309 recita
652 2275 727 2310 filio
752 2276 817 2310 tuo
842 2276 985 2309 nostras
1009 2286 1148 2319 preces.

114 2336 154 2365 10
178 2331 353 2374 facultati
376 2332 462 2376 succ]
488 2330 509 2364 i.
530 2342 560 2364 e.
578 2331 797 2377 theologicae
823 2331 1042 2366 Coloniensi.

113 2391 152 2421 11
180 2387 376 2432 eleyiacum
401 2390 433 2421 et
457 2387 651 2421 scanditur
675 2389 750 2433 etc]
776 2389 976 2431 utrumque
1002 2386 1205 2421 secundum
1236 2386 1350 2431 ipsius
1376 2386 1534 2421 Sar-toris
1559 2388 1677 2422 artem
1702 2388 1828 2422 metri-

201 2443 352 2478 ficandi:
378 2443 499 2488 primo
524 2444 643 2478 metro
674 2444 821 2479 Boethii
847 2443 892 2478 cle
918 2444 1053 2478 consol.
1070 2444 1202 2488 philos.
1221 2443 1279 2486 (in
1304 2454 1416 2487 quem
1440 2443 1577 2477 librum
1604 2443 1716 2477 etiam
1734 2443 1829 2478 Tho-

201 2511 279 2538 mas
295 2499 461 2544 Aquinas
487 2501 774 2534 ‘commentum'
802 2499 964 2544 scripsit:
997 2500 1041 2533 cf.
1059 2499 1138 2533 lnd.
1156 2499 1274 2543 biogr.
1293 2500 1360 2533 art.
1378 2499 1525 2542 Boeth.)
1549 2499 1587 2532 in
1612 2500 1703 2533 vett.
1723 2499 1827 2533 editt.

200 2555 421 2599 inscriptum
447 2557 503 2590 est
527 2555 714 2598 „Mettum
738 2556 901 2600 primum
924 2555 1116 2590 heroicum
1141 2554 1384 2599 elegiacuni“.
1410 2554 1543 2598 incipit
1566 2554 1634 2588 sic:

507 2613 759 2655 Carminavqui
784 2614 960 2655 quondam
984 2613 1103 2646 studio
1129 2613 1277 2644 florente
1301 2612 1430 2653 peregi,

579 2669 737 2710 Flebilis,
763 2669 842 2710 heu,
868 2673 1012 2701 maestos
1038 2679 1146 2710 cogor
1170 2669 1261 2700 inire
1285 2668 1416 2700 modos.

505 2726 598 2758 Ecce
623 2726 711 2757 mihi
733 2725 862 2757 lacerae
886 2726 1024 2757 (lictant
1051 2725 1236 2756 scribenda
1260 2723 1423 2755 Camenae

580 2782 628 2813 Et
651 2782 746 2814 veris
770 2781 861 2823 elegi
883 2782 1026 2814 fletibus
1052 2790 1115 2812 ora
1138 2779 1293 2822 rigant.“

115 2840 151 2869 12
177 2846 252 2869 non
275 2836 373 2869 dixit
392 2862 398 2868 .
420 2863 426 2868 .
446 2863 452 2868 .
472 2836 620 2880 misisse]
646 2835 668 2870 i.
688 2846 717 2870 e.
735 2835 806 2869 nisi
829 2835 991 2876 nuntius,
1018 2833 1118 2878 quod
1141 2845 1239 2867 nunc
1257 2833 1408 2867 demum
1425 2833 1547 2875 audio,
1575 2833 1717 2868 abitum
1741 2844 1825 2878 pro-

198 2891 357 2935 peraret,
375 2891 501 2925 statim
518 2891 685 2925 abiturus
702 2892 809 2933 esset,
834 2891 1023 2924 mitterem
1040 2890 1109 2923 tibi
1127 2909 1180 2932 —‚
1207 2889 1237 2923 si
1253 2889 1376 2923 nuntii
1392 2889 1670 2925 festinationem
1686 2890 1825 2924 morari

198 2947 339 2989 liceret,
364 2947 652 2982 transcriberem
676 2947 745 2981 tibi
770 2947 808 2981 et
832 2946 906 2980 alia
928 2956 1002 2980 non
1026 2945 1130 2979 nulla
1153 2965 1197 2970 —

110 3006 151 3037 14
175 3003 340 3048 cogitate]
367 3003 444 3037 noli
468 3002 647 3046 oblivisci,
674 3003 783 3038 dcnkt
807 3002 916 3045 dran,
942 3002 1020 3045 class
1043 3001 1122 3036 Ihr.
