2119 3522
304 245 399 289 586
821 252 1085 277 COMMENTARIVS
1109 252 1155 274 AD
1179 252 1251 273 EPP.
1268 252 1299 273 o.
1316 252 1349 274 v.
1373 251 1450 274 von.
1467 252 1490 273 1.

303 318 470 361 Pag.44.

392 381 552 426 gisteriae
577 377 915 420 ecclesiasticosque
941 374 1078 419 gradus
1101 374 1357 418 promotorum
1381 373 1586 415 renovavit,
1612 385 1842 418 „parumque
1868 374 2010 412 abfuit“

392 437 445 470 ait
474 435 595 479 „quin
627 433 738 467 etiam
769 431 875 465 illum
906 442 1013 464 suum
1038 429 1190 464 Aiacem
1219 429 1531 474 Peperscornum,
1563 429 1683 463 adhuc
1705 430 1951 474 neophytam,
1982 431 2012 464 si

392 491 535 535 aliquot
551 489 666 524 verba
690 487 901 522 semilatina
917 485 1064 520 effutire
1081 485 1255 527 novisset,
1282 486 1321 519 et
1335 485 1514 519 uxorcula
1537 485 1725 527 caruisset,
1750 485 1788 519 in
1812 485 2013 530 theologici

392 545 560 591 magistri
583 544 770 578 nostratus
795 542 963 577 ordinem
987 541 1212 576 ascivissent.
1259 540 1411 575 Possem
1434 541 1534 574 illius
1563 540 1714 574 furfuris
1737 541 1916 585 pleraque
1941 542 2015 576 alia

391 602 526 636 similia
556 599 793 635 excrementa
822 598 860 631 in
890 598 1128 642 conspectum
1159 596 1381 640 producere,
1418 597 1456 630 ni
1487 607 1636 631 vererer
1670 596 1819 631 illorum
1856 597 2013 631 nimium

391 657 568 702 pedorem
593 666 658 690 vos
682 655 861 688 sustinere
886 664 960 688 non
984 663 1090 697 posse
1110 679 1116 686 .
1136 679 1143 686 .
1161 655 1200 687 .“
1227 651 1410 696 (Agrippa
1434 652 1479 686 ab
1497 652 1542 686 N.
1561 651 1654 697 Opp.
1671 652 1716 686 ΙΙ.
1733 664 1769 697 p.
1789 654 1900 696 1041.)

301 720 343 750 22
368 712 605 757 Simmylock]
632 710 676 745 cf.
694 710 773 744 Ind.
793 721 879 744 serr.
895 721 931 754 p.
949 713 1002 743 83.
1021 720 1055 742 n.
1072 721 1159 743 xvn.

347 782 382 804 n.
402 770 475 804 deb.
494 769 540 803 (ιῖ.
558 768 638 802 hab.
656 776 761 812 affere
785 765 838 809 in]
864 765 976 800 sollcn
1001 765 1119 799 mahts
1142 774 1188 798 zu
1212 765 1304 798 than
1320 764 1436 798 haben
1459 764 1512 806 in,
1538 775 1611 798 non
1635 764 1725 798 licet
1749 764 1801 798 eis
1826 764 2015 808 disputare

391 826 436 859 de
462 825 571 859 rebus
596 823 643 857 ad
668 833 809 857 sacrani
834 822 1055 865 scripturam
1079 820 1370 864 pertinentibus,
1397 819 1420 853 i.
1440 830 1469 854 e.
1488 819 1717 864 theologicis.

301 888 344 917 23
368 882 517 916 Psalmo
534 881 633 924 sint]
654 882 706 912 16.

303 943 345 973 25
365 936 610 981 pectoraliter]
635 935 658 969 i.
677 946 710 979 q.
728 933 951 975 cordialiter,
979 944 1022 967 ex
1048 932 1181 966 animo.

349 993 539 1038 quatenus]
565 993 587 1026 i.
607 1003 636 1026 e.
655 991 707 1025 ut.

303 1054 345 1084 28
370 1051 402 1084 3ιῖ
427 1060 531 1092 papa
556 1059 585 1082 v.
604 1046 725 1091 proh]
764 1045 833 1080 Die
863 1050 915 1080 23.
935 1045 1014 1079 Oet.
1034 1057 1064 1079 a.
1085 1049 1181 1079 1514.
1199 1045 1402 1088 imperator
1439 1044 1484 1078 ad
1521 1056 1657 1088 papam
1697 1045 1795 1078 inter
1831 1044 1905 1079 alia
1940 1044 2019 1079 haec

393 1105 553 1149 scripsit:
581 1131 618 1145 „.
638 1130 645 1137 .
663 1101 942 1137 Beatitudinem
966 1102 1127 1135 vestram
1154 1128 1159 1133 .
1178 1128 1184 1133 .
1205 1127 1212 1134 .
1236 1100 1420 1134 instanter
1444 1111 1633 1144 roganmS,
1670 1100 1845 1145 dignetur
1869 1127 1877 1134 .
1895 1127 1903 1134 .
1921 1127 1928 1134 .
1953 1101 2019 1134 im-

392 1161 512 1205 posito
543 1159 725 1203 perpetuo
756 1157 903 1191 silentio
936 1156 1156 1190 adversariis
1184 1156 1257 1189 illis
1289 1155 1460 1200 captiosis
1497 1155 1698 1200 theologis,
1732 1167 1880 1191 causam
1910 1156 2020 1190 istam

393 1216 541 1261 penitus
567 1215 783 1258 extinguere
811 1214 848 1247 et
872 1212 1050 1246 suffocare
1069 1239 1076 1245 .
1095 1239 1102 1245 .
1122 1215 1160 1245 .“
1201 1211 1296 1245 Tota
1320 1222 1376 1255 ep.
1396 1211 1557 1255 repetita
1581 1213 1637 1246 est
1659 1212 1757 1245 infra
1781 1212 1827 1245 ad
1851 1223 1888 1256 p.
1905 1212 2020 1246 23414.

393 1273 461 1306 Die
490 1276 540 1306 19.
559 1271 633 1304 Ian.
652 1282 682 1303 a.
703 1273 800 1303 1514.
829 1268 1100 1302 inhibitoriales
1125 1268 1253 1301 contra
1278 1266 1542 1302 Hochstratum
1567 1267 1663 1301 datae
1688 1268 1782 1301 sunt.
1825 1267 1870 1302 cf.
1889 1267 2019 1312 Consp.

397 1327 559 1361 chronol.
578 1338 613 1370 p.
634 1330 708 1360 135.

349 1385 428 1418 eccl.
447 1394 472 1420 e,
490 1393 599 1425 super
616 1383 719 1425 past]
747 1381 797 1415 Cf.
817 1392 928 1425 supra
953 1380 999 1414 ad
1026 1381 1114 1417 19³¹.
1133 1379 1363 1421 „concilium
1390 1381 1446 1414 est
1469 1391 1581 1424 supra
1605 1383 1780 1424 papam“.

304 1446 346 1476 30
370 1444 412 1474 tw
435 1440 504 1475 scis
529 1439 604 1482 etc]
631 1438 756 1472 Ioann.
774 1450 844 1471 xxi.
864 1441 914 1471 15.
933 1449 1011 1481 sqq.

304 1576 470 1618 Pag.45.
545 1572 778 1607 EPISTOLA
799 1574 861 1610 30.
889 1571 1102 1606 IOANNES
1129 1570 1561 1606 SCHNARHOLTZIVS
1588 1570 1819 1606 ORTVINO.

305 1670 326 1700 4
349 1665 451 1700 theol.
472 1692 478 1698 .
498 1692 505 1697 .
525 1692 530 1697 .
549 1664 652 1707 orat]
680 1663 724 1697 cf.
741 1673 852 1706 supra
877 1662 923 1696 ad
949 1664 1000 1697 3².

307 1725 327 1755 6
353 1720 620 1762 Senum-frholtz}
647 1718 915 1763 crepitaculuni
927 1745 934 1759 ‚
962 1718 1120 1752 stridens
1137 1718 1290 1763 lignum.
1324 1717 1382 1751 Ad
1400 1728 1600 1761 quemnam
1617 1717 1823 1751 Alsaticum
1840 1717 1917 1752 sive
1935 1717 2021 1751 Hel-

340 1795 344 1798 ·
395 1777 557 1811 veticum
582 1775 755 1809 iuvenem
780 1774 847 1808 hoc
873 1785 1008 1808 nomen
1027 1774 1181 1808 adludat
1204 1773 1338 1808 nescio.
1358 1774 1511 1808 fortasse
1536 1774 1621 1808 ideo
1644 1773 1805 1808 electum
1823 1774 1895 1816 est,
1922 1773 2022 1817 quod

396 1833 553 1876 scriptor
577 1842 784 1865 sermonem
811 1830 856 1865 de
882 1831 1063 1865 raucitate
1083 1833 1121 1864 et
1144 1830 1264 1864 raucis
1286 1829 1439 1864 vocibus
1463 1830 1587 1864 refert.

307 1894 348 1924 10
372 1900 436 1923 περ
465 1888 557 1931 ozon]
588 1887 687 1931 quod
717 1886 902 1931 hodieque
935 1887 1045 1920 multi
1074 1898 1147 1920 non
1179 1886 1298 1920 solum
1334 1886 1551 1920 lieentiandi
1583 1885 1647 1920 sed
1679 1886 1792 1919 etiam
1826 1885 2021 1928 licentiati,

393 1943 562 1988 magistri
587 1944 625 1977 et
650 1943 818 1977 doctores
843 1943 1050 1988 elegantius
1076 1953 1152 1977 esse
1178 1944 1313 1987 putant
1337 1943 1375 1977 et
1399 1943 1613 1987 generosius
1637 1953 1749 1986 quam
1774 1941 1931 1986 simplex
1955 1941 2022 1976 La-

395 2001 516 2035 tinum
543 2000 629 2034 ‘et’.

308 2062 346 2092 12
372 2056 708 2099 ’ἱννθυειέηῒίαῖίηι3]
734 2055 986 2098 immodestia,
1012 2054 1222 2089 insolentia.

308 2118 349 2147 14
372 2113 500 2147 nullus
525 2112 613 2155 cleb]
638 2123 748 2145 nemo
774 2111 880 2146 ausit.

308 2174 348 2204 15
372 2180 436 2204 scr.
456 2169 494 2211 e.]
521 2167 654 2201 Matth.
671 2181 756 2202 xxu.
777 2172 826 2202 12.

308 2230 346 2259 17
372 2224 568 2267 scriptura]
594 2223 726 2258 Matth.
744 2237 843 2259 XXIII.
863 2229 914 2259 12.
962 2223 1048 2258 Luc.
1067 2237 1136 2258 mv.
1158 2228 1208 2257 11.

309 2285 349 2315 18
374 2280 664 2324 cleponpuvclorff
691 2280 861 2324 deposita
885 2280 1127 2322 verecundia,
1153 2280 1327 2324 ingenue.

308 2341 348 2371 19
374 2336 505 2369 (ιιιᾱὶυί
523 2336 637 2378 praed.
656 2337 697 2380 a]
726 2336 943 2371 Germanice
970 2337 1026 2371 ich
1048 2337 1137 2371 habe
1166 2346 1236 2370 von
1268 2337 1382 2371 emeno
1406 2335 1587 2379 precliyen
1617 2335 1758 2379 yehc'rt,
1790 2346 1857 2379 pro
1891 2338 2023 2379 ‘quen-

397 2393 482 2425 dam
506 2391 771 2435 praedicantem
796 2392 953 2426 audivi’.

307 2454 350 2483 20
374 2448 542 2493 quodam]
569 2447 715 2481 Nomen
739 2447 847 2481 huius
871 2448 1085 2482 Parisiensis
1110 2448 1279 2493 magistri
1303 2448 1367 2492 qui
1392 2447 1452 2481 die
1478 2450 1530 2482 25.
1548 2447 1637 2481 Maii
1662 2458 1692 2481 a.
1712 2449 1810 2481 1514.
1826 2447 1925 2481 hune
1950 2459 2023 2482 ser-

396 2514 546 2537 monem
570 2503 725 2537 Basileae
749 2503 891 2546 habuit,
917 2504 969 2538 ibi
993 2505 1148 2539 fortasse
1173 2504 1358 2548 explorari
1382 2504 1533 2548 poterit.
1550 2504 1629 2548 ipse
1656 2514 1775 2537 sermo
1800 2503 1893 2537 meis
1917 2504 2024 2547 quasi

397 2559 512 2594 oculis
536 2560 764 2601 obversatur,
789 2560 854 2594 sed
878 2560 953 2594 iam
978 2571 1122 2604 nequeo
1148 2560 1239 2594 mihi
1263 2560 1301 2593 in
1326 2559 1545 2594 memoriam
1570 2559 1753 2604 redigere,
1779 2560 1905 2593 utrum
1930 2559 2021 2593 alibi

395 2615 551 2660 legerim
576 2626 622 2649 an
649 2626 693 2649 ex
717 2615 878 2659 quadam
902 2616 1049 2660 pictura
1072 2627 1176 2651 sacra
1199 2617 1362 2661 speciem
1388 2617 1466 2651 eius
1490 2616 1684 2651 retineam.

307 2677 347 2706 21
373 2672 526 2706 Asceml.
545 2673 619 2716 ete]
645 2671 780 2706 Psalm.
797 2684 890 2706 XLvr.
908 2676 939 2706 6.

308 2732 350 2762 24
374 2728 590 2771 collationis]
617 2739 804 2762 sacrorum
828 2728 1008 2763 librorum
1032 2729 1213 2764 lectionis.
1244 2730 1288 2764 cf.
1306 2730 1353 2764 ad
1378 2731 1444 2764 8¹⁹.

308 2788 349 2818 27
378 2783 648 2828 Clamat-erunt]
680 2783 813 2818 Psalm.
832 2797 953 2819 vam.
970 2789 1002 2820 4.
1028 2785 1241 2828 „Laboravi
1272 2786 1451 2828 clamans,
1489 2797 1609 2820 raucae
1640 2786 1748 2820 faetae
1781 2786 1868 2819 sunt
1897 2786 2023 2819 fauces

398 2849 500 2873 meae.
531 2840 673 2874 ‘voces'
704 2851 771 2884 pro
804 2840 962 2876 ‘fauces'
995 2842 1163 2877 consulto
1194 2842 1356 2886 positum
1389 2853 1467 2876 esse
1499 2842 1658 2880 videtur,
1706 2841 1758 2876 Cf.
1777 2841 1824 2876 ad
1854 2853 1890 2885 p.
1907 2841 2021 2875 25935.

399 2896 510 2928 29:3¹⁵.

310 2955 352 2984 28
377 2951 565 2994 Ioetitialis]
591 2952 760 2987 laetitiam
785 2954 1006 2998 exprimens,
1033 2955 1377 2999 Frezcclenyeschrei.
1410 2955 1674 2998 (Vocabularia
1696 2965 1770 2988 non
1795 2953 1961 2997 habent.)

310 3010 353 3039 29
378 3006 571 3050 εϊανηῃεῖῖο]
598 3006 683 3041 Luc.
701 3022 770 3043 xix.
789 3014 842 3045 40.

312 3066 351 3097 31
379 3062 474 3096 char.
494 3072 520 3096 c.
538 3073 582 3095 m.
600 3064 684 3107 zelo]
710 3077 778 3100 aas
802 3066 912 3100 Liebe
935 3067 999 3100 mit
1024 3070 1156 3111 yrosser
1178 3067 1367 3102 Inbrunst.
1419 3066 1656 3109 ‘Caritative,
1683 3077 1728 3100 ex
1753 3065 1949 3107 charitate,
1977 3076 2021 3100 ex
