<?xml version="1.0" encoding="UTF-8"?>
<!DOCTYPE html PUBLIC "-//W3C//DTD XHTML 1.0 Transitional//EN"
    "http://www.w3.org/TR/xhtml1/DTD/xhtml1-transitional.dtd">
<html xmlns="http://www.w3.org/1999/xhtml" xml:lang="en" lang="en">
 <head>
  <title>
</title>
<meta http-equiv="Content-Type" content="text/html;charset=utf-8" />
  <meta name='ocr-system' content='tesseract 3.04.00' />
  <meta name='ocr-capabilities' content='ocr_page ocr_carea ocr_par ocr_line ocrx_word'/>
</head>
<body>
  <div class='ocr_page' id='page_1' title='image "./operaquaereperir02huttuoft/operaquaereperir02huttuoft_0451.png"; bbox 0 0 2119 3522; ppageno 0'>
   <div class='ocr_carea' id='block_1_1' title="bbox 742 206 1837 251">
    <p class='ocr_par' dir='ltr' id='par_1_1' title="bbox 742 206 1837 251">
     <span class='ocr_line' id='line_1_1' title="bbox 742 206 1837 251; baseline 0.005 -6"><span class='ocrx_word' id='word_1_1' title='bbox 742 222 956 245; x_wconf 80' lang='lat' dir='ltr'>PmLOMvsvs</span> <span class='ocrx_word' id='word_1_2' title='bbox 981 237 989 245; x_wconf 82' lang='grc'><strong>.</strong></span> <span class='ocrx_word' id='word_1_3' title='bbox 1004 237 1011 244; x_wconf 90' lang='grc'><strong>.</strong></span> <span class='ocrx_word' id='word_1_4' title='bbox 1027 237 1035 246; x_wconf 86' lang='grc'><strong>.</strong></span> <span class='ocrx_word' id='word_1_5' title='bbox 1059 224 1218 245; x_wconf 79' lang='lat' dir='ltr'>PIEMONT.</span> <span class='ocrx_word' id='word_1_6' title='bbox 1682 238 1686 241; x_wconf 95' lang='lat'>·</span> <span class='ocrx_word' id='word_1_7' title='bbox 1741 206 1837 251; x_wconf 72' lang='lat'>437</span> 
     </span>
    </p>
   </div>
   <div class='ocr_carea' id='block_1_2' title="bbox 118 337 1838 901">
    <p class='ocr_par' dir='ltr' id='par_1_2' title="bbox 118 337 1838 836">
     <span class='ocr_line' id='line_1_2' title="bbox 122 337 1838 386; baseline 0.002 -12"><span class='ocrx_word' id='word_1_8' title='bbox 122 344 349 384; x_wconf 83' lang='lat' dir='ltr'>PHRYGIO,</span> <span class='ocrx_word' id='word_1_9' title='bbox 385 337 625 376; x_wconf 80' lang='lat' dir='ltr'>Germanice</span> <span class='ocrx_word' id='word_1_10' title='bbox 657 338 952 384; x_wconf 72' lang='lat' dir='ltr'>Seidensticlcer,</span> <span class='ocrx_word' id='word_1_11' title='bbox 985 338 1138 377; x_wconf 88' lang='lat' dir='ltr'>Paulus</span> <span class='ocrx_word' id='word_1_12' title='bbox 1172 338 1464 377; x_wconf 80' lang='lat' dir='ltr'>Constantinus</span> <span class='ocrx_word' id='word_1_13' title='bbox 1477 337 1497 386; x_wconf 89' lang='lat'>¹,</span> <span class='ocrx_word' id='word_1_14' title='bbox 1532 339 1838 378; x_wconf 82' lang='lat' dir='ltr'>Sletstadiensis</span> 
     </span>
     <span class='ocr_line' id='line_1_3' title="bbox 120 393 1837 446; baseline 0.002 -15"><span class='ocrx_word' id='word_1_15' title='bbox 120 393 304 440; x_wconf 86' lang='lat' dir='ltr'>Alsatus,</span> <span class='ocrx_word' id='word_1_16' title='bbox 346 394 520 444; x_wconf 81' lang='lat' dir='ltr'>peractis</span> <span class='ocrx_word' id='word_1_17' title='bbox 551 393 722 431; x_wconf 75' lang='lat' dir='ltr'>Basileae</span> <span class='ocrx_word' id='word_1_18' title='bbox 762 394 906 431; x_wconf 85' lang='lat' dir='ltr'>studiis</span> <span class='ocrx_word' id='word_1_19' title='bbox 943 394 1200 433; x_wconf 80' lang='lat' dir='ltr'>historiarum</span> <span class='ocrx_word' id='word_1_20' title='bbox 1236 395 1534 446; x_wconf 74' lang='lat' dir='ltr'>theologiaeque</span> <span class='ocrx_word' id='word_1_21' title='bbox 1573 410 1681 434; x_wconf 89' lang='lat' dir='ltr'>anno</span> <span class='ocrx_word' id='word_1_22' title='bbox 1716 397 1837 434; x_wconf 92' lang='lat'>1513.</span> 
     </span>
     <span class='ocr_line' id='line_1_4' title="bbox 123 450 1837 503; baseline 0.002 -16"><span class='ocrx_word' id='word_1_23' title='bbox 123 450 262 487; x_wconf 85' lang='lat' dir='ltr'>doctor</span> <span class='ocrx_word' id='word_1_24' title='bbox 291 450 517 500; x_wconf 68' lang='lat' dir='ltr'>theologiae,</span> <span class='ocrx_word' id='word_1_25' title='bbox 551 463 658 487; x_wconf 87' lang='lat' dir='ltr'>anno</span> <span class='ocrx_word' id='word_1_26' title='bbox 693 450 813 488; x_wconf 78' lang='lat'>1529.</span> <span class='ocrx_word' id='word_1_27' title='bbox 843 451 994 501; x_wconf 90' lang='lat' dir='ltr'>primus</span> <span class='ocrx_word' id='word_1_28' title='bbox 1026 451 1205 488; x_wconf 84' lang='lat' dir='ltr'>ecclesiae</span> <span class='ocrx_word' id='word_1_29' title='bbox 1235 465 1266 488; x_wconf 87' lang='lat' dir='ltr'>s.</span> <span class='ocrx_word' id='word_1_30' title='bbox 1288 451 1401 489; x_wconf 86' lang='lat' dir='ltr'>Petri</span> <span class='ocrx_word' id='word_1_31' title='bbox 1431 452 1630 502; x_wconf 81' lang='lat' dir='ltr'>parochus</span> <span class='ocrx_word' id='word_1_32' title='bbox 1663 465 1837 503; x_wconf 84' lang='lat' dir='ltr'>evange-</span> 
     </span>
     <span class='ocr_line' id='line_1_5' title="bbox 118 505 1838 559; baseline 0.002 -16"><span class='ocrx_word' id='word_1_33' title='bbox 118 506 238 553; x_wconf 89' lang='lat' dir='ltr'>licus,</span> <span class='ocrx_word' id='word_1_34' title='bbox 280 520 388 544; x_wconf 93' lang='lat' dir='ltr'>anno</span> <span class='ocrx_word' id='word_1_35' title='bbox 420 506 540 543; x_wconf 88' lang='lat'>1532.</span> <span class='ocrx_word' id='word_1_36' title='bbox 563 505 768 556; x_wconf 81' lang='lat' dir='ltr'>professor</span> <span class='ocrx_word' id='word_1_37' title='bbox 797 507 944 544; x_wconf 86' lang='lat' dir='ltr'>veteris</span> <span class='ocrx_word' id='word_1_38' title='bbox 984 508 1234 554; x_wconf 77' lang='lat' dir='ltr'>testamenti,</span> <span class='ocrx_word' id='word_1_39' title='bbox 1275 508 1393 545; x_wconf 86' lang='lat' dir='ltr'>annis</span> <span class='ocrx_word' id='word_1_40' title='bbox 1425 509 1546 547; x_wconf 89' lang='lat'>1533.</span> <span class='ocrx_word' id='word_1_41' title='bbox 1576 514 1616 546; x_wconf 90' lang='lat' dir='ltr'>et</span> <span class='ocrx_word' id='word_1_42' title='bbox 1652 510 1838 559; x_wconf 81' lang='lat' dir='ltr'>sequenti</span> 
     </span>
     <span class='ocr_line' id='line_1_6' title="bbox 120 561 1837 615; baseline 0.002 -16"><span class='ocrx_word' id='word_1_43' title='bbox 120 562 337 600; x_wconf 75' lang='lat' dir='ltr'>academiae</span> <span class='ocrx_word' id='word_1_44' title='bbox 368 568 498 600; x_wconf 88' lang='lat' dir='ltr'>rector</span> <span class='ocrx_word' id='word_1_45' title='bbox 528 561 669 607; x_wconf 78' lang='lat' dir='ltr'>faetus,</span> <span class='ocrx_word' id='word_1_46' title='bbox 703 561 830 599; x_wconf 90' lang='lat' dir='ltr'>Ulrici</span> <span class='ocrx_word' id='word_1_47' title='bbox 859 562 1231 613; x_wconf 87' lang='lat' dir='ltr'>Wirtenbergensis</span> <span class='ocrx_word' id='word_1_48' title='bbox 1264 563 1376 601; x_wconf 87' lang='lat' dir='ltr'>ducis</span> <span class='ocrx_word' id='word_1_49' title='bbox 1408 570 1552 615; x_wconf 86' lang='lat' dir='ltr'>rogatu</span> <span class='ocrx_word' id='word_1_50' title='bbox 1583 578 1691 602; x_wconf 90' lang='lat' dir='ltr'>anno</span> <span class='ocrx_word' id='word_1_51' title='bbox 1716 565 1837 602; x_wconf 82' lang='lat'>1535.</span> 
     </span>
     <span class='ocr_line' id='line_1_7' title="bbox 118 617 1836 670; baseline 0.002 -15"><span class='ocrx_word' id='word_1_52' title='bbox 118 617 321 669; x_wconf 82' lang='lat' dir='ltr'>Tubingae</span> <span class='ocrx_word' id='word_1_53' title='bbox 358 618 596 669; x_wconf 88' lang='lat' dir='ltr'>professoris</span> <span class='ocrx_word' id='word_1_54' title='bbox 638 618 897 669; x_wconf 70' lang='lat' dir='ltr'>ecclesiaeque</span> <span class='ocrx_word' id='word_1_55' title='bbox 937 619 1206 670; x_wconf 77' lang='lat' dir='ltr'>repurgandae</span> <span class='ocrx_word' id='word_1_56' title='bbox 1236 620 1418 670; x_wconf 86' lang='lat' dir='ltr'>praefecti</span> <span class='ocrx_word' id='word_1_57' title='bbox 1448 634 1617 659; x_wconf 88' lang='lat' dir='ltr'>munera</span> <span class='ocrx_word' id='word_1_58' title='bbox 1646 621 1836 670; x_wconf 86' lang='lat' dir='ltr'>suscepit.</span> 
     </span>
     <span class='ocr_line' id='line_1_8' title="bbox 119 673 1838 726; baseline 0.002 -15"><span class='ocrx_word' id='word_1_59' title='bbox 119 673 218 712; x_wconf 91' lang='lat' dir='ltr'>obiit</span> <span class='ocrx_word' id='word_1_60' title='bbox 241 675 278 712; x_wconf 87' lang='lat' dir='ltr'>d.</span> <span class='ocrx_word' id='word_1_61' title='bbox 305 676 340 712; x_wconf 91' lang='lat'>1.</span> <span class='ocrx_word' id='word_1_62' title='bbox 362 675 470 724; x_wconf 89' lang='lat' dir='ltr'>Aug.</span> <span class='ocrx_word' id='word_1_63' title='bbox 493 688 528 712; x_wconf 90' lang='lat' dir='ltr'>a.</span> <span class='ocrx_word' id='word_1_64' title='bbox 554 674 673 711; x_wconf 80' lang='lat'>1543.</span> <span class='ocrx_word' id='word_1_65' title='bbox 696 675 856 724; x_wconf 89' lang='lat' dir='ltr'>scriptis</span> <span class='ocrx_word' id='word_1_66' title='bbox 887 688 972 712; x_wconf 87' lang='lat' dir='ltr'>non</span> <span class='ocrx_word' id='word_1_67' title='bbox 1002 675 1125 713; x_wconf 87' lang='lat' dir='ltr'>nullis</span> <span class='ocrx_word' id='word_1_68' title='bbox 1155 675 1394 726; x_wconf 75' lang='lat' dir='ltr'>theologicis</span> <span class='ocrx_word' id='word_1_69' title='bbox 1427 677 1600 726; x_wconf 87' lang='lat' dir='ltr'>relictis;</span> <span class='ocrx_word' id='word_1_70' title='bbox 1633 675 1838 714; x_wconf 70' lang='lat' dir='ltr'>Adamus²</span> 
     </span>
     <span class='ocr_line' id='line_1_9' title="bbox 118 729 1836 784; baseline 0.002 -17"><span class='ocrx_word' id='word_1_71' title='bbox 118 730 369 781; x_wconf 83' lang='lat' dir='ltr'>epitaphium</span> <span class='ocrx_word' id='word_1_72' title='bbox 400 743 562 781; x_wconf 86' lang='lat' dir='ltr'>quoque</span> <span class='ocrx_word' id='word_1_73' title='bbox 593 729 867 768; x_wconf 84' lang='lat' dir='ltr'>ardentissimi</span> <span class='ocrx_word' id='word_1_74' title='bbox 890 731 1182 769; x_wconf 79' lang='lat' dir='ltr'>contionatoris</span> <span class='ocrx_word' id='word_1_75' title='bbox 1214 732 1392 782; x_wconf 89' lang='lat' dir='ltr'>repetiit.</span> <span class='ocrx_word' id='word_1_76' title='bbox 1443 733 1643 771; x_wconf 83' lang='lat' dir='ltr'>Videatur</span> <span class='ocrx_word' id='word_1_77' title='bbox 1673 746 1836 784; x_wconf 91' lang='lat' dir='ltr'>quoque</span> 
     </span>
     <span class='ocr_line' id='line_1_10' title="bbox 121 783 780 836; baseline 0.003 -13"><span class='ocrx_word' id='word_1_78' title='bbox 121 784 417 824; x_wconf 81' lang='lat' dir='ltr'>Schnurrerus3</span> <span class='ocrx_word' id='word_1_79' title='bbox 449 793 487 824; x_wconf 90' lang='lat' dir='ltr'>et</span> <span class='ocrx_word' id='word_1_80' title='bbox 517 783 780 836; x_wconf 61' lang='lat' dir='ltr'>He1·zogius³.</span> 
     </span>
    </p>

    <p class='ocr_par' dir='ltr' id='par_1_3' title="bbox 207 855 1836 901">
     <span class='ocr_line' id='line_1_11' title="bbox 207 855 1836 901; baseline 0.002 -13"><span class='ocrx_word' id='word_1_81' title='bbox 207 857 239 897; x_wconf 91' lang='lat'>1)</span> <span class='ocrx_word' id='word_1_82' title='bbox 267 856 370 889; x_wconf 84' lang='lat' dir='ltr'>Unde</span> <span class='ocrx_word' id='word_1_83' title='bbox 395 859 431 888; x_wconf 86' lang='lat' dir='ltr'>et</span> <span class='ocrx_word' id='word_1_84' title='bbox 454 857 656 888; x_wconf 66' lang='lat' dir='ltr'>Constenzer</span> <span class='ocrx_word' id='word_1_85' title='bbox 679 865 706 889; x_wconf 85' lang='lat' dir='ltr'>s,</span> <span class='ocrx_word' id='word_1_86' title='bbox 726 855 942 892; x_wconf 78' lang='lat' dir='ltr'>Conslanzer,</span> <span class='ocrx_word' id='word_1_87' title='bbox 969 856 1074 896; x_wconf 86' lang='lat' dir='ltr'>quasi</span> <span class='ocrx_word' id='word_1_88' title='bbox 1100 856 1318 889; x_wconf 80' lang='lat' dir='ltr'>Constantia</span> <span class='ocrx_word' id='word_1_89' title='bbox 1342 858 1513 891; x_wconf 88' lang='lat' dir='ltr'>oriundus</span> <span class='ocrx_word' id='word_1_90' title='bbox 1539 859 1686 899; x_wconf 85' lang='lat' dir='ltr'>fuisset,</span> <span class='ocrx_word' id='word_1_91' title='bbox 1714 859 1836 901; x_wconf 87' lang='lat' dir='ltr'>appel-</span> 
     </span>
    </p>
   </div>
   <div class='ocr_carea' id='block_1_3' title="bbox 204 905 1836 999">
    <p class='ocr_par' dir='ltr' id='par_1_4' title="bbox 204 905 1836 999">
     <span class='ocr_line' id='line_1_12' title="bbox 204 905 1836 950; baseline 0.003 -12"><span class='ocrx_word' id='word_1_92' title='bbox 204 907 311 938; x_wconf 87' lang='lat' dir='ltr'>latur.</span> <span class='ocrx_word' id='word_1_93' title='bbox 427 906 460 946; x_wconf 86' lang='lat'>2)</span> <span class='ocrx_word' id='word_1_94' title='bbox 487 907 560 938; x_wconf 86' lang='lat' dir='ltr'>Vit.</span> <span class='ocrx_word' id='word_1_95' title='bbox 579 905 789 937; x_wconf 84' lang='lat' dir='ltr'>Germanor.</span> <span class='ocrx_word' id='word_1_96' title='bbox 806 905 1008 947; x_wconf 80' lang='lat' dir='ltr'>theologor.</span> <span class='ocrx_word' id='word_1_97' title='bbox 1034 906 1091 940; x_wconf 84' lang='lat' dir='ltr'>Ff.</span> <span class='ocrx_word' id='word_1_98' title='bbox 1112 908 1208 940; x_wconf 86' lang='lat'>1653.</span> <span class='ocrx_word' id='word_1_99' title='bbox 1228 908 1274 940; x_wconf 92' lang='lat'>8⁰.</span> <span class='ocrx_word' id='word_1_100' title='bbox 1295 917 1326 946; x_wconf 80' lang='lat' dir='ltr'>p,</span> <span class='ocrx_word' id='word_1_101' title='bbox 1346 910 1400 940; x_wconf 83' lang='lat'>97.</span> <span class='ocrx_word' id='word_1_102' title='bbox 1419 919 1472 950; x_wconf 84' lang='lat' dir='ltr'>sq.</span> <span class='ocrx_word' id='word_1_103' title='bbox 1587 910 1621 950; x_wconf 92' lang='lat'>3)</span> <span class='ocrx_word' id='word_1_104' title='bbox 1651 910 1836 943; x_wconf 69' lang='lat' dir='ltr'>W&#39;iirtemb.</span> 
     </span>
     <span class='ocr_line' id='line_1_13' title="bbox 205 954 1403 999; baseline 0.002 -12"><span class='ocrx_word' id='word_1_105' title='bbox 205 957 326 990; x_wconf 77' lang='lat' dir='ltr'>Kireh.</span> <span class='ocrx_word' id='word_1_106' title='bbox 344 956 420 997; x_wconf 81' lang='lat' dir='ltr'>Ref&#39;.</span> <span class='ocrx_word' id='word_1_107' title='bbox 439 968 469 991; x_wconf 80' lang='lat' dir='ltr'>u.</span> <span class='ocrx_word' id='word_1_108' title='bbox 492 956 561 988; x_wconf 80' lang='lat' dir='ltr'>Gel.</span> <span class='ocrx_word' id='word_1_109' title='bbox 582 956 699 989; x_wconf 79' lang='lat' dir='ltr'>Geselz.</span> <span class='ocrx_word' id='word_1_110' title='bbox 717 966 751 997; x_wconf 87' lang='lat' dir='ltr'>p.</span> <span class='ocrx_word' id='word_1_111' title='bbox 768 957 822 990; x_wconf 87' lang='lat'>89.</span> <span class='ocrx_word' id='word_1_112' title='bbox 930 954 965 998; x_wconf 85' lang='lat'>4)</span> <span class='ocrx_word' id='word_1_113' title='bbox 985 956 1115 988; x_wconf 84' lang='lat' dir='ltr'>Athen.</span> <span class='ocrx_word' id='word_1_114' title='bbox 1134 956 1279 991; x_wconf 79' lang='lat' dir='ltr'>Ram-ie.</span> <span class='ocrx_word' id='word_1_115' title='bbox 1300 968 1332 999; x_wconf 83' lang='lat' dir='ltr'>p,</span> <span class='ocrx_word' id='word_1_116' title='bbox 1353 960 1403 992; x_wconf 90' lang='grc'>18,</span> 
     </span>
    </p>
   </div>
   <div class='ocr_carea' id='block_1_4' title="bbox 105 1038 1836 2613">
    <p class='ocr_par' dir='ltr' id='par_1_5' title="bbox 105 1038 1836 2613">
     <span class='ocr_line' id='line_1_14' title="bbox 113 1038 1835 1095; baseline 0.002 -16"><span class='ocrx_word' id='word_1_117' title='bbox 113 1049 323 1080; x_wconf 86' lang='lat' dir='ltr'><strong>PIEMONT</strong></span> <span class='ocrx_word' id='word_1_118' title='bbox 347 1041 399 1092; x_wconf 86' lang='lat' dir='ltr'>(p.</span> <span class='ocrx_word' id='word_1_119' title='bbox 422 1038 541 1091; x_wconf 68' lang='lat'>2881‘2)</span> <span class='ocrx_word' id='word_1_120' title='bbox 566 1042 652 1079; x_wconf 84' lang='lat' dir='ltr'>sive</span> <span class='ocrx_word' id='word_1_121' title='bbox 674 1042 808 1092; x_wconf 89' lang='lat' dir='ltr'>potius</span> <span class='ocrx_word' id='word_1_122' title='bbox 830 1041 1122 1080; x_wconf 88' lang='lat' dir='ltr'>Piemontanus</span> <span class='ocrx_word' id='word_1_123' title='bbox 1147 1040 1263 1091; x_wconf 87' lang='lat' dir='ltr'>(alias</span> <span class='ocrx_word' id='word_1_124' title='bbox 1288 1042 1689 1094; x_wconf 86' lang='lat' dir='ltr'>‘Largimontanus’)</span> <span class='ocrx_word' id='word_1_125' title='bbox 1722 1058 1745 1081; x_wconf 89' lang='lat' dir='ltr'>a</span> <span class='ocrx_word' id='word_1_126' title='bbox 1766 1058 1835 1095; x_wconf 87' lang='lat' dir='ltr'>pa.-</span> 
     </span>
     <span class='ocr_line' id='line_1_15' title="bbox 113 1095 1836 1149; baseline 0.001 -13"><span class='ocrx_word' id='word_1_127' title='bbox 113 1099 190 1136; x_wconf 88' lang='lat' dir='ltr'>trio</span> <span class='ocrx_word' id='word_1_128' title='bbox 215 1098 366 1149; x_wconf 88' lang='lat' dir='ltr'>oppido</span> <span class='ocrx_word' id='word_1_129' title='bbox 389 1097 637 1148; x_wconf 85' lang='lat' dir='ltr'>Miltenberg</span> <span class='ocrx_word' id='word_1_130' title='bbox 659 1095 795 1149; x_wconf 81' lang='lat' dir='ltr'>(quasi</span> <span class='ocrx_word' id='word_1_131' title='bbox 817 1098 893 1136; x_wconf 87' lang='lat' dir='ltr'>hoc</span> <span class='ocrx_word' id='word_1_132' title='bbox 915 1103 1020 1136; x_wconf 83' lang='lat' dir='ltr'>esset</span> <span class='ocrx_word' id='word_1_133' title='bbox 1043 1102 1134 1146; x_wconf 74' lang='lat' dir='ltr'>pius</span> <span class='ocrx_word' id='word_1_134' title='bbox 1163 1099 1247 1137; x_wconf 87' lang='lat' dir='ltr'>sive</span> <span class='ocrx_word' id='word_1_135' title='bbox 1269 1103 1403 1149; x_wconf 69' lang='lat' dir='ltr'>chryzcs</span> <span class='ocrx_word' id='word_1_136' title='bbox 1423 1099 1545 1149; x_wconf 81' lang='lat' dir='ltr'>mons)</span> <span class='ocrx_word' id='word_1_137' title='bbox 1570 1101 1621 1138; x_wconf 88' lang='lat' dir='ltr'>ad</span> <span class='ocrx_word' id='word_1_138' title='bbox 1643 1101 1836 1138; x_wconf 85' lang='lat' dir='ltr'>Moenum</span> 
     </span>
     <span class='ocr_line' id='line_1_16' title="bbox 113 1153 1834 1207; baseline 0.001 -14"><span class='ocrx_word' id='word_1_139' title='bbox 113 1156 189 1193; x_wconf 90' lang='lat' dir='ltr'>sito</span> <span class='ocrx_word' id='word_1_140' title='bbox 220 1155 452 1192; x_wconf 89' lang='lat' dir='ltr'>nominatus</span> <span class='ocrx_word' id='word_1_141' title='bbox 484 1160 544 1192; x_wconf 88' lang='lat' dir='ltr'>est</span> <span class='ocrx_word' id='word_1_142' title='bbox 573 1154 780 1192; x_wconf 88' lang='lat' dir='ltr'>Iohannes</span> <span class='ocrx_word' id='word_1_143' title='bbox 803 1154 1032 1201; x_wconf 86' lang='lat' dir='ltr'>Butzbach,</span> <span class='ocrx_word' id='word_1_144' title='bbox 1068 1153 1247 1193; x_wconf 85' lang='lat' dir='ltr'>Conradi</span> <span class='ocrx_word' id='word_1_145' title='bbox 1278 1157 1444 1194; x_wconf 74' lang='lat' dir='ltr'>textoris</span> <span class='ocrx_word' id='word_1_146' title='bbox 1474 1156 1834 1207; x_wconf 89' lang='lat' dir='ltr'>Miltenbergensis</span> 
     </span>
     <span class='ocr_line' id='line_1_17' title="bbox 111 1211 1832 1262; baseline 0.002 -14"><span class='ocrx_word' id='word_1_147' title='bbox 111 1212 237 1258; x_wconf 87' lang='lat' dir='ltr'>filins,</span> <span class='ocrx_word' id='word_1_148' title='bbox 270 1217 388 1248; x_wconf 87' lang='lat' dir='ltr'>natus</span> <span class='ocrx_word' id='word_1_149' title='bbox 411 1224 446 1248; x_wconf 93' lang='lat' dir='ltr'>a.</span> <span class='ocrx_word' id='word_1_150' title='bbox 472 1211 612 1257; x_wconf 61' lang='lat'>1478„</span> <span class='ocrx_word' id='word_1_151' title='bbox 647 1211 716 1261; x_wconf 89' lang='lat' dir='ltr'>qui</span> <span class='ocrx_word' id='word_1_152' title='bbox 737 1224 773 1248; x_wconf 89' lang='lat' dir='ltr'>a.</span> <span class='ocrx_word' id='word_1_153' title='bbox 799 1211 920 1250; x_wconf 77' lang='lat'>1498.</span> <span class='ocrx_word' id='word_1_154' title='bbox 944 1211 1184 1261; x_wconf 88' lang='lat' dir='ltr'>religionem</span> <span class='ocrx_word' id='word_1_155' title='bbox 1215 1213 1420 1262; x_wconf 87' lang='lat' dir='ltr'>professus</span> <span class='ocrx_word' id='word_1_156' title='bbox 1451 1213 1549 1251; x_wconf 88' lang='lat' dir='ltr'>inde</span> <span class='ocrx_word' id='word_1_157' title='bbox 1571 1213 1620 1251; x_wconf 88' lang='lat' dir='ltr'>ab</span> <span class='ocrx_word' id='word_1_158' title='bbox 1650 1227 1686 1251; x_wconf 86' lang='lat' dir='ltr'>a.</span> <span class='ocrx_word' id='word_1_159' title='bbox 1712 1215 1832 1252; x_wconf 89' lang='lat'>1503.</span> 
     </span>
     <span class='ocr_line' id='line_1_18' title="bbox 112 1267 1833 1318; baseline 0.001 -13"><span class='ocrx_word' id='word_1_160' title='bbox 112 1280 241 1318; x_wconf 88' lang='lat' dir='ltr'>usque</span> <span class='ocrx_word' id='word_1_161' title='bbox 270 1267 322 1305; x_wconf 87' lang='lat' dir='ltr'>ad</span> <span class='ocrx_word' id='word_1_162' title='bbox 344 1273 566 1305; x_wconf 78' lang='lat' dir='ltr'>extremum</span> <span class='ocrx_word' id='word_1_163' title='bbox 596 1267 689 1304; x_wconf 81' lang='lat' dir='ltr'>vitae</span> <span class='ocrx_word' id='word_1_164' title='bbox 719 1280 801 1304; x_wconf 76' lang='lat' dir='ltr'>suae</span> <span class='ocrx_word' id='word_1_165' title='bbox 832 1281 985 1304; x_wconf 87' lang='lat' dir='ltr'>annum</span> <span class='ocrx_word' id='word_1_166' title='bbox 1009 1268 1128 1305; x_wconf 80' lang='lat'>1526.</span> <span class='ocrx_word' id='word_1_167' title='bbox 1152 1268 1371 1318; x_wconf 86' lang='lat' dir='ltr'>prioratum</span> <span class='ocrx_word' id='word_1_168' title='bbox 1403 1276 1626 1308; x_wconf 83' lang='lat' dir='ltr'>conventus</span> <span class='ocrx_word' id='word_1_169' title='bbox 1659 1270 1833 1308; x_wconf 90' lang='lat' dir='ltr'>coenobi-</span> 
     </span>
     <span class='ocr_line' id='line_1_19' title="bbox 111 1322 1833 1377; baseline 0.002 -16"><span class='ocrx_word' id='word_1_170' title='bbox 111 1330 242 1361; x_wconf 85' lang='lat' dir='ltr'>tarum</span> <span class='ocrx_word' id='word_1_171' title='bbox 274 1323 426 1360; x_wconf 82' lang='lat' dir='ltr'>ordinis</span> <span class='ocrx_word' id='word_1_172' title='bbox 457 1323 587 1360; x_wconf 87' lang='lat' dir='ltr'>sancti</span> <span class='ocrx_word' id='word_1_173' title='bbox 608 1322 824 1360; x_wconf 84' lang='lat' dir='ltr'>Benedicti</span> <span class='ocrx_word' id='word_1_174' title='bbox 854 1323 906 1361; x_wconf 89' lang='lat' dir='ltr'>ad</span> <span class='ocrx_word' id='word_1_175' title='bbox 936 1324 1068 1361; x_wconf 88' lang='lat' dir='ltr'>lacum</span> <span class='ocrx_word' id='word_1_176' title='bbox 1101 1322 1256 1372; x_wconf 70' lang='lat' dir='ltr'>(Lccaclz</span> <span class='ocrx_word' id='word_1_177' title='bbox 1279 1339 1338 1362; x_wconf 81' lang='lat' dir='ltr'>am</span> <span class='ocrx_word' id='word_1_178' title='bbox 1359 1325 1543 1363; x_wconf 77' lang='lat' dir='ltr'>Lccaclzer</span> <span class='ocrx_word' id='word_1_179' title='bbox 1564 1326 1660 1376; x_wconf 81' lang='lat' dir='ltr'>See)</span> <span class='ocrx_word' id='word_1_180' title='bbox 1695 1327 1833 1377; x_wconf 84' lang='lat' dir='ltr'>gessit.</span> 
     </span>
     <span class='ocr_line' id='line_1_20' title="bbox 111 1379 1832 1429; baseline 0.002 -12"><span class='ocrx_word' id='word_1_181' title='bbox 111 1380 249 1418; x_wconf 80' lang='lat' dir='ltr'>Vitam</span> <span class='ocrx_word' id='word_1_182' title='bbox 271 1379 399 1417; x_wconf 81' lang='lat' dir='ltr'>‘docti</span> <span class='ocrx_word' id='word_1_183' title='bbox 421 1379 692 1429; x_wconf 83' lang='lat' dir='ltr'>cucullatique</span> <span class='ocrx_word' id='word_1_184' title='bbox 714 1380 791 1416; x_wconf 84' lang='lat' dir='ltr'>viri</span> <span class='ocrx_word' id='word_1_185' title='bbox 804 1382 825 1425; x_wconf 87' lang='lat'>&#39;,</span> <span class='ocrx_word' id='word_1_186' title='bbox 849 1379 1064 1417; x_wconf 83' lang='lat' dir='ltr'>Trithemii</span> <span class='ocrx_word' id='word_1_187' title='bbox 1087 1380 1342 1419; x_wconf 84' lang='lat' dir='ltr'>admiratoris</span> <span class='ocrx_word' id='word_1_188' title='bbox 1365 1396 1409 1420; x_wconf 90' lang='lat' dir='ltr'>ac</span> <span class='ocrx_word' id='word_1_189' title='bbox 1430 1383 1701 1428; x_wconf 79' lang='lat' dir='ltr'>veneratoris,</span> <span class='ocrx_word' id='word_1_190' title='bbox 1725 1383 1832 1420; x_wconf 89' lang='lat' dir='ltr'>Lan-</span> 
     </span>
     <span class='ocr_line' id='line_1_21' title="bbox 112 1435 1834 1488; baseline 0.002 -15"><span class='ocrx_word' id='word_1_191' title='bbox 112 1437 248 1486; x_wconf 86' lang='lat' dir='ltr'>giique</span> <span class='ocrx_word' id='word_1_192' title='bbox 277 1441 417 1474; x_wconf 80' lang='lat' dir='ltr'>contra</span> <span class='ocrx_word' id='word_1_193' title='bbox 434 1435 803 1485; x_wconf 84' lang='lat' dir='ltr'>Wimphelingum,</span> <span class='ocrx_word' id='word_1_194' title='bbox 838 1435 1025 1473; x_wconf 85' lang='lat' dir='ltr'>haeretice</span> <span class='ocrx_word' id='word_1_195' title='bbox 1048 1442 1266 1486; x_wconf 79' lang='lat' dir='ltr'>negantem</span> <span class='ocrx_word' id='word_1_196' title='bbox 1302 1438 1429 1488; x_wconf 92' lang='lat' dir='ltr'>‘quod</span> <span class='ocrx_word' id='word_1_197' title='bbox 1452 1452 1589 1477; x_wconf 87' lang='lat' dir='ltr'>omnes</span> <span class='ocrx_word' id='word_1_198' title='bbox 1612 1444 1717 1477; x_wconf 87' lang='lat' dir='ltr'>artes</span> <span class='ocrx_word' id='word_1_199' title='bbox 1740 1444 1834 1476; x_wconf 86' lang='lat' dir='ltr'>sunt</span> 
     </span>
     <span class='ocr_line' id='line_1_22' title="bbox 110 1488 1831 1546; baseline 0.002 -16"><span class='ocrx_word' id='word_1_200' title='bbox 110 1493 152 1530; x_wconf 91' lang='lat' dir='ltr'>in</span> <span class='ocrx_word' id='word_1_201' title='bbox 174 1492 447 1530; x_wconf 81' lang='lat' dir='ltr'>cucullatulis&#39;</span> <span class='ocrx_word' id='word_1_202' title='bbox 472 1488 523 1540; x_wconf 85' lang='lat' dir='ltr'>(p.</span> <span class='ocrx_word' id='word_1_203' title='bbox 541 1490 623 1540; x_wconf 75' lang='lat'>288)</span> <span class='ocrx_word' id='word_1_204' title='bbox 637 1521 645 1537; x_wconf 94' lang='lat'>,</span> <span class='ocrx_word' id='word_1_205' title='bbox 671 1491 952 1529; x_wconf 82' lang='lat' dir='ltr'>commilitonis</span> <span class='ocrx_word' id='word_1_206' title='bbox 974 1492 1220 1543; x_wconf 87' lang='lat' dir='ltr'>stultiloqui,</span> <span class='ocrx_word' id='word_1_207' title='bbox 1252 1494 1464 1545; x_wconf 87' lang='lat' dir='ltr'>descripsit</span> <span class='ocrx_word' id='word_1_208' title='bbox 1487 1492 1691 1532; x_wconf 87' lang='lat' dir='ltr'>Oliverius</span> <span class='ocrx_word' id='word_1_209' title='bbox 1712 1495 1831 1546; x_wconf 90' lang='lat' dir='ltr'>Legi-</span> 
     </span>
     <span class='ocr_line' id='line_1_23' title="bbox 110 1545 1831 1601; baseline 0.002 -15"><span class='ocrx_word' id='word_1_210' title='bbox 110 1546 310 1599; x_wconf 85' lang='lat' dir='ltr'>pontius¹.</span> <span class='ocrx_word' id='word_1_211' title='bbox 353 1547 449 1586; x_wconf 87' lang='lat' dir='ltr'>Otto</span> <span class='ocrx_word' id='word_1_212' title='bbox 480 1545 671 1585; x_wconf 77' lang='lat' dir='ltr'>Iahnius²</span> <span class='ocrx_word' id='word_1_213' title='bbox 703 1549 918 1598; x_wconf 87' lang='lat' dir='ltr'>pueritiam</span> <span class='ocrx_word' id='word_1_214' title='bbox 950 1548 1351 1601; x_wconf 79' lang='lat' dir='ltr'>adulescentiamque</span> <span class='ocrx_word' id='word_1_215' title='bbox 1373 1551 1634 1589; x_wconf 85' lang='lat' dir='ltr'>Piemontani</span> <span class='ocrx_word' id='word_1_216' title='bbox 1665 1565 1715 1589; x_wconf 78' lang='lat' dir='ltr'>ex</span> <span class='ocrx_word' id='word_1_217' title='bbox 1747 1552 1831 1589; x_wconf 88' lang='lat' dir='ltr'>eius</span> 
     </span>
     <span class='ocr_line' id='line_1_24' title="bbox 112 1603 1830 1658; baseline 0.001 -15"><span class='ocrx_word' id='word_1_218' title='bbox 112 1605 436 1656; x_wconf 79' lang='lat' dir='ltr'>‘Hodoeporico’</span> <span class='ocrx_word' id='word_1_219' title='bbox 468 1616 596 1654; x_wconf 89' lang='lat' dir='ltr'>usque</span> <span class='ocrx_word' id='word_1_220' title='bbox 628 1604 680 1642; x_wconf 87' lang='lat' dir='ltr'>ad</span> <span class='ocrx_word' id='word_1_221' title='bbox 711 1618 862 1642; x_wconf 87' lang='lat' dir='ltr'>annum</span> <span class='ocrx_word' id='word_1_222' title='bbox 895 1605 1015 1643; x_wconf 70' lang='lat'>1498.</span> <span class='ocrx_word' id='word_1_223' title='bbox 1041 1603 1137 1655; x_wconf 87' lang='lat' dir='ltr'>(quo</span> <span class='ocrx_word' id='word_1_224' title='bbox 1169 1619 1277 1643; x_wconf 91' lang='lat' dir='ltr'>anno</span> <span class='ocrx_word' id='word_1_225' title='bbox 1308 1606 1546 1645; x_wconf 80' lang='lat' dir='ltr'>Alexander</span> <span class='ocrx_word' id='word_1_226' title='bbox 1575 1607 1733 1658; x_wconf 89' lang='lat' dir='ltr'>Hegius</span> <span class='ocrx_word' id='word_1_227' title='bbox 1765 1621 1830 1645; x_wconf 91' lang='lat' dir='ltr'>va-</span> 
     </span>
     <span class='ocr_line' id='line_1_25' title="bbox 110 1660 1830 1713; baseline 0.001 -14"><span class='ocrx_word' id='word_1_228' title='bbox 110 1667 275 1712; x_wconf 84' lang='lat' dir='ltr'>gantem</span> <span class='ocrx_word' id='word_1_229' title='bbox 313 1667 435 1699; x_wconf 86' lang='lat' dir='ltr'>antea</span> <span class='ocrx_word' id='word_1_230' title='bbox 464 1660 848 1711; x_wconf 86' lang='lat' dir='ltr'>mendicantemque</span> <span class='ocrx_word' id='word_1_231' title='bbox 878 1661 1122 1708; x_wconf 79' lang='lat' dir='ltr'>scholarem,</span> <span class='ocrx_word' id='word_1_232' title='bbox 1164 1667 1248 1699; x_wconf 91' lang='lat' dir='ltr'>tum</span> <span class='ocrx_word' id='word_1_233' title='bbox 1278 1676 1353 1713; x_wconf 90' lang='lat' dir='ltr'>per</span> <span class='ocrx_word' id='word_1_234' title='bbox 1390 1663 1604 1702; x_wconf 86' lang='lat' dir='ltr'>biennium</span> <span class='ocrx_word' id='word_1_235' title='bbox 1633 1670 1830 1702; x_wconf 74' lang='lat' dir='ltr'>sai-turam</span> 
     </span>
     <span class='ocr_line' id='line_1_26' title="bbox 108 1717 1831 1767; baseline 0.002 -13"><span class='ocrx_word' id='word_1_236' title='bbox 108 1718 217 1756; x_wconf 89' lang='lat' dir='ltr'>inter</span> <span class='ocrx_word' id='word_1_237' title='bbox 246 1717 391 1756; x_wconf 88' lang='lat' dir='ltr'>fratres</span> <span class='ocrx_word' id='word_1_238' title='bbox 421 1717 545 1755; x_wconf 89' lang='lat' dir='ltr'>laicos</span> <span class='ocrx_word' id='word_1_239' title='bbox 576 1717 618 1754; x_wconf 91' lang='lat' dir='ltr'>in</span> <span class='ocrx_word' id='word_1_240' title='bbox 641 1717 898 1767; x_wconf 85' lang='lat' dir='ltr'>Rinckaugia</span> <span class='ocrx_word' id='word_1_241' title='bbox 927 1718 1013 1755; x_wconf 88' lang='lat' dir='ltr'>sive</span> <span class='ocrx_word' id='word_1_242' title='bbox 1045 1718 1087 1755; x_wconf 91' lang='lat' dir='ltr'>in</span> <span class='ocrx_word' id='word_1_243' title='bbox 1117 1719 1253 1756; x_wconf 86' lang='lat' dir='ltr'>insula</span> <span class='ocrx_word' id='word_1_244' title='bbox 1281 1719 1416 1757; x_wconf 86' lang='lat' dir='ltr'>Rheni</span> <span class='ocrx_word' id='word_1_245' title='bbox 1448 1726 1716 1767; x_wconf 78' lang='lat' dir='ltr'>exercentem,</span> <span class='ocrx_word' id='word_1_246' title='bbox 1749 1727 1831 1758; x_wconf 90' lang='lat' dir='ltr'>tam</span> 
     </span>
     <span class='ocr_line' id='line_1_27' title="bbox 109 1773 1830 1824; baseline 0.002 -13"><span class='ocrx_word' id='word_1_247' title='bbox 109 1774 250 1812; x_wconf 87' lang='lat' dir='ltr'>rudem</span> <span class='ocrx_word' id='word_1_248' title='bbox 280 1773 622 1824; x_wconf 86' lang='lat' dir='ltr'>ineruditumque,</span> <span class='ocrx_word' id='word_1_249' title='bbox 655 1779 700 1811; x_wconf 91' lang='lat' dir='ltr'>ut</span> <span class='ocrx_word' id='word_1_250' title='bbox 730 1774 902 1824; x_wconf 89' lang='lat' dir='ltr'>primum</span> <span class='ocrx_word' id='word_1_251' title='bbox 932 1774 1156 1821; x_wconf 87' lang='lat' dir='ltr'>reiecisset,</span> <span class='ocrx_word' id='word_1_252' title='bbox 1191 1788 1279 1813; x_wconf 86' lang='lat' dir='ltr'>cum</span> <span class='ocrx_word' id='word_1_253' title='bbox 1311 1777 1655 1815; x_wconf 86' lang='lat' dir='ltr'>commendaticiis</span> <span class='ocrx_word' id='word_1_254' title='bbox 1685 1777 1830 1815; x_wconf 83' lang='lat' dir='ltr'>litteris</span> 
     </span>
     <span class='ocr_line' id='line_1_28' title="bbox 108 1829 1828 1883; baseline 0.002 -15"><span class='ocrx_word' id='word_1_255' title='bbox 108 1831 271 1876; x_wconf 88' lang='lat' dir='ltr'>iterum,</span> <span class='ocrx_word' id='word_1_256' title='bbox 305 1836 349 1867; x_wconf 93' lang='lat' dir='ltr'>ut</span> <span class='ocrx_word' id='word_1_257' title='bbox 378 1830 421 1867; x_wconf 91' lang='lat' dir='ltr'>in</span> <span class='ocrx_word' id='word_1_258' title='bbox 452 1829 631 1867; x_wconf 86' lang='lat' dir='ltr'>scholam</span> <span class='ocrx_word' id='word_1_259' title='bbox 661 1830 1003 1868; x_wconf 82' lang='lat' dir='ltr'>Daventriensem</span> <span class='ocrx_word' id='word_1_260' title='bbox 1034 1830 1283 1881; x_wconf 84' lang='lat' dir='ltr'>reciperetur</span> <span class='ocrx_word' id='word_1_261' title='bbox 1313 1833 1615 1883; x_wconf 87' lang='lat' dir='ltr'>implorantem,</span> <span class='ocrx_word' id='word_1_262' title='bbox 1649 1834 1691 1871; x_wconf 92' lang='lat' dir='ltr'>in</span> <span class='ocrx_word' id='word_1_263' title='bbox 1724 1838 1828 1871; x_wconf 89' lang='lat' dir='ltr'>octa-</span> 
     </span>
     <span class='ocr_line' id='line_1_29' title="bbox 109 1886 1827 1940; baseline 0.002 -16"><span class='ocrx_word' id='word_1_264' title='bbox 109 1900 201 1924; x_wconf 88' lang='lat' dir='ltr'>vum</span> <span class='ocrx_word' id='word_1_265' title='bbox 232 1886 379 1924; x_wconf 75' lang='lat' dir='ltr'>scholae</span> <span class='ocrx_word' id='word_1_266' title='bbox 411 1886 595 1924; x_wconf 88' lang='lat' dir='ltr'>ordinem</span> <span class='ocrx_word' id='word_1_267' title='bbox 626 1887 733 1923; x_wconf 87' lang='lat' dir='ltr'>inter</span> <span class='ocrx_word' id='word_1_268' title='bbox 763 1899 909 1936; x_wconf 89' lang='lat' dir='ltr'>pueros</span> <span class='ocrx_word' id='word_1_269' title='bbox 941 1888 1205 1925; x_wconf 87' lang='lat' dir='ltr'>novissimum</span> <span class='ocrx_word' id='word_1_270' title='bbox 1235 1901 1351 1926; x_wconf 89' lang='lat' dir='ltr'>suum</span> <span class='ocrx_word' id='word_1_271' title='bbox 1383 1889 1627 1940; x_wconf 89' lang='lat' dir='ltr'>discipulum</span> <span class='ocrx_word' id='word_1_272' title='bbox 1658 1888 1827 1940; x_wconf 85' lang='lat' dir='ltr'>recepit)</span> 
     </span>
     <span class='ocr_line' id='line_1_30' title="bbox 107 1942 1827 1994; baseline 0.002 -14"><span class='ocrx_word' id='word_1_273' title='bbox 107 1943 163 1980; x_wconf 90' lang='lat' dir='ltr'>ita</span> <span class='ocrx_word' id='word_1_274' title='bbox 202 1942 478 1989; x_wconf 84' lang='lat' dir='ltr'>adumbravit,</span> <span class='ocrx_word' id='word_1_275' title='bbox 519 1948 563 1979; x_wconf 89' lang='lat' dir='ltr'>ut</span> <span class='ocrx_word' id='word_1_276' title='bbox 602 1943 717 1992; x_wconf 88' lang='lat' dir='ltr'>quasi</span> <span class='ocrx_word' id='word_1_277' title='bbox 748 1942 915 1980; x_wconf 81' lang='lat' dir='ltr'>Thomae</span> <span class='ocrx_word' id='word_1_278' title='bbox 954 1942 1107 1981; x_wconf 88' lang='lat' dir='ltr'>Plateri</span> <span class='ocrx_word' id='word_1_279' title='bbox 1146 1943 1405 1994; x_wconf 87' lang='lat' dir='ltr'>prodromum</span> <span class='ocrx_word' id='word_1_280' title='bbox 1443 1945 1662 1983; x_wconf 88' lang='lat' dir='ltr'>habeamus</span> <span class='ocrx_word' id='word_1_281' title='bbox 1703 1946 1827 1984; x_wconf 89' lang='lat' dir='ltr'>illum.</span> 
     </span>
     <span class='ocr_line' id='line_1_31' title="bbox 107 1998 1827 2050; baseline 0.002 -14"><span class='ocrx_word' id='word_1_282' title='bbox 107 1999 201 2049; x_wconf 87' lang='lat' dir='ltr'>Ipse</span> <span class='ocrx_word' id='word_1_283' title='bbox 232 1998 523 2037; x_wconf 87' lang='lat' dir='ltr'>Piemontanus</span> <span class='ocrx_word' id='word_1_284' title='bbox 562 1999 603 2035; x_wconf 90' lang='lat' dir='ltr'>in</span> <span class='ocrx_word' id='word_1_285' title='bbox 635 1998 828 2036; x_wconf 85' lang='lat' dir='ltr'>Auctario</span> <span class='ocrx_word' id='word_1_286' title='bbox 867 1999 1050 2050; x_wconf 86' lang='lat' dir='ltr'>scriptor.</span> <span class='ocrx_word' id='word_1_287' title='bbox 1075 2000 1381 2039; x_wconf 88' lang='lat' dir='ltr'>ecclesiasticor.</span> <span class='ocrx_word' id='word_1_288' title='bbox 1405 2001 1475 2039; x_wconf 88' lang='lat' dir='ltr'>fol.</span> <span class='ocrx_word' id='word_1_289' title='bbox 1500 2003 1556 2040; x_wconf 73' lang='lat'>9³.</span> <span class='ocrx_word' id='word_1_290' title='bbox 1583 2003 1626 2039; x_wconf 89' lang='lat' dir='ltr'>in</span> <span class='ocrx_word' id='word_1_291' title='bbox 1657 2002 1736 2040; x_wconf 88' lang='lat' dir='ltr'>fine</span> <span class='ocrx_word' id='word_1_292' title='bbox 1767 2015 1827 2039; x_wconf 85' lang='lat' dir='ltr'>ar-</span> 
     </span>
     <span class='ocr_line' id='line_1_32' title="bbox 106 2054 1756 2108; baseline 0.002 -16"><span class='ocrx_word' id='word_1_293' title='bbox 106 2055 220 2093; x_wconf 88' lang='lat' dir='ltr'>ticuli</span> <span class='ocrx_word' id='word_1_294' title='bbox 253 2054 524 2094; x_wconf 84' lang='lat' dir='ltr'>‘Allexander</span> <span class='ocrx_word' id='word_1_295' title='bbox 543 2054 708 2105; x_wconf 87' lang='lat' dir='ltr'>hegius&#39;</span> <span class='ocrx_word' id='word_1_296' title='bbox 740 2055 825 2092; x_wconf 81' lang='lat' dir='ltr'>haec</span> <span class='ocrx_word' id='word_1_297' title='bbox 846 2055 990 2093; x_wconf 86' lang='lat' dir='ltr'>refert:</span> <span class='ocrx_word' id='word_1_298' title='bbox 1023 2056 1234 2106; x_wconf 87' lang='lat' dir='ltr'>„sepultus</span> <span class='ocrx_word' id='word_1_299' title='bbox 1256 2058 1297 2094; x_wconf 90' lang='lat' dir='ltr'>in</span> <span class='ocrx_word' id='word_1_300' title='bbox 1320 2058 1470 2108; x_wconf 86' lang='lat' dir='ltr'>templo</span> <span class='ocrx_word' id='word_1_301' title='bbox 1495 2058 1579 2096; x_wconf 85' lang='lat' dir='ltr'>diui</span> <span class='ocrx_word' id='word_1_302' title='bbox 1599 2057 1756 2096; x_wconf 89' lang='lat' dir='ltr'>lebuini</span> 
     </span>
     <span class='ocr_line' id='line_1_33' title="bbox 108 2109 1827 2165; baseline 0.002 -17"><span class='ocrx_word' id='word_1_303' title='bbox 108 2111 231 2149; x_wconf 90' lang='lat' dir='ltr'>Anno</span> <span class='ocrx_word' id='word_1_304' title='bbox 265 2109 336 2148; x_wconf 79' lang='grc' dir='ltr'><strong>(11ἶὶ</strong></span> <span class='ocrx_word' id='word_1_305' title='bbox 357 2122 637 2149; x_wconf 80' lang='lat' dir='ltr'>Mocooxovnl.</span> <span class='ocrx_word' id='word_1_306' title='bbox 661 2111 703 2148; x_wconf 90' lang='lat' dir='ltr'>in</span> <span class='ocrx_word' id='word_1_307' title='bbox 737 2111 802 2148; x_wconf 88' lang='lat' dir='ltr'>die</span> <span class='ocrx_word' id='word_1_308' title='bbox 833 2112 962 2148; x_wconf 85' lang='lat' dir='ltr'>sancti</span> <span class='ocrx_word' id='word_1_309' title='bbox 992 2111 1190 2150; x_wconf 88' lang='lat' dir='ltr'>Iohannis</span> <span class='ocrx_word' id='word_1_310' title='bbox 1223 2114 1479 2164; x_wconf 86' lang='lat' dir='ltr'>euangeliste</span> <span class='ocrx_word' id='word_1_311' title='bbox 1510 2115 1610 2152; x_wconf 88' lang='lat' dir='ltr'>hora</span> <span class='ocrx_word' id='word_1_312' title='bbox 1640 2127 1827 2165; x_wconf 88' lang='lat' dir='ltr'>vespera-</span> 
     </span>
     <span class='ocr_line' id='line_1_34' title="bbox 106 2167 1828 2222; baseline 0.003 -18"><span class='ocrx_word' id='word_1_313' title='bbox 106 2182 194 2205; x_wconf 89' lang='lat' dir='ltr'>rum</span> <span class='ocrx_word' id='word_1_314' title='bbox 235 2180 418 2205; x_wconf 85' lang='lat' dir='ltr'>occasum</span> <span class='ocrx_word' id='word_1_315' title='bbox 457 2167 536 2204; x_wconf 89' lang='lat' dir='ltr'>iam</span> <span class='ocrx_word' id='word_1_316' title='bbox 573 2167 657 2205; x_wconf 92' lang='lat' dir='ltr'>sole</span> <span class='ocrx_word' id='word_1_317' title='bbox 697 2173 862 2217; x_wconf 88' lang='lat' dir='ltr'>petente</span> <span class='ocrx_word' id='word_1_318' title='bbox 913 2167 1045 2206; x_wconf 91' lang='lat' dir='ltr'>Huius</span> <span class='ocrx_word' id='word_1_319' title='bbox 1078 2182 1151 2219; x_wconf 89' lang='lat' dir='ltr'>ego</span> <span class='ocrx_word' id='word_1_320' title='bbox 1183 2169 1345 2208; x_wconf 82' lang='lat' dir='ltr'>Vltimus</span> <span class='ocrx_word' id='word_1_321' title='bbox 1386 2170 1607 2222; x_wconf 90' lang='lat' dir='ltr'>discipulus</span> <span class='ocrx_word' id='word_1_322' title='bbox 1647 2172 1828 2222; x_wconf 90' lang='lat' dir='ltr'>quinque</span> 
     </span>
     <span class='ocr_line' id='line_1_35' title="bbox 110 2223 1829 2278; baseline 0.002 -16"><span class='ocrx_word' id='word_1_323' title='bbox 110 2224 318 2262; x_wconf 77' lang='lat' dir='ltr'>dumtaxat</span> <span class='ocrx_word' id='word_1_324' title='bbox 348 2223 553 2261; x_wconf 87' lang='lat' dir='ltr'>mensibus</span> <span class='ocrx_word' id='word_1_325' title='bbox 587 2223 715 2261; x_wconf 86' lang='lat' dir='ltr'>donec</span> <span class='ocrx_word' id='word_1_326' title='bbox 747 2229 967 2261; x_wconf 80' lang='lat' dir='ltr'>extremum</span> <span class='ocrx_word' id='word_1_327' title='bbox 999 2225 1209 2263; x_wconf 85' lang='lat' dir='ltr'>clausisset</span> <span class='ocrx_word' id='word_1_328' title='bbox 1241 2225 1348 2264; x_wconf 90' lang='lat' dir='ltr'>diem</span> <span class='ocrx_word' id='word_1_329' title='bbox 1379 2240 1425 2265; x_wconf 92' lang='lat' dir='ltr'>eo</span> <span class='ocrx_word' id='word_1_330' title='bbox 1456 2240 1552 2264; x_wconf 87' lang='lat' dir='ltr'>usus</span> <span class='ocrx_word' id='word_1_331' title='bbox 1590 2233 1829 2278; x_wconf 86' lang='lat' dir='ltr'>preceptore</span> 
     </span>
     <span class='ocr_line' id='line_1_36' title="bbox 106 2279 1827 2335; baseline 0.002 -17"><span class='ocrx_word' id='word_1_332' title='bbox 106 2280 180 2318; x_wconf 91' lang='lat' dir='ltr'>sub</span> <span class='ocrx_word' id='word_1_333' title='bbox 214 2280 298 2317; x_wconf 87' lang='lat' dir='ltr'>eius</span> <span class='ocrx_word' id='word_1_334' title='bbox 330 2279 461 2318; x_wconf 84' lang='lat' dir='ltr'>ferula</span> <span class='ocrx_word' id='word_1_335' title='bbox 491 2280 629 2330; x_wconf 88' lang='lat' dir='ltr'>primis</span> <span class='ocrx_word' id='word_1_336' title='bbox 662 2281 941 2330; x_wconf 79' lang='lat' dir='ltr'>grammatices</span> <span class='ocrx_word' id='word_1_337' title='bbox 979 2281 1218 2319; x_wconf 84' lang='lat' dir='ltr'>rudimentis</span> <span class='ocrx_word' id='word_1_338' title='bbox 1250 2283 1292 2319; x_wconf 88' lang='lat' dir='ltr'>in</span> <span class='ocrx_word' id='word_1_339' title='bbox 1325 2288 1467 2321; x_wconf 87' lang='lat' dir='ltr'>octauo</span> <span class='ocrx_word' id='word_1_340' title='bbox 1507 2284 1709 2335; x_wconf 87' lang='lat' dir='ltr'>gymnasii</span> <span class='ocrx_word' id='word_1_341' title='bbox 1739 2283 1827 2321; x_wconf 90' lang='lat' dir='ltr'>loco</span> 
     </span>
     <span class='ocr_line' id='line_1_37' title="bbox 105 2334 1828 2390; baseline 0.002 -16"><span class='ocrx_word' id='word_1_342' title='bbox 105 2337 192 2374; x_wconf 88' lang='lat' dir='ltr'>siue</span> <span class='ocrx_word' id='word_1_343' title='bbox 224 2336 366 2374; x_wconf 87' lang='lat' dir='ltr'>ordine</span> <span class='ocrx_word' id='word_1_344' title='bbox 399 2349 563 2386; x_wconf 88' lang='lat' dir='ltr'>operam</span> <span class='ocrx_word' id='word_1_345' title='bbox 592 2336 822 2387; x_wconf 75' lang='lat' dir='ltr'>impendi“.</span> <span class='ocrx_word' id='word_1_346' title='bbox 885 2334 1022 2387; x_wconf 84' lang='lat' dir='ltr'>Opera</span> <span class='ocrx_word' id='word_1_347' title='bbox 1052 2337 1312 2376; x_wconf 88' lang='lat' dir='ltr'>Piemontani</span> <span class='ocrx_word' id='word_1_348' title='bbox 1343 2353 1465 2377; x_wconf 88' lang='lat' dir='ltr'>manu</span> <span class='ocrx_word' id='word_1_349' title='bbox 1491 2340 1651 2390; x_wconf 87' lang='lat' dir='ltr'>scripta,</span> <span class='ocrx_word' id='word_1_350' title='bbox 1685 2353 1773 2390; x_wconf 81' lang='lat' dir='ltr'>quae</span> <span class='ocrx_word' id='word_1_351' title='bbox 1804 2353 1828 2377; x_wconf 87' lang='lat' dir='ltr'>a</span> 
     </span>
     <span class='ocr_line' id='line_1_38' title="bbox 105 2392 1828 2443; baseline 0.001 -13"><span class='ocrx_word' id='word_1_352' title='bbox 105 2392 387 2443; x_wconf 84' lang='lat' dir='ltr'>Francogallis</span> <span class='ocrx_word' id='word_1_353' title='bbox 426 2392 520 2429; x_wconf 86' lang='lat' dir='ltr'>olim</span> <span class='ocrx_word' id='word_1_354' title='bbox 558 2398 691 2430; x_wconf 89' lang='lat' dir='ltr'>amota</span> <span class='ocrx_word' id='word_1_355' title='bbox 730 2405 839 2429; x_wconf 88' lang='lat' dir='ltr'>nunc</span> <span class='ocrx_word' id='word_1_356' title='bbox 879 2393 921 2430; x_wconf 92' lang='lat' dir='ltr'>in</span> <span class='ocrx_word' id='word_1_357' title='bbox 960 2394 1107 2443; x_wconf 89' lang='lat' dir='ltr'>pluteis</span> <span class='ocrx_word' id='word_1_358' title='bbox 1145 2393 1401 2433; x_wconf 82' lang='lat' dir='ltr'>bibliothecae</span> <span class='ocrx_word' id='word_1_359' title='bbox 1432 2402 1579 2434; x_wconf 85' lang='lat' dir='ltr'>nostrae</span> <span class='ocrx_word' id='word_1_360' title='bbox 1610 2396 1828 2434; x_wconf 76' lang='lat' dir='ltr'>academiae</span> 
     </span>
     <span class='ocr_line' id='line_1_39' title="bbox 105 2449 1825 2502; baseline 0.002 -16"><span class='ocrx_word' id='word_1_361' title='bbox 105 2449 336 2487; x_wconf 87' lang='lat' dir='ltr'>Bonnensis</span> <span class='ocrx_word' id='word_1_362' title='bbox 368 2454 601 2495; x_wconf 88' lang='lat' dir='ltr'>servantur,</span> <span class='ocrx_word' id='word_1_363' title='bbox 643 2462 814 2499; x_wconf 87' lang='lat' dir='ltr'>quorum</span> <span class='ocrx_word' id='word_1_364' title='bbox 843 2449 923 2488; x_wconf 86' lang='lat' dir='ltr'>vol.</span> <span class='ocrx_word' id='word_1_365' title='bbox 949 2449 1028 2487; x_wconf 89' lang='grc' dir='ltr'><strong>ΙΙΙ.</strong></span> <span class='ocrx_word' id='word_1_366' title='bbox 1060 2451 1181 2488; x_wconf 88' lang='lat' dir='ltr'>etiam</span> <span class='ocrx_word' id='word_1_367' title='bbox 1211 2451 1478 2502; x_wconf 88' lang='lat' dir='ltr'>Legipontius</span> <span class='ocrx_word' id='word_1_368' title='bbox 1510 2452 1715 2499; x_wconf 88' lang='lat' dir='ltr'>adhibuit,</span> <span class='ocrx_word' id='word_1_369' title='bbox 1760 2452 1825 2490; x_wconf 92' lang='lat' dir='ltr'>de-</span> 
     </span>
     <span class='ocr_line' id='line_1_40' title="bbox 105 2505 1827 2558; baseline 0.002 -15"><span class='ocrx_word' id='word_1_370' title='bbox 105 2506 266 2555; x_wconf 87' lang='lat' dir='ltr'>scripsit</span> <span class='ocrx_word' id='word_1_371' title='bbox 303 2505 603 2555; x_wconf 88' lang='lat' dir='ltr'>particulasque</span> <span class='ocrx_word' id='word_1_372' title='bbox 644 2518 724 2542; x_wconf 91' lang='lat' dir='ltr'>non</span> <span class='ocrx_word' id='word_1_373' title='bbox 756 2505 888 2543; x_wconf 91' lang='lat' dir='ltr'>nullas</span> <span class='ocrx_word' id='word_1_374' title='bbox 921 2519 970 2543; x_wconf 79' lang='lat' dir='ltr'>ex</span> <span class='ocrx_word' id='word_1_375' title='bbox 1002 2507 1058 2544; x_wconf 89' lang='lat' dir='ltr'>eis</span> <span class='ocrx_word' id='word_1_376' title='bbox 1090 2508 1346 2558; x_wconf 86' lang='lat' dir='ltr'>transcripsit</span> <span class='ocrx_word' id='word_1_377' title='bbox 1378 2507 1610 2546; x_wconf 82' lang='lat' dir='ltr'>Gieselerus</span> <span class='ocrx_word' id='word_1_378' title='bbox 1640 2509 1667 2545; x_wconf 93' lang='lat' dir='ltr'>l.</span> <span class='ocrx_word' id='word_1_379' title='bbox 1691 2522 1743 2554; x_wconf 88' lang='lat' dir='ltr'>c.,</span> <span class='ocrx_word' id='word_1_380' title='bbox 1787 2514 1827 2546; x_wconf 86' lang='lat' dir='ltr'>et</span> 
     </span>
     <span class='ocr_line' id='line_1_41' title="bbox 105 2561 1825 2613; baseline 0.002 -15"><span class='ocrx_word' id='word_1_381' title='bbox 105 2562 322 2599; x_wconf 88' lang='lat' dir='ltr'>novissime</span> <span class='ocrx_word' id='word_1_382' title='bbox 353 2575 437 2599; x_wconf 92' lang='lat' dir='ltr'>non</span> <span class='ocrx_word' id='word_1_383' title='bbox 476 2562 572 2598; x_wconf 86' lang='lat' dir='ltr'>satis</span> <span class='ocrx_word' id='word_1_384' title='bbox 605 2567 744 2599; x_wconf 78' lang='lat' dir='ltr'>exaete.</span> <span class='ocrx_word' id='word_1_385' title='bbox 777 2561 988 2612; x_wconf 87' lang='lat' dir='ltr'>descripsit</span> <span class='ocrx_word' id='word_1_386' title='bbox 1016 2562 1116 2601; x_wconf 88' lang='lat' dir='ltr'>Ant.</span> <span class='ocrx_word' id='word_1_387' title='bbox 1138 2562 1312 2601; x_wconf 72' lang='lat' dir='ltr'>Klette3.</span> <span class='ocrx_word' id='word_1_388' title='bbox 1374 2563 1475 2613; x_wconf 73' lang='lat' dir='ltr'>Quoe</span> <span class='ocrx_word' id='word_1_389' title='bbox 1508 2578 1556 2602; x_wconf 80' lang='lat' dir='ltr'>ex</span> <span class='ocrx_word' id='word_1_390' title='bbox 1586 2564 1825 2602; x_wconf 88' lang='lat' dir='ltr'>Butzbachii</span> 
     </span>
    </p>
   </div>
   <div class='ocr_carea' id='block_1_5' title="bbox 194 2704 1826 3104">
    <p class='ocr_par' dir='ltr' id='par_1_6' title="bbox 194 2704 1826 3104">
     <span class='ocr_line' id='line_1_42' title="bbox 196 2704 1824 2750; baseline 0.003 -15"><span class='ocrx_word' id='word_1_391' title='bbox 196 2704 226 2744; x_wconf 88' lang='lat'>1)</span> <span class='ocrx_word' id='word_1_392' title='bbox 254 2705 290 2735; x_wconf 92' lang='lat' dir='ltr'>in</span> <span class='ocrx_word' id='word_1_393' title='bbox 316 2704 529 2746; x_wconf 84' lang='lat' dir='ltr'>Magnoaldi</span> <span class='ocrx_word' id='word_1_394' title='bbox 553 2704 806 2747; x_wconf 86' lang='lat' dir='ltr'>Ziegelbaueri</span> <span class='ocrx_word' id='word_1_395' title='bbox 829 2706 996 2737; x_wconf 86' lang='lat' dir='ltr'>Historia</span> <span class='ocrx_word' id='word_1_396' title='bbox 1028 2708 1081 2738; x_wconf 90' lang='lat' dir='ltr'>rei</span> <span class='ocrx_word' id='word_1_397' title='bbox 1113 2707 1252 2741; x_wconf 86' lang='lat' dir='ltr'>literar.</span> <span class='ocrx_word' id='word_1_398' title='bbox 1277 2707 1351 2741; x_wconf 87' lang='lat' dir='ltr'>ord.</span> <span class='ocrx_word' id='word_1_399' title='bbox 1378 2717 1405 2740; x_wconf 87' lang='lat' dir='ltr'>S.</span> <span class='ocrx_word' id='word_1_400' title='bbox 1426 2707 1621 2741; x_wconf 86' lang='lat' dir='ltr'>Benedicti</span> <span class='ocrx_word' id='word_1_401' title='bbox 1645 2712 1739 2750; x_wconf 86' lang='lat' dir='ltr'>part.</span> <span class='ocrx_word' id='word_1_402' title='bbox 1759 2709 1824 2744; x_wconf 84' lang='lat' dir='ltr'>III.</span> 
     </span>
     <span class='ocr_line' id='line_1_43' title="bbox 194 2754 1824 2797; baseline 0.004 -11"><span class='ocrx_word' id='word_1_403' title='bbox 194 2766 228 2796; x_wconf 81' lang='lat' dir='ltr'>p.</span> <span class='ocrx_word' id='word_1_404' title='bbox 246 2755 437 2787; x_wconf 86' lang='lat'>335...338.</span> <span class='ocrx_word' id='word_1_405' title='bbox 461 2756 552 2796; x_wconf 88' lang='lat' dir='ltr'>Aug.</span> <span class='ocrx_word' id='word_1_406' title='bbox 571 2754 677 2786; x_wconf 86' lang='lat' dir='ltr'>Vind.</span> <span class='ocrx_word' id='word_1_407' title='bbox 696 2761 731 2787; x_wconf 85' lang='lat' dir='ltr'>et</span> <span class='ocrx_word' id='word_1_408' title='bbox 748 2756 900 2797; x_wconf 88' lang='lat' dir='ltr'>Herbip.</span> <span class='ocrx_word' id='word_1_409' title='bbox 920 2758 1016 2788; x_wconf 76' lang='lat'>1754.</span> <span class='ocrx_word' id='word_1_410' title='bbox 1035 2757 1116 2797; x_wconf 55' lang='lat' dir='ltr'>fol„</span> <span class='ocrx_word' id='word_1_411' title='bbox 1144 2759 1201 2789; x_wconf 88' lang='lat' dir='ltr'>cui</span> <span class='ocrx_word' id='word_1_412' title='bbox 1225 2758 1522 2791; x_wconf 89' lang='lat' dir='ltr'>commentariolo</span> <span class='ocrx_word' id='word_1_413' title='bbox 1541 2759 1768 2791; x_wconf 87' lang='lat' dir='ltr'>emendando</span> <span class='ocrx_word' id='word_1_414' title='bbox 1788 2763 1824 2792; x_wconf 87' lang='lat' dir='ltr'>et</span> 
     </span>
     <span class='ocr_line' id='line_1_44' title="bbox 195 2804 1822 2852; baseline 0.002 -16"><span class='ocrx_word' id='word_1_415' title='bbox 195 2805 396 2846; x_wconf 87' lang='lat' dir='ltr'>supplendo</span> <span class='ocrx_word' id='word_1_416' title='bbox 429 2804 670 2837; x_wconf 83' lang='lat' dir='ltr'>adhibendum</span> <span class='ocrx_word' id='word_1_417' title='bbox 702 2809 758 2837; x_wconf 84' lang='lat' dir='ltr'>est</span> <span class='ocrx_word' id='word_1_418' title='bbox 781 2807 810 2837; x_wconf 94' lang='lat' dir='ltr'>I.</span> <span class='ocrx_word' id='word_1_419' title='bbox 832 2805 869 2838; x_wconf 88' lang='lat' dir='ltr'>C.</span> <span class='ocrx_word' id='word_1_420' title='bbox 889 2807 931 2839; x_wconf 92' lang='lat' dir='ltr'>L.</span> <span class='ocrx_word' id='word_1_421' title='bbox 953 2807 1135 2839; x_wconf 86' lang='lat' dir='ltr'>Gieseleri</span> <span class='ocrx_word' id='word_1_422' title='bbox 1158 2818 1387 2850; x_wconf 84' lang='lat' dir='ltr'>programma</span> <span class='ocrx_word' id='word_1_423' title='bbox 1411 2810 1604 2843; x_wconf 85' lang='lat' dir='ltr'>Bonnense</span> <span class='ocrx_word' id='word_1_424' title='bbox 1631 2810 1663 2843; x_wconf 91' lang='lat' dir='ltr'>d.</span> <span class='ocrx_word' id='word_1_425' title='bbox 1681 2812 1712 2843; x_wconf 87' lang='grc'>3.</span> <span class='ocrx_word' id='word_1_426' title='bbox 1731 2810 1822 2852; x_wconf 84' lang='lat' dir='ltr'>Aug.</span> 
     </span>
     <span class='ocr_line' id='line_1_45' title="bbox 195 2854 1824 2896; baseline 0.004 -9"><span class='ocrx_word' id='word_1_427' title='bbox 195 2856 292 2887; x_wconf 85' lang='lat'>1826.</span> <span class='ocrx_word' id='word_1_428' title='bbox 309 2854 355 2886; x_wconf 81' lang='lat'>40.</span> <span class='ocrx_word' id='word_1_429' title='bbox 382 2854 585 2896; x_wconf 81' lang='lat' dir='ltr'>„Symbolae</span> <span class='ocrx_word' id='word_1_430' title='bbox 603 2855 648 2886; x_wconf 85' lang='lat' dir='ltr'>ad</span> <span class='ocrx_word' id='word_1_431' title='bbox 665 2855 855 2888; x_wconf 85' lang='lat' dir='ltr'>historiam</span> <span class='ocrx_word' id='word_1_432' title='bbox 874 2858 1083 2889; x_wconf 87' lang='lat' dir='ltr'>monasterii</span> <span class='ocrx_word' id='word_1_433' title='bbox 1099 2858 1275 2891; x_wconf 88' lang='lat' dir='ltr'>Lacensis</span> <span class='ocrx_word' id='word_1_434' title='bbox 1294 2869 1337 2891; x_wconf 82' lang='lat' dir='ltr'>ex</span> <span class='ocrx_word' id='word_1_435' title='bbox 1356 2858 1510 2893; x_wconf 85' lang='lat' dir='ltr'>codicib.</span> <span class='ocrx_word' id='word_1_436' title='bbox 1529 2861 1747 2894; x_wconf 90' lang='lat' dir='ltr'>Bonnensib.</span> <span class='ocrx_word' id='word_1_437' title='bbox 1768 2860 1824 2893; x_wconf 83' lang='lat' dir='ltr'>de-</span> 
     </span>
     <span class='ocr_line' id='line_1_46' title="bbox 194 2904 1823 2952; baseline 0.003 -15"><span class='ocrx_word' id='word_1_438' title='bbox 194 2904 386 2947; x_wconf 87' lang='lat' dir='ltr'>promtae“.</span> <span class='ocrx_word' id='word_1_439' title='bbox 481 2905 514 2946; x_wconf 85' lang='lat'>2)</span> <span class='ocrx_word' id='word_1_440' title='bbox 534 2905 697 2947; x_wconf 84' lang='lat' dir='ltr'>eleganti</span> <span class='ocrx_word' id='word_1_441' title='bbox 722 2907 932 2939; x_wconf 84' lang='lat' dir='ltr'>narratione</span> <span class='ocrx_word' id='word_1_442' title='bbox 960 2906 1232 2951; x_wconf 72' lang='lat' dir='ltr'>‘Bildzmqsycmy</span> <span class='ocrx_word' id='word_1_443' title='bbox 1257 2910 1348 2941; x_wconf 76' lang='lat' dir='ltr'>eines</span> <span class='ocrx_word' id='word_1_444' title='bbox 1367 2909 1544 2942; x_wconf 82' lang='lat' dir='ltr'>Gelelzrten</span> <span class='ocrx_word' id='word_1_445' title='bbox 1569 2921 1620 2941; x_wconf 81' lang='lat' dir='ltr'>am</span> <span class='ocrx_word' id='word_1_446' title='bbox 1639 2910 1744 2952; x_wconf 69' lang='lat' dir='ltr'>Ausy.</span> <span class='ocrx_word' id='word_1_447' title='bbox 1764 2912 1823 2942; x_wconf 76' lang='lat' dir='ltr'>des</span> 
     </span>
     <span class='ocr_line' id='line_1_47' title="bbox 195 2956 1823 3001; baseline 0.002 -13"><span class='ocrx_word' id='word_1_448' title='bbox 195 2959 245 2990; x_wconf 84' lang='lat'>15.</span> <span class='ocrx_word' id='word_1_449' title='bbox 263 2956 381 2990; x_wconf 70' lang='lat' dir='ltr'>Jahrb.</span> <span class='ocrx_word' id='word_1_450' title='bbox 400 2957 437 2987; x_wconf 89' lang='lat' dir='ltr'>in</span> <span class='ocrx_word' id='word_1_451' title='bbox 456 2956 666 2989; x_wconf 74' lang='lat' dir='ltr'>Grenzboten</span> <span class='ocrx_word' id='word_1_452' title='bbox 686 2957 784 2992; x_wconf 89' lang='lat'>1868.</span> <span class='ocrx_word' id='word_1_453' title='bbox 802 2969 833 2999; x_wconf 85' lang='lat' dir='ltr'>p.</span> <span class='ocrx_word' id='word_1_454' title='bbox 851 2959 1040 2991; x_wconf 77' lang='lat'>481...493.</span> <span class='ocrx_word' id='word_1_455' title='bbox 1067 2959 1175 3000; x_wconf 91' lang='lat' dir='ltr'>paulo</span> <span class='ocrx_word' id='word_1_456' title='bbox 1195 2960 1339 2991; x_wconf 89' lang='lat' dir='ltr'>auctius</span> <span class='ocrx_word' id='word_1_457' title='bbox 1363 2960 1522 3001; x_wconf 87' lang='lat' dir='ltr'>repetita</span> <span class='ocrx_word' id='word_1_458' title='bbox 1544 2961 1582 2992; x_wconf 90' lang='lat' dir='ltr'>in</span> <span class='ocrx_word' id='word_1_459' title='bbox 1607 2960 1730 2992; x_wconf 87' lang='lat' dir='ltr'>Eiusd.</span> <span class='ocrx_word' id='word_1_460' title='bbox 1749 2962 1823 2993; x_wconf 76' lang='grc' dir='ltr'>Αιιε</span> 
     </span>
     <span class='ocr_line' id='line_1_48' title="bbox 194 3007 1819 3054; baseline 0.004 -16"><span class='ocrx_word' id='word_1_461' title='bbox 194 3008 226 3039; x_wconf 81' lang='lat' dir='ltr'>cl.</span> <span class='ocrx_word' id='word_1_462' title='bbox 246 3007 535 3048; x_wconf 76' lang='lat' dir='ltr'>Alterthumswiss.</span> <span class='ocrx_word' id='word_1_463' title='bbox 551 3007 724 3049; x_wconf 75' lang='lat' dir='ltr'>Popzcldre</span> <span class='ocrx_word' id='word_1_464' title='bbox 743 3009 919 3049; x_wconf 65' lang='lat' dir='ltr'>Aufscl‘tze.</span> <span class='ocrx_word' id='word_1_465' title='bbox 945 3009 1046 3042; x_wconf 77' lang='lat' dir='ltr'>Bomz</span> <span class='ocrx_word' id='word_1_466' title='bbox 1065 3010 1161 3042; x_wconf 87' lang='grc'><strong>1868.</strong></span> <span class='ocrx_word' id='word_1_467' title='bbox 1183 3009 1231 3042; x_wconf 87' lang='lat'>80.</span> <span class='ocrx_word' id='word_1_468' title='bbox 1255 3021 1289 3052; x_wconf 90' lang='lat' dir='ltr'>p.</span> <span class='ocrx_word' id='word_1_469' title='bbox 1308 3012 1495 3043; x_wconf 80' lang='lat'>403...420.</span> <span class='ocrx_word' id='word_1_470' title='bbox 1596 3012 1629 3051; x_wconf 88' lang='lat'>3)</span> <span class='ocrx_word' id='word_1_471' title='bbox 1649 3011 1819 3054; x_wconf 78' lang='lat' dir='ltr'>catalog.</span> 
     </span>
     <span class='ocr_line' id='line_1_49' title="bbox 195 3057 1826 3104; baseline 0.003 -14"><span class='ocrx_word' id='word_1_472' title='bbox 195 3057 465 3100; x_wconf 81' lang='lat' dir='ltr'>ehirographor.</span> <span class='ocrx_word' id='word_1_473' title='bbox 487 3059 525 3091; x_wconf 87' lang='lat' dir='ltr'>in</span> <span class='ocrx_word' id='word_1_474' title='bbox 541 3058 628 3090; x_wconf 84' lang='lat' dir='ltr'>bibl.</span> <span class='ocrx_word' id='word_1_475' title='bbox 643 3058 745 3092; x_wconf 86' lang='lat' dir='ltr'>acad.</span> <span class='ocrx_word' id='word_1_476' title='bbox 764 3059 877 3093; x_wconf 83' lang='lat' dir='ltr'>Bonn.</span> <span class='ocrx_word' id='word_1_477' title='bbox 896 3062 1133 3093; x_wconf 82' lang='lat' dir='ltr'>servatorum.</span> <span class='ocrx_word' id='word_1_478' title='bbox 1160 3061 1274 3096; x_wconf 87' lang='lat' dir='ltr'>Bonn.</span> <span class='ocrx_word' id='word_1_479' title='bbox 1290 3062 1414 3094; x_wconf 84' lang='grc'><strong>1858...</strong></span> <span class='ocrx_word' id='word_1_480' title='bbox 1426 3062 1524 3095; x_wconf 80' lang='grc'><strong>1865.</strong></span> <span class='ocrx_word' id='word_1_481' title='bbox 1543 3061 1589 3098; x_wconf 80' lang='lat'>4⁰.</span> <span class='ocrx_word' id='word_1_482' title='bbox 1607 3063 1826 3104; x_wconf 83' lang='lat' dir='ltr'>p.97...100.-</span> 
     </span>
    </p>
   </div>
  </div>
 </body>
</html>
