<?xml version="1.0" encoding="UTF-8"?>
<!DOCTYPE html PUBLIC "-//W3C//DTD XHTML 1.0 Transitional//EN"
    "http://www.w3.org/TR/xhtml1/DTD/xhtml1-transitional.dtd">
<html xmlns="http://www.w3.org/1999/xhtml" xml:lang="en" lang="en">
 <head>
  <title>
</title>
<meta http-equiv="Content-Type" content="text/html;charset=utf-8" />
  <meta name='ocr-system' content='tesseract 3.04.00' />
  <meta name='ocr-capabilities' content='ocr_page ocr_carea ocr_par ocr_line ocrx_word'/>
</head>
<body>
  <div class='ocr_page' id='page_1' title='image "./operaquaereperir02huttuoft/operaquaereperir02huttuoft_0760.png"; bbox 0 0 2119 3522; ppageno 0'>
   <div class='ocr_carea' id='block_1_1' title="bbox 310 184 1504 228">
    <p class='ocr_par' dir='ltr' id='par_1_1' title="bbox 310 184 1504 228">
     <span class='ocr_line' id='line_1_1' title="bbox 310 184 1504 228; baseline -0.01 -3"><span class='ocrx_word' id='word_1_1' title='bbox 310 184 402 228; x_wconf 73' lang='grc'>746</span> <span class='ocrx_word' id='word_1_2' title='bbox 818 194 1083 218; x_wconf 77' lang='lat' dir='ltr'>COMMENTARIVS</span> <span class='ocrx_word' id='word_1_3' title='bbox 1106 193 1153 215; x_wconf 86' lang='lat' dir='ltr'>AD</span> <span class='ocrx_word' id='word_1_4' title='bbox 1177 193 1250 215; x_wconf 84' lang='lat' dir='ltr'>EPP.</span> <span class='ocrx_word' id='word_1_5' title='bbox 1267 193 1298 215; x_wconf 66' lang='grc' dir='ltr'>Ο.</span> <span class='ocrx_word' id='word_1_6' title='bbox 1315 193 1349 215; x_wconf 87' lang='lat' dir='ltr'>V.</span> <span class='ocrx_word' id='word_1_7' title='bbox 1373 192 1450 214; x_wconf 76' lang='lat' dir='ltr'>vot..</span> <span class='ocrx_word' id='word_1_8' title='bbox 1468 192 1504 214; x_wconf 87' lang='lat'>11.</span> 
     </span>
    </p>
   </div>
   <div class='ocr_carea' id='block_1_2' title="bbox 305 256 2010 354">
    <p class='ocr_par' dir='ltr' id='par_1_2' title="bbox 305 256 2010 354">
     <span class='ocr_line' id='line_1_2' title="bbox 305 256 2010 354; baseline -0.006 -9"><span class='ocrx_word' id='word_1_9' title='bbox 305 256 527 354; x_wconf 56' lang='grc' dir='ltr'>ξξὲοοξιζιῗυί</span> <span class='ocrx_word' id='word_1_10' title='bbox 550 308 702 350; x_wconf 68' lang='lat' dir='ltr'>mecum]</span> <span class='ocrx_word' id='word_1_11' title='bbox 734 305 883 349; x_wconf 87' lang='lat' dir='ltr'>Apertis</span> <span class='ocrx_word' id='word_1_12' title='bbox 913 304 1036 338; x_wconf 88' lang='lat' dir='ltr'>verbis</span> <span class='ocrx_word' id='word_1_13' title='bbox 1061 302 1238 337; x_wconf 82' lang='lat' dir='ltr'>Galienus</span> <span class='ocrx_word' id='word_1_14' title='bbox 1267 302 1551 348; x_wconf 75' lang='lat' dir='ltr'>praedicatorum</span> <span class='ocrx_word' id='word_1_15' title='bbox 1576 301 1663 336; x_wconf 89' lang='lat' dir='ltr'>fidei</span> <span class='ocrx_word' id='word_1_16' title='bbox 1693 300 1814 335; x_wconf 89' lang='lat' dir='ltr'>zelum</span> <span class='ocrx_word' id='word_1_17' title='bbox 1838 300 2010 335; x_wconf 87' lang='lat' dir='ltr'>simulan-</span> 
     </span>
    </p>
   </div>
   <div class='ocr_carea' id='block_1_3' title="bbox 305 359 2011 626">
    <p class='ocr_par' dir='ltr' id='par_1_3' title="bbox 305 359 2011 626">
     <span class='ocr_line' id='line_1_3' title="bbox 394 359 1081 403; baseline -0.009 -5"><span class='ocrx_word' id='word_1_18' title='bbox 394 365 487 398; x_wconf 87' lang='lat' dir='ltr'>tium</span> <span class='ocrx_word' id='word_1_19' title='bbox 513 373 641 397; x_wconf 88' lang='lat' dir='ltr'>verum</span> <span class='ocrx_word' id='word_1_20' title='bbox 667 360 858 395; x_wconf 86' lang='lat' dir='ltr'>consilium</span> <span class='ocrx_word' id='word_1_21' title='bbox 885 359 1081 403; x_wconf 70' lang='lat' dir='ltr'>eloquitur.</span> 
     </span>
     <span class='ocr_line' id='line_1_4' title="bbox 305 421 500 463; baseline -0.01 -9"><span class='ocrx_word' id='word_1_22' title='bbox 305 424 390 463; x_wconf 78' lang='lat' dir='ltr'>Pag.</span> <span class='ocrx_word' id='word_1_23' title='bbox 409 421 500 457; x_wconf 81' lang='grc'>276.</span> 
     </span>
     <span class='ocr_line' id='line_1_5' title="bbox 305 472 857 517; baseline -0.007 -8"><span class='ocrx_word' id='word_1_24' title='bbox 305 479 325 509; x_wconf 89' lang='grc'><strong>6</strong></span> <span class='ocrx_word' id='word_1_25' title='bbox 350 476 391 509; x_wconf 77' lang='lat' dir='ltr'>in</span> <span class='ocrx_word' id='word_1_26' title='bbox 414 474 559 509; x_wconf 71' lang='lat' dir='ltr'>nomine</span> <span class='ocrx_word' id='word_1_27' title='bbox 582 474 656 517; x_wconf 65' lang='lat' dir='ltr'>eta]</span> <span class='ocrx_word' id='word_1_28' title='bbox 683 472 727 506; x_wconf 91' lang='lat' dir='ltr'>cf.</span> <span class='ocrx_word' id='word_1_29' title='bbox 745 473 857 506; x_wconf 73' lang='lat'>25529.</span> 
     </span>
     <span class='ocr_line' id='line_1_6' title="bbox 350 522 2011 573; baseline -0.005 -9"><span class='ocrx_word' id='word_1_30' title='bbox 350 530 518 573; x_wconf 76' lang='lat' dir='ltr'>Bremen]</span> <span class='ocrx_word' id='word_1_31' title='bbox 544 528 678 563; x_wconf 86' lang='lat' dir='ltr'>Brema</span> <span class='ocrx_word' id='word_1_32' title='bbox 701 528 862 572; x_wconf 86' lang='lat' dir='ltr'>primum</span> <span class='ocrx_word' id='word_1_33' title='bbox 886 526 1086 571; x_wconf 83' lang='lat' dir='ltr'>provinciae</span> <span class='ocrx_word' id='word_1_34' title='bbox 1112 525 1279 559; x_wconf 77' lang='lat' dir='ltr'>Saxoniae</span> <span class='ocrx_word' id='word_1_35' title='bbox 1302 525 1507 569; x_wconf 86' lang='lat' dir='ltr'>prioratum</span> <span class='ocrx_word' id='word_1_36' title='bbox 1531 524 1569 558; x_wconf 90' lang='lat' dir='ltr'>in</span> <span class='ocrx_word' id='word_1_37' title='bbox 1594 523 1757 568; x_wconf 81' lang='lat' dir='ltr'>capitulo</span> <span class='ocrx_word' id='word_1_38' title='bbox 1781 522 2011 568; x_wconf 78' lang='lat' dir='ltr'>provinciali,</span> 
     </span>
     <span class='ocr_line' id='line_1_7' title="bbox 394 580 1688 626; baseline -0.004 -7"><span class='ocrx_word' id='word_1_39' title='bbox 394 586 431 619; x_wconf 88' lang='lat' dir='ltr'>in</span> <span class='ocrx_word' id='word_1_40' title='bbox 457 585 586 619; x_wconf 78' lang='lat' dir='ltr'>dextro</span> <span class='ocrx_word' id='word_1_41' title='bbox 611 584 733 626; x_wconf 87' lang='lat' dir='ltr'>choro,</span> <span class='ocrx_word' id='word_1_42' title='bbox 759 583 932 617; x_wconf 84' lang='lat' dir='ltr'>habebat.</span> <span class='ocrx_word' id='word_1_43' title='bbox 979 581 1123 616; x_wconf 85' lang='lat' dir='ltr'>Echard</span> <span class='ocrx_word' id='word_1_44' title='bbox 1149 580 1242 615; x_wconf 81' lang='lat' dir='ltr'>Scrr.</span> <span class='ocrx_word' id='word_1_45' title='bbox 1260 580 1337 615; x_wconf 89' lang='lat' dir='ltr'>ord.</span> <span class='ocrx_word' id='word_1_46' title='bbox 1355 580 1503 625; x_wconf 71' lang='lat' dir='ltr'>praedic.</span> <span class='ocrx_word' id='word_1_47' title='bbox 1522 580 1549 614; x_wconf 90' lang='lat' dir='ltr'>I.</span> <span class='ocrx_word' id='word_1_48' title='bbox 1566 592 1600 624; x_wconf 90' lang='lat' dir='ltr'>p.</span> <span class='ocrx_word' id='word_1_49' title='bbox 1617 592 1688 614; x_wconf 79' lang='lat' dir='ltr'>xrv.</span> 
     </span>
    </p>
   </div>
   <div class='ocr_carea' id='block_1_4' title="bbox 828 671 1489 762">
    <p class='ocr_par' dir='ltr' id='par_1_4' title="bbox 828 671 1489 762">
     <span class='ocr_line' id='line_1_8' title="bbox 828 671 1489 713; baseline -0.005 -7"><span class='ocrx_word' id='word_1_50' title='bbox 828 674 1056 707; x_wconf 86' lang='lat' dir='ltr'>Hermannus</span> <span class='ocrx_word' id='word_1_51' title='bbox 1080 672 1261 705; x_wconf 88' lang='lat' dir='ltr'>Buschius</span> <span class='ocrx_word' id='word_1_52' title='bbox 1284 671 1489 713; x_wconf 88' lang='lat' dir='ltr'>Pasiphilus</span> 
     </span>
     <span class='ocr_line' id='line_1_9' title="bbox 880 728 1438 762; baseline -0.005 0"><span class='ocrx_word' id='word_1_53' title='bbox 880 729 1009 762; x_wconf 87' lang='lat' dir='ltr'>Ioanni</span> <span class='ocrx_word' id='word_1_54' title='bbox 1034 728 1208 761; x_wconf 84' lang='lat' dir='ltr'>Reuchlin</span> <span class='ocrx_word' id='word_1_55' title='bbox 1232 728 1438 760; x_wconf 88' lang='lat' dir='ltr'>Phorcensi.</span> 
     </span>
    </p>
   </div>
   <div class='ocr_carea' id='block_1_5' title="bbox 393 804 2019 3027">
    <p class='ocr_par' dir='ltr' id='par_1_5' title="bbox 393 804 2019 3027">
     <span class='ocr_line' id='line_1_10' title="bbox 395 804 2014 852; baseline -0.004 -10"><span class='ocrx_word' id='word_1_56' title='bbox 395 810 552 843; x_wconf 80' lang='lat' dir='ltr'>Salutem</span> <span class='ocrx_word' id='word_1_57' title='bbox 583 814 619 842; x_wconf 89' lang='lat' dir='ltr'>et</span> <span class='ocrx_word' id='word_1_58' title='bbox 649 812 810 852; x_wconf 85' lang='lat' dir='ltr'>optatam</span> <span class='ocrx_word' id='word_1_59' title='bbox 839 808 1045 847; x_wconf 88' lang='lat' dir='ltr'>victoriam,</span> <span class='ocrx_word' id='word_1_60' title='bbox 1075 817 1182 849; x_wconf 88' lang='lat' dir='ltr'>quam</span> <span class='ocrx_word' id='word_1_61' title='bbox 1213 807 1362 838; x_wconf 88' lang='lat' dir='ltr'>ominari</span> <span class='ocrx_word' id='word_1_62' title='bbox 1394 809 1431 839; x_wconf 91' lang='lat' dir='ltr'>et</span> <span class='ocrx_word' id='word_1_63' title='bbox 1462 806 1600 848; x_wconf 88' lang='lat' dir='ltr'>precari</span> <span class='ocrx_word' id='word_1_64' title='bbox 1632 805 1697 837; x_wconf 89' lang='lat' dir='ltr'>tibi</span> <span class='ocrx_word' id='word_1_65' title='bbox 1729 815 1800 836; x_wconf 93' lang='lat' dir='ltr'>non</span> <span class='ocrx_word' id='word_1_66' title='bbox 1830 804 2014 845; x_wconf 77' lang='lat' dir='ltr'>desistam,</span> 
     </span>
     <span class='ocr_line' id='line_1_11' title="bbox 394 861 2016 908; baseline -0.004 -10"><span class='ocrx_word' id='word_1_67' title='bbox 394 863 513 908; x_wconf 83' lang='lat' dir='ltr'>quoad</span> <span class='ocrx_word' id='word_1_68' title='bbox 539 865 617 898; x_wconf 90' lang='lat' dir='ltr'>eius</span> <span class='ocrx_word' id='word_1_69' title='bbox 641 868 675 896; x_wconf 92' lang='lat' dir='ltr'>te</span> <span class='ocrx_word' id='word_1_70' title='bbox 700 867 895 906; x_wconf 83' lang='lat' dir='ltr'>compotem</span> <span class='ocrx_word' id='word_1_71' title='bbox 919 863 1081 895; x_wconf 86' lang='lat' dir='ltr'>effectum</span> <span class='ocrx_word' id='word_1_72' title='bbox 1106 866 1140 895; x_wconf 91' lang='lat' dir='ltr'>te</span> <span class='ocrx_word' id='word_1_73' title='bbox 1164 864 1381 904; x_wconf 83' lang='lat' dir='ltr'>cognovero!</span> <span class='ocrx_word' id='word_1_74' title='bbox 1420 861 1523 902; x_wconf 79' lang='lat' dir='ltr'>Quod</span> <span class='ocrx_word' id='word_1_75' title='bbox 1549 871 1651 904; x_wconf 88' lang='lat' dir='ltr'>spero</span> <span class='ocrx_word' id='word_1_76' title='bbox 1677 861 1784 893; x_wconf 87' lang='lat' dir='ltr'>etiam</span> <span class='ocrx_word' id='word_1_77' title='bbox 1808 861 1916 892; x_wconf 89' lang='lat' dir='ltr'>citius</span> <span class='ocrx_word' id='word_1_78' title='bbox 1940 869 2016 892; x_wconf 84' lang='lat' dir='ltr'>mea</span> 
     </span>
     <span class='ocr_line' id='line_1_12' title="bbox 395 915 2015 961; baseline -0.004 -8"><span class='ocrx_word' id='word_1_79' title='bbox 395 926 430 954; x_wconf 88' lang='lat' dir='ltr'>ct</span> <span class='ocrx_word' id='word_1_80' title='bbox 461 922 615 953; x_wconf 89' lang='lat' dir='ltr'>omnium</span> <span class='ocrx_word' id='word_1_81' title='bbox 642 922 834 953; x_wconf 89' lang='lat' dir='ltr'>amicorum</span> <span class='ocrx_word' id='word_1_82' title='bbox 859 919 1110 961; x_wconf 81' lang='lat' dir='ltr'>expectatione</span> <span class='ocrx_word' id='word_1_83' title='bbox 1135 918 1302 950; x_wconf 87' lang='lat' dir='ltr'>futurum.</span> <span class='ocrx_word' id='word_1_84' title='bbox 1349 918 1379 949; x_wconf 93' lang='lat' dir='ltr'>O</span> <span class='ocrx_word' id='word_1_85' title='bbox 1404 918 1435 949; x_wconf 90' lang='lat' dir='ltr'>si</span> <span class='ocrx_word' id='word_1_86' title='bbox 1459 917 1596 949; x_wconf 88' lang='lat' dir='ltr'>videres</span> <span class='ocrx_word' id='word_1_87' title='bbox 1620 927 1716 948; x_wconf 91' lang='lat' dir='ltr'>nunc</span> <span class='ocrx_word' id='word_1_88' title='bbox 1741 926 1804 948; x_wconf 89' lang='lat' dir='ltr'>ora</span> <span class='ocrx_word' id='word_1_89' title='bbox 1830 920 1867 948; x_wconf 88' lang='lat' dir='ltr'>et</span> <span class='ocrx_word' id='word_1_90' title='bbox 1891 915 2015 948; x_wconf 90' lang='lat' dir='ltr'>vultus</span> 
     </span>
     <span class='ocr_line' id='line_1_13' title="bbox 393 971 2017 1019; baseline -0.004 -10"><span class='ocrx_word' id='word_1_91' title='bbox 393 978 714 1019; x_wconf 82' lang='lat' dir='ltr'>Theologistarum,</span> <span class='ocrx_word' id='word_1_92' title='bbox 740 976 823 1008; x_wconf 81' lang='lat' dir='ltr'>talis</span> <span class='ocrx_word' id='word_1_93' title='bbox 848 979 901 1007; x_wconf 91' lang='lat' dir='ltr'>est</span> <span class='ocrx_word' id='word_1_94' title='bbox 926 975 1092 1007; x_wconf 89' lang='lat' dir='ltr'>furientis</span> <span class='ocrx_word' id='word_1_95' title='bbox 1117 974 1266 1006; x_wconf 83' lang='lat' dir='ltr'>Invidiae</span> <span class='ocrx_word' id='word_1_96' title='bbox 1293 975 1440 1015; x_wconf 87' lang='lat' dir='ltr'>species,</span> <span class='ocrx_word' id='word_1_97' title='bbox 1468 973 1552 1005; x_wconf 88' lang='lat' dir='ltr'>talis</span> <span class='ocrx_word' id='word_1_98' title='bbox 1577 976 1630 1004; x_wconf 88' lang='lat' dir='ltr'>est</span> <span class='ocrx_word' id='word_1_99' title='bbox 1646 972 1803 1004; x_wconf 83' lang='lat' dir='ltr'>Insaniae</span> <span class='ocrx_word' id='word_1_100' title='bbox 1828 971 2017 1003; x_wconf 83' lang='lat' dir='ltr'><strong>delirantis</strong></span> 
     </span>
     <span class='ocr_line' id='line_1_14' title="bbox 394 1027 2017 1073; baseline -0.004 -9"><span class='ocrx_word' id='word_1_101' title='bbox 394 1034 478 1065; x_wconf 89' lang='lat' dir='ltr'>viva</span> <span class='ocrx_word' id='word_1_102' title='bbox 502 1032 635 1073; x_wconf 87' lang='lat' dir='ltr'>effigies</span> <span class='ocrx_word' id='word_1_103' title='bbox 653 1043 660 1062; x_wconf 90' lang='lat'>:</span> <span class='ocrx_word' id='word_1_104' title='bbox 678 1031 814 1063; x_wconf 82' lang='lat' dir='ltr'>inflatis</span> <span class='ocrx_word' id='word_1_105' title='bbox 843 1030 966 1063; x_wconf 91' lang='lat' dir='ltr'>buccis</span> <span class='ocrx_word' id='word_1_106' title='bbox 998 1029 1215 1062; x_wconf 84' lang='lat' dir='ltr'>contrahunt</span> <span class='ocrx_word' id='word_1_107' title='bbox 1241 1029 1450 1071; x_wconf 89' lang='lat' dir='ltr'>supercilia,</span> <span class='ocrx_word' id='word_1_108' title='bbox 1482 1031 1652 1070; x_wconf 87' lang='lat' dir='ltr'>caperant</span> <span class='ocrx_word' id='word_1_109' title='bbox 1682 1027 1851 1067; x_wconf 89' lang='lat' dir='ltr'>frontem,</span> <span class='ocrx_word' id='word_1_110' title='bbox 1883 1027 2017 1059; x_wconf 85' lang='lat' dir='ltr'>lumina</span> 
     </span>
     <span class='ocr_line' id='line_1_15' title="bbox 395 1083 2016 1129; baseline -0.004 -9"><span class='ocrx_word' id='word_1_111' title='bbox 395 1089 531 1129; x_wconf 77' lang='lat' dir='ltr'>tragica</span> <span class='ocrx_word' id='word_1_112' title='bbox 562 1087 711 1129; x_wconf 84' lang='lat' dir='ltr'>quadam</span> <span class='ocrx_word' id='word_1_113' title='bbox 743 1087 913 1118; x_wconf 86' lang='lat' dir='ltr'>torvitate</span> <span class='ocrx_word' id='word_1_114' title='bbox 944 1085 1169 1125; x_wconf 75' lang='lat' dir='ltr'>horrificant,</span> <span class='ocrx_word' id='word_1_115' title='bbox 1202 1084 1354 1126; x_wconf 86' lang='lat' dir='ltr'>pallent,</span> <span class='ocrx_word' id='word_1_116' title='bbox 1388 1085 1531 1124; x_wconf 87' lang='lat' dir='ltr'>rubent,</span> <span class='ocrx_word' id='word_1_117' title='bbox 1557 1087 1720 1126; x_wconf 80' lang='lat' dir='ltr'>stupent,</span> <span class='ocrx_word' id='word_1_118' title='bbox 1750 1085 1910 1124; x_wconf 81' lang='lat' dir='ltr'>gemunt,</span> <span class='ocrx_word' id='word_1_119' title='bbox 1935 1083 2016 1114; x_wconf 89' lang='lat' dir='ltr'>stri-</span> 
     </span>
     <span class='ocr_line' id='line_1_16' title="bbox 394 1139 2017 1186; baseline -0.004 -10"><span class='ocrx_word' id='word_1_120' title='bbox 394 1145 552 1186; x_wconf 89' lang='lat' dir='ltr'>duntque</span> <span class='ocrx_word' id='word_1_121' title='bbox 577 1143 753 1175; x_wconf 89' lang='lat' dir='ltr'>dentibus.</span> <span class='ocrx_word' id='word_1_122' title='bbox 803 1141 919 1181; x_wconf 78' lang='lat' dir='ltr'>Quid?</span> <span class='ocrx_word' id='word_1_123' title='bbox 944 1141 1038 1182; x_wconf 89' lang='lat' dir='ltr'>quod</span> <span class='ocrx_word' id='word_1_124' title='bbox 1063 1144 1165 1173; x_wconf 91' lang='lat' dir='ltr'>tanta</span> <span class='ocrx_word' id='word_1_125' title='bbox 1188 1140 1259 1172; x_wconf 91' lang='lat' dir='ltr'>bile</span> <span class='ocrx_word' id='word_1_126' title='bbox 1284 1144 1456 1182; x_wconf 81' lang='lat' dir='ltr'>tantaque</span> <span class='ocrx_word' id='word_1_127' title='bbox 1486 1139 1754 1182; x_wconf 77' lang='lat' dir='ltr'>perturbatione</span> <span class='ocrx_word' id='word_1_128' title='bbox 1778 1139 2017 1179; x_wconf 77' lang='lat' dir='ltr'>concitantur,</span> 
     </span>
     <span class='ocr_line' id='line_1_17' title="bbox 396 1195 2017 1241; baseline -0.004 -9"><span class='ocrx_word' id='word_1_129' title='bbox 396 1204 434 1232; x_wconf 89' lang='lat' dir='ltr'>ut</span> <span class='ocrx_word' id='word_1_130' title='bbox 458 1200 565 1231; x_wconf 88' lang='lat' dir='ltr'>etiam</span> <span class='ocrx_word' id='word_1_131' title='bbox 581 1199 700 1241; x_wconf 84' lang='lat' dir='ltr'>impiis</span> <span class='ocrx_word' id='word_1_132' title='bbox 720 1197 932 1240; x_wconf 81' lang='lat' dir='ltr'>quandoque</span> <span class='ocrx_word' id='word_1_133' title='bbox 948 1197 1099 1229; x_wconf 88' lang='lat' dir='ltr'>vocibus</span> <span class='ocrx_word' id='word_1_134' title='bbox 1117 1206 1187 1228; x_wconf 89' lang='lat' dir='ltr'>non</span> <span class='ocrx_word' id='word_1_135' title='bbox 1205 1196 1421 1229; x_wconf 74' lang='lat' dir='ltr'>abstineant.</span> <span class='ocrx_word' id='word_1_136' title='bbox 1450 1196 1540 1227; x_wconf 90' lang='lat' dir='ltr'>Nam</span> <span class='ocrx_word' id='word_1_137' title='bbox 1556 1195 1658 1227; x_wconf 88' lang='lat' dir='ltr'>modo</span> <span class='ocrx_word' id='word_1_138' title='bbox 1673 1195 2017 1227; x_wconf 86' lang='lat' dir='ltr'>Reverendissimum</span> 
     </span>
     <span class='ocr_line' id='line_1_18' title="bbox 394 1250 2016 1293; baseline -0.003 -7"><span class='ocrx_word' id='word_1_139' title='bbox 394 1254 615 1286; x_wconf 86' lang='lat' dir='ltr'>Cardinalem</span> <span class='ocrx_word' id='word_1_140' title='bbox 633 1253 838 1285; x_wconf 86' lang='lat' dir='ltr'>Grimanum</span> <span class='ocrx_word' id='word_1_141' title='bbox 865 1257 905 1285; x_wconf 88' lang='lat' dir='ltr'>ut</span> <span class='ocrx_word' id='word_1_142' title='bbox 929 1252 1111 1284; x_wconf 89' lang='lat' dir='ltr'>indoctum</span> <span class='ocrx_word' id='word_1_143' title='bbox 1136 1252 1364 1293; x_wconf 83' lang='lat' dir='ltr'>cavillantur,</span> <span class='ocrx_word' id='word_1_144' title='bbox 1390 1253 1492 1284; x_wconf 90' lang='lat' dir='ltr'>modo</span> <span class='ocrx_word' id='word_1_145' title='bbox 1518 1255 1558 1283; x_wconf 90' lang='lat' dir='ltr'>ut</span> <span class='ocrx_word' id='word_1_146' title='bbox 1581 1261 1713 1293; x_wconf 85' lang='lat' dir='ltr'>semper</span> <span class='ocrx_word' id='word_1_147' title='bbox 1737 1254 1940 1292; x_wconf 86' lang='lat' dir='ltr'>suspectum</span> <span class='ocrx_word' id='word_1_148' title='bbox 1964 1250 2016 1282; x_wconf 91' lang='lat' dir='ltr'>in-</span> 
     </span>
     <span class='ocr_line' id='line_1_19' title="bbox 395 1306 2017 1350; baseline -0.003 -8"><span class='ocrx_word' id='word_1_149' title='bbox 395 1311 538 1344; x_wconf 84' lang='lat' dir='ltr'>famant.</span> <span class='ocrx_word' id='word_1_150' title='bbox 586 1311 765 1341; x_wconf 59' lang='lat' dir='ltr'>Praeterea</span> <span class='ocrx_word' id='word_1_151' title='bbox 788 1309 919 1341; x_wconf 86' lang='lat' dir='ltr'>audent</span> <span class='ocrx_word' id='word_1_152' title='bbox 944 1311 1064 1350; x_wconf 87' lang='lat' dir='ltr'>aperte</span> <span class='ocrx_word' id='word_1_153' title='bbox 1088 1309 1221 1340; x_wconf 85' lang='lat' dir='ltr'>iactare</span> <span class='ocrx_word' id='word_1_154' title='bbox 1247 1308 1505 1349; x_wconf 87' lang='lat' dir='ltr'>perversissimi</span> <span class='ocrx_word' id='word_1_155' title='bbox 1530 1307 1703 1348; x_wconf 88' lang='lat' dir='ltr'>homines,</span> <span class='ocrx_word' id='word_1_156' title='bbox 1730 1307 1802 1338; x_wconf 89' lang='lat' dir='ltr'>nisi</span> <span class='ocrx_word' id='word_1_157' title='bbox 1827 1306 2017 1338; x_wconf 88' lang='lat' dir='ltr'>secundum</span> 
     </span>
     <span class='ocr_line' id='line_1_20' title="bbox 397 1362 2016 1408; baseline -0.003 -10"><span class='ocrx_word' id='word_1_158' title='bbox 397 1377 432 1399; x_wconf 87' lang='lat' dir='ltr'>se</span> <span class='ocrx_word' id='word_1_159' title='bbox 458 1366 731 1408; x_wconf 82' lang='lat' dir='ltr'>pronunciatum</span> <span class='ocrx_word' id='word_1_160' title='bbox 761 1366 799 1397; x_wconf 89' lang='lat' dir='ltr'>in</span> <span class='ocrx_word' id='word_1_161' title='bbox 822 1365 918 1397; x_wconf 88' lang='lat' dir='ltr'>Urbe</span> <span class='ocrx_word' id='word_1_162' title='bbox 942 1364 1066 1405; x_wconf 87' lang='lat' dir='ltr'>fuerit,</span> <span class='ocrx_word' id='word_1_163' title='bbox 1098 1363 1142 1396; x_wconf 89' lang='lat' dir='ltr'>ab</span> <span class='ocrx_word' id='word_1_164' title='bbox 1166 1364 1314 1396; x_wconf 87' lang='lat' dir='ltr'>ecclesia</span> <span class='ocrx_word' id='word_1_165' title='bbox 1339 1368 1373 1396; x_wconf 91' lang='lat' dir='ltr'>et</span> <span class='ocrx_word' id='word_1_166' title='bbox 1397 1375 1532 1396; x_wconf 89' lang='lat' dir='ltr'>summo</span> <span class='ocrx_word' id='word_1_167' title='bbox 1557 1364 1635 1395; x_wconf 90' lang='lat' dir='ltr'>eius</span> <span class='ocrx_word' id='word_1_168' title='bbox 1658 1362 1831 1394; x_wconf 90' lang='lat' dir='ltr'>Pontifice</span> <span class='ocrx_word' id='word_1_169' title='bbox 1861 1372 1898 1394; x_wconf 90' lang='lat' dir='ltr'>se</span> <span class='ocrx_word' id='word_1_170' title='bbox 1926 1362 2016 1394; x_wconf 88' lang='lat' dir='ltr'>defe-</span> 
     </span>
     <span class='ocr_line' id='line_1_21' title="bbox 396 1419 2016 1460; baseline -0.003 -6"><span class='ocrx_word' id='word_1_171' title='bbox 396 1426 517 1454; x_wconf 81' lang='lat' dir='ltr'>cturos</span> <span class='ocrx_word' id='word_1_172' title='bbox 542 1425 577 1453; x_wconf 88' lang='lat' dir='ltr'>et</span> <span class='ocrx_word' id='word_1_173' title='bbox 602 1421 757 1453; x_wconf 82' lang='lat' dir='ltr'>schisma</span> <span class='ocrx_word' id='word_1_174' title='bbox 774 1431 905 1453; x_wconf 91' lang='lat' dir='ltr'>novum</span> <span class='ocrx_word' id='word_1_175' title='bbox 932 1421 1188 1459; x_wconf 85' lang='lat' dir='ltr'>suscitaturos3</span> <span class='ocrx_word' id='word_1_176' title='bbox 1214 1420 1277 1451; x_wconf 91' lang='lat' dir='ltr'>alii</span> <span class='ocrx_word' id='word_1_177' title='bbox 1301 1420 1344 1452; x_wconf 92' lang='lat' dir='ltr'>ad</span> <span class='ocrx_word' id='word_1_178' title='bbox 1368 1419 1526 1452; x_wconf 83' lang='lat' dir='ltr'>futurum</span> <span class='ocrx_word' id='word_1_179' title='bbox 1544 1419 1735 1451; x_wconf 90' lang='lat' dir='ltr'>concilium</span> <span class='ocrx_word' id='word_1_180' title='bbox 1761 1421 2016 1460; x_wconf 83' lang='lat' dir='ltr'>provocaturos</span> 
     </span>
     <span class='ocr_line' id='line_1_22' title="bbox 395 1474 2017 1518; baseline -0.002 -9"><span class='ocrx_word' id='word_1_181' title='bbox 395 1488 431 1509; x_wconf 90' lang='lat' dir='ltr'>se</span> <span class='ocrx_word' id='word_1_182' title='bbox 454 1477 653 1516; x_wconf 81' lang='lat' dir='ltr'>minantur3</span> <span class='ocrx_word' id='word_1_183' title='bbox 685 1477 747 1508; x_wconf 91' lang='lat' dir='ltr'>alii</span> <span class='ocrx_word' id='word_1_184' title='bbox 778 1477 901 1508; x_wconf 86' lang='lat' dir='ltr'>dicunt</span> <span class='ocrx_word' id='word_1_185' title='bbox 927 1476 1095 1518; x_wconf 90' lang='lat' dir='ltr'>quicquid</span> <span class='ocrx_word' id='word_1_186' title='bbox 1125 1480 1252 1508; x_wconf 91' lang='lat' dir='ltr'>contra</span> <span class='ocrx_word' id='word_1_187' title='bbox 1276 1486 1313 1507; x_wconf 90' lang='lat' dir='ltr'>se</span> <span class='ocrx_word' id='word_1_188' title='bbox 1343 1476 1512 1508; x_wconf 86' lang='lat' dir='ltr'>statuerit</span> <span class='ocrx_word' id='word_1_189' title='bbox 1536 1475 1652 1517; x_wconf 88' lang='lat' dir='ltr'>Papa,</span> <span class='ocrx_word' id='word_1_190' title='bbox 1684 1474 1819 1506; x_wconf 90' lang='lat' dir='ltr'>nullius</span> <span class='ocrx_word' id='word_1_191' title='bbox 1849 1475 2017 1506; x_wconf 87' lang='lat' dir='ltr'>momenti</span> 
     </span>
     <span class='ocr_line' id='line_1_23' title="bbox 394 1529 2017 1575; baseline -0.002 -10"><span class='ocrx_word' id='word_1_192' title='bbox 394 1544 487 1573; x_wconf 85' lang='lat' dir='ltr'>esse,</span> <span class='ocrx_word' id='word_1_193' title='bbox 519 1544 635 1575; x_wconf 87' lang='lat' dir='ltr'>neque</span> <span class='ocrx_word' id='word_1_194' title='bbox 659 1543 722 1574; x_wconf 89' lang='lat' dir='ltr'>pro</span> <span class='ocrx_word' id='word_1_195' title='bbox 755 1544 847 1574; x_wconf 84' lang='lat' dir='ltr'>papa</span> <span class='ocrx_word' id='word_1_196' title='bbox 877 1531 1074 1563; x_wconf 85' lang='lat' dir='ltr'>habendum</span> <span class='ocrx_word' id='word_1_197' title='bbox 1099 1542 1177 1563; x_wconf 87' lang='lat' dir='ltr'>eum</span> <span class='ocrx_word' id='word_1_198' title='bbox 1203 1532 1265 1574; x_wconf 87' lang='lat' dir='ltr'>qui</span> <span class='ocrx_word' id='word_1_199' title='bbox 1297 1532 1340 1563; x_wconf 90' lang='lat' dir='ltr'>ab</span> <span class='ocrx_word' id='word_1_200' title='bbox 1367 1542 1402 1564; x_wconf 88' lang='lat' dir='ltr'>se</span> <span class='ocrx_word' id='word_1_201' title='bbox 1428 1542 1565 1573; x_wconf 86' lang='lat' dir='ltr'>suaque</span> <span class='ocrx_word' id='word_1_202' title='bbox 1598 1530 1778 1563; x_wconf 86' lang='lat' dir='ltr'>sententia</span> <span class='ocrx_word' id='word_1_203' title='bbox 1807 1529 2017 1562; x_wconf 84' lang='lat' dir='ltr'>dissentiat:</span> 
     </span>
     <span class='ocr_line' id='line_1_24' title="bbox 394 1586 2016 1630; baseline -0.002 -9"><span class='ocrx_word' id='word_1_204' title='bbox 394 1593 466 1621; x_wconf 87' lang='lat' dir='ltr'>tam</span> <span class='ocrx_word' id='word_1_205' title='bbox 491 1599 595 1628; x_wconf 87' lang='lat' dir='ltr'>caeca,</span> <span class='ocrx_word' id='word_1_206' title='bbox 620 1591 692 1620; x_wconf 87' lang='lat' dir='ltr'>tam</span> <span class='ocrx_word' id='word_1_207' title='bbox 718 1598 881 1630; x_wconf 75' lang='lat' dir='ltr'>praeceps</span> <span class='ocrx_word' id='word_1_208' title='bbox 905 1592 960 1620; x_wconf 88' lang='lat' dir='ltr'>est</span> <span class='ocrx_word' id='word_1_209' title='bbox 985 1588 1194 1628; x_wconf 85' lang='lat' dir='ltr'>arrogantia</span> <span class='ocrx_word' id='word_1_210' title='bbox 1210 1588 1371 1627; x_wconf 88' lang='lat' dir='ltr'>istorum,</span> <span class='ocrx_word' id='word_1_211' title='bbox 1397 1592 1437 1619; x_wconf 85' lang='lat' dir='ltr'>ut</span> <span class='ocrx_word' id='word_1_212' title='bbox 1462 1597 1533 1618; x_wconf 89' lang='lat' dir='ltr'>non</span> <span class='ocrx_word' id='word_1_213' title='bbox 1558 1586 1690 1628; x_wconf 89' lang='lat' dir='ltr'>pudeat</span> <span class='ocrx_word' id='word_1_214' title='bbox 1706 1586 1811 1617; x_wconf 86' lang='lat' dir='ltr'>etiam</span> <span class='ocrx_word' id='word_1_215' title='bbox 1838 1586 2016 1627; x_wconf 87' lang='lat' dir='ltr'>postulare</span> 
     </span>
     <span class='ocr_line' id='line_1_25' title="bbox 395 1641 2017 1685; baseline -0.002 -9"><span class='ocrx_word' id='word_1_216' title='bbox 395 1644 588 1676; x_wconf 85' lang='lat' dir='ltr'>obnoxium</span> <span class='ocrx_word' id='word_1_217' title='bbox 622 1644 689 1676; x_wconf 85' lang='lat' dir='ltr'>sibi</span> <span class='ocrx_word' id='word_1_218' title='bbox 721 1643 901 1676; x_wconf 83' lang='lat' dir='ltr'>Summum</span> <span class='ocrx_word' id='word_1_219' title='bbox 931 1643 1138 1676; x_wconf 83' lang='lat' dir='ltr'>Pontificem</span> <span class='ocrx_word' id='word_1_220' title='bbox 1168 1653 1260 1684; x_wconf 87' lang='lat' dir='ltr'>esse,</span> <span class='ocrx_word' id='word_1_221' title='bbox 1298 1653 1334 1675; x_wconf 87' lang='lat' dir='ltr'>se</span> <span class='ocrx_word' id='word_1_222' title='bbox 1370 1643 1486 1685; x_wconf 89' lang='lat' dir='ltr'>palam</span> <span class='ocrx_word' id='word_1_223' title='bbox 1523 1642 1686 1673; x_wconf 90' lang='lat' dir='ltr'>omnibus</span> <span class='ocrx_word' id='word_1_224' title='bbox 1721 1641 1905 1673; x_wconf 83' lang='lat' dir='ltr'>ecclesiam</span> <span class='ocrx_word' id='word_1_225' title='bbox 1939 1651 2017 1673; x_wconf 90' lang='lat' dir='ltr'>esse</span> 
     </span>
     <span class='ocr_line' id='line_1_26' title="bbox 394 1698 2017 1741; baseline -0.002 -9"><span class='ocrx_word' id='word_1_226' title='bbox 394 1701 578 1739; x_wconf 83' lang='lat' dir='ltr'>dictitant,</span> <span class='ocrx_word' id='word_1_227' title='bbox 612 1700 688 1731; x_wconf 89' lang='lat' dir='ltr'>sine</span> <span class='ocrx_word' id='word_1_228' title='bbox 714 1710 750 1731; x_wconf 84' lang='lat' dir='ltr'>se</span> <span class='ocrx_word' id='word_1_229' title='bbox 774 1700 811 1731; x_wconf 91' lang='lat' dir='ltr'>in</span> <span class='ocrx_word' id='word_1_230' title='bbox 837 1700 939 1731; x_wconf 88' lang='lat' dir='ltr'>rebus</span> <span class='ocrx_word' id='word_1_231' title='bbox 970 1699 1048 1731; x_wconf 88' lang='lat' dir='ltr'>fidei</span> <span class='ocrx_word' id='word_1_232' title='bbox 1072 1700 1206 1741; x_wconf 90' lang='lat' dir='ltr'>Papam</span> <span class='ocrx_word' id='word_1_233' title='bbox 1237 1699 1328 1731; x_wconf 91' lang='lat' dir='ltr'>nihil</span> <span class='ocrx_word' id='word_1_234' title='bbox 1359 1699 1545 1731; x_wconf 86' lang='lat' dir='ltr'>decernere</span> <span class='ocrx_word' id='word_1_235' title='bbox 1575 1709 1642 1731; x_wconf 90' lang='lat' dir='ltr'>nec</span> <span class='ocrx_word' id='word_1_236' title='bbox 1672 1708 1777 1739; x_wconf 87' lang='lat' dir='ltr'>posse</span> <span class='ocrx_word' id='word_1_237' title='bbox 1801 1708 1865 1730; x_wconf 91' lang='lat' dir='ltr'>nec</span> <span class='ocrx_word' id='word_1_238' title='bbox 1894 1698 2017 1730; x_wconf 88' lang='lat' dir='ltr'>debere</span> 
     </span>
     <span class='ocr_line' id='line_1_27' title="bbox 394 1753 2015 1789; baseline -0.002 -1"><span class='ocrx_word' id='word_1_239' title='bbox 394 1756 628 1789; x_wconf 87' lang='lat' dir='ltr'>conclamant.</span> <span class='ocrx_word' id='word_1_240' title='bbox 675 1755 773 1787; x_wconf 91' lang='lat' dir='ltr'>Nihil</span> <span class='ocrx_word' id='word_1_241' title='bbox 805 1755 920 1787; x_wconf 86' lang='lat' dir='ltr'>hercle</span> <span class='ocrx_word' id='word_1_242' title='bbox 950 1756 1066 1787; x_wconf 90' lang='lat' dir='ltr'>secius</span> <span class='ocrx_word' id='word_1_243' title='bbox 1097 1759 1159 1787; x_wconf 89' lang='lat' dir='ltr'>aut</span> <span class='ocrx_word' id='word_1_244' title='bbox 1194 1754 1489 1787; x_wconf 88' lang='lat' dir='ltr'>honorificentius</span> <span class='ocrx_word' id='word_1_245' title='bbox 1518 1755 1561 1786; x_wconf 90' lang='lat' dir='ltr'>de</span> <span class='ocrx_word' id='word_1_246' title='bbox 1595 1764 1728 1786; x_wconf 89' lang='lat' dir='ltr'>summo</span> <span class='ocrx_word' id='word_1_247' title='bbox 1760 1753 1934 1786; x_wconf 88' lang='lat' dir='ltr'>Pontifice</span> <span class='ocrx_word' id='word_1_248' title='bbox 1965 1753 2015 1785; x_wconf 93' lang='lat' dir='ltr'>lo-</span> 
     </span>
     <span class='ocr_line' id='line_1_28' title="bbox 395 1809 2017 1853; baseline -0.001 -10"><span class='ocrx_word' id='word_1_249' title='bbox 395 1815 552 1853; x_wconf 87' lang='lat' dir='ltr'>quuntur</span> <span class='ocrx_word' id='word_1_250' title='bbox 579 1822 682 1853; x_wconf 85' lang='lat' dir='ltr'>quam</span> <span class='ocrx_word' id='word_1_251' title='bbox 707 1811 748 1842; x_wconf 89' lang='lat' dir='ltr'>de</span> <span class='ocrx_word' id='word_1_252' title='bbox 772 1821 881 1852; x_wconf 88' lang='lat' dir='ltr'>puero</span> <span class='ocrx_word' id='word_1_253' title='bbox 908 1812 974 1843; x_wconf 85' lang='lat' dir='ltr'>sub</span> <span class='ocrx_word' id='word_1_254' title='bbox 998 1811 1111 1843; x_wconf 83' lang='lat' dir='ltr'>ferula</span> <span class='ocrx_word' id='word_1_255' title='bbox 1134 1811 1248 1844; x_wconf 85' lang='lat' dir='ltr'>adhuc</span> <span class='ocrx_word' id='word_1_256' title='bbox 1273 1812 1431 1850; x_wconf 87' lang='lat' dir='ltr'>vivente,</span> <span class='ocrx_word' id='word_1_257' title='bbox 1464 1811 1522 1842; x_wconf 92' lang='lat' dir='ltr'>cui</span> <span class='ocrx_word' id='word_1_258' title='bbox 1546 1810 1637 1842; x_wconf 91' lang='lat' dir='ltr'>nihil</span> <span class='ocrx_word' id='word_1_259' title='bbox 1667 1810 1737 1841; x_wconf 94' lang='lat' dir='ltr'>nisi</span> <span class='ocrx_word' id='word_1_260' title='bbox 1761 1809 1805 1841; x_wconf 87' lang='lat' dir='ltr'>ad</span> <span class='ocrx_word' id='word_1_261' title='bbox 1829 1809 2017 1851; x_wconf 80' lang='lat' dir='ltr'>paedagogi</span> 
     </span>
     <span class='ocr_line' id='line_1_29' title="bbox 395 1865 2016 1909; baseline -0.001 -10"><span class='ocrx_word' id='word_1_262' title='bbox 395 1868 451 1899; x_wconf 91' lang='lat' dir='ltr'>sui</span> <span class='ocrx_word' id='word_1_263' title='bbox 475 1870 600 1898; x_wconf 90' lang='lat' dir='ltr'>nutum</span> <span class='ocrx_word' id='word_1_264' title='bbox 625 1868 804 1908; x_wconf 82' lang='lat' dir='ltr'>integrum</span> <span class='ocrx_word' id='word_1_265' title='bbox 831 1867 878 1899; x_wconf 88' lang='lat' dir='ltr'>sit</span> <span class='ocrx_word' id='word_1_266' title='bbox 902 1870 964 1899; x_wconf 90' lang='lat' dir='ltr'>aut</span> <span class='ocrx_word' id='word_1_267' title='bbox 988 1866 1137 1899; x_wconf 89' lang='lat' dir='ltr'>liberum</span> <span class='ocrx_word' id='word_1_268' title='bbox 1160 1867 1269 1909; x_wconf 90' lang='lat' dir='ltr'>loqui.</span> <span class='ocrx_word' id='word_1_269' title='bbox 1319 1866 1416 1899; x_wconf 89' lang='lat' dir='ltr'>Mera</span> <span class='ocrx_word' id='word_1_270' title='bbox 1440 1866 1669 1898; x_wconf 84' lang='lat' dir='ltr'>deliramenta</span> <span class='ocrx_word' id='word_1_271' title='bbox 1700 1865 1875 1907; x_wconf 87' lang='lat' dir='ltr'>profecto,</span> <span class='ocrx_word' id='word_1_272' title='bbox 1905 1875 2016 1898; x_wconf 88' lang='lat' dir='ltr'>meras</span> 
     </span>
     <span class='ocr_line' id='line_1_30' title="bbox 395 1921 2015 1965; baseline -0.001 -11"><span class='ocrx_word' id='word_1_273' title='bbox 395 1924 554 1955; x_wconf 89' lang='lat' dir='ltr'>insanias</span> <span class='ocrx_word' id='word_1_274' title='bbox 578 1922 815 1954; x_wconf 83' lang='lat' dir='ltr'>deblatterant</span> <span class='ocrx_word' id='word_1_275' title='bbox 839 1923 933 1965; x_wconf 89' lang='lat' dir='ltr'>apud</span> <span class='ocrx_word' id='word_1_276' title='bbox 958 1926 1142 1964; x_wconf 83' lang='lat' dir='ltr'>magnates</span> <span class='ocrx_word' id='word_1_277' title='bbox 1167 1933 1269 1963; x_wconf 85' lang='lat' dir='ltr'>suos,</span> <span class='ocrx_word' id='word_1_278' title='bbox 1303 1933 1391 1965; x_wconf 91' lang='lat' dir='ltr'>quos</span> <span class='ocrx_word' id='word_1_279' title='bbox 1417 1922 1566 1954; x_wconf 86' lang='lat' dir='ltr'>factioni</span> <span class='ocrx_word' id='word_1_280' title='bbox 1591 1932 1666 1954; x_wconf 86' lang='lat' dir='ltr'>suae</span> <span class='ocrx_word' id='word_1_281' title='bbox 1691 1921 1849 1953; x_wconf 82' lang='lat' dir='ltr'>faventes</span> <span class='ocrx_word' id='word_1_282' title='bbox 1873 1921 2015 1953; x_wconf 87' lang='lat' dir='ltr'>habent.</span> 
     </span>
     <span class='ocr_line' id='line_1_31' title="bbox 393 1976 2016 2020; baseline -0.001 -10"><span class='ocrx_word' id='word_1_283' title='bbox 393 1979 571 2011; x_wconf 86' lang='lat' dir='ltr'>Caeterum</span> <span class='ocrx_word' id='word_1_284' title='bbox 588 1979 631 2010; x_wconf 83' lang='lat' dir='ltr'>ad</span> <span class='ocrx_word' id='word_1_285' title='bbox 648 1978 853 2011; x_wconf 90' lang='lat' dir='ltr'>humiliores</span> <span class='ocrx_word' id='word_1_286' title='bbox 878 1979 1010 2011; x_wconf 87' lang='lat' dir='ltr'>amicos</span> <span class='ocrx_word' id='word_1_287' title='bbox 1035 1979 1226 2011; x_wconf 87' lang='lat' dir='ltr'>mittuntur</span> <span class='ocrx_word' id='word_1_288' title='bbox 1244 1978 1370 2010; x_wconf 89' lang='lat' dir='ltr'>Bidelli</span> <span class='ocrx_word' id='word_1_289' title='bbox 1395 1979 1455 2020; x_wconf 89' lang='lat' dir='ltr'>qui</span> <span class='ocrx_word' id='word_1_290' title='bbox 1472 1982 1663 2017; x_wconf 88' lang='lat' dir='ltr'>vocantur,</span> <span class='ocrx_word' id='word_1_291' title='bbox 1688 1981 1723 2008; x_wconf 87' lang='lat' dir='ltr'>et</span> <span class='ocrx_word' id='word_1_292' title='bbox 1749 1976 1859 2009; x_wconf 87' lang='lat' dir='ltr'>seculi</span> <span class='ocrx_word' id='word_1_293' title='bbox 1884 1977 1940 2008; x_wconf 89' lang='lat' dir='ltr'>sui</span> <span class='ocrx_word' id='word_1_294' title='bbox 1964 1978 2016 2009; x_wconf 91' lang='lat' dir='ltr'>in-</span> 
     </span>
     <span class='ocr_line' id='line_1_32' title="bbox 394 2033 2016 2077; baseline -0.001 -11"><span class='ocrx_word' id='word_1_295' title='bbox 394 2035 501 2066; x_wconf 87' lang='lat' dir='ltr'>famia</span> <span class='ocrx_word' id='word_1_296' title='bbox 525 2035 780 2077; x_wconf 87' lang='lat' dir='ltr'>Pepericornus</span> <span class='ocrx_word' id='word_1_297' title='bbox 799 2035 861 2066; x_wconf 88' lang='lat' dir='ltr'>:hi</span> <span class='ocrx_word' id='word_1_298' title='bbox 888 2035 1019 2076; x_wconf 89' lang='lat' dir='ltr'>passim</span> <span class='ocrx_word' id='word_1_299' title='bbox 1044 2034 1089 2074; x_wconf 87' lang='lat' dir='ltr'>(si</span> <span class='ocrx_word' id='word_1_300' title='bbox 1114 2035 1192 2067; x_wconf 92' lang='lat' dir='ltr'>Diis</span> <span class='ocrx_word' id='word_1_301' title='bbox 1218 2034 1349 2076; x_wconf 88' lang='lat' dir='ltr'>placet)</span> <span class='ocrx_word' id='word_1_302' title='bbox 1375 2035 1412 2066; x_wconf 91' lang='lat' dir='ltr'>in</span> <span class='ocrx_word' id='word_1_303' title='bbox 1436 2035 1554 2066; x_wconf 87' lang='lat' dir='ltr'>triviis</span> <span class='ocrx_word' id='word_1_304' title='bbox 1579 2034 1620 2065; x_wconf 92' lang='lat' dir='ltr'>de</span> <span class='ocrx_word' id='word_1_305' title='bbox 1645 2033 1823 2066; x_wconf 88' lang='lat' dir='ltr'>sententia</span> <span class='ocrx_word' id='word_1_306' title='bbox 1839 2033 2016 2065; x_wconf 89' lang='lat' dir='ltr'>Parisien-</span> 
     </span>
     <span class='ocr_line' id='line_1_33' title="bbox 396 2089 2017 2132; baseline -0.001 -10"><span class='ocrx_word' id='word_1_307' title='bbox 396 2092 487 2122; x_wconf 88' lang='lat' dir='ltr'>sium</span> <span class='ocrx_word' id='word_1_308' title='bbox 512 2091 716 2132; x_wconf 87' lang='lat' dir='ltr'>disputant,</span> <span class='ocrx_word' id='word_1_309' title='bbox 748 2091 805 2122; x_wconf 85' lang='lat' dir='ltr'>cui</span> <span class='ocrx_word' id='word_1_310' title='bbox 830 2090 1002 2132; x_wconf 85' lang='lat' dir='ltr'>refragari</span> <span class='ocrx_word' id='word_1_311' title='bbox 1032 2102 1104 2123; x_wconf 89' lang='lat' dir='ltr'>non</span> <span class='ocrx_word' id='word_1_312' title='bbox 1128 2091 1242 2122; x_wconf 91' lang='lat' dir='ltr'>levius</span> <span class='ocrx_word' id='word_1_313' title='bbox 1274 2093 1403 2132; x_wconf 87' lang='lat' dir='ltr'>putant</span> <span class='ocrx_word' id='word_1_314' title='bbox 1427 2100 1503 2122; x_wconf 88' lang='lat' dir='ltr'>esse</span> <span class='ocrx_word' id='word_1_315' title='bbox 1533 2089 1758 2131; x_wconf 89' lang='lat' dir='ltr'>sacrilegium</span> <span class='ocrx_word' id='word_1_316' title='bbox 1783 2100 1887 2131; x_wconf 90' lang='lat' dir='ltr'>quam</span> <span class='ocrx_word' id='word_1_317' title='bbox 1911 2100 2017 2121; x_wconf 88' lang='lat' dir='ltr'>evan-</span> 
     </span>
     <span class='ocr_line' id='line_1_34' title="bbox 395 2144 2018 2188; baseline -0.001 -11"><span class='ocrx_word' id='word_1_318' title='bbox 395 2146 525 2187; x_wconf 82' lang='lat' dir='ltr'>gelium</span> <span class='ocrx_word' id='word_1_319' title='bbox 556 2156 627 2178; x_wconf 91' lang='lat' dir='ltr'>non</span> <span class='ocrx_word' id='word_1_320' title='bbox 658 2146 821 2188; x_wconf 86' lang='lat' dir='ltr'>recipere.</span> <span class='ocrx_word' id='word_1_321' title='bbox 871 2147 1008 2178; x_wconf 85' lang='lat' dir='ltr'>Deinde</span> <span class='ocrx_word' id='word_1_322' title='bbox 1039 2147 1170 2188; x_wconf 90' lang='lat' dir='ltr'>quibus</span> <span class='ocrx_word' id='word_1_323' title='bbox 1200 2157 1318 2178; x_wconf 88' lang='lat' dir='ltr'>aurem</span> <span class='ocrx_word' id='word_1_324' title='bbox 1349 2147 1405 2179; x_wconf 88' lang='lat' dir='ltr'>his</span> <span class='ocrx_word' id='word_1_325' title='bbox 1436 2146 1525 2178; x_wconf 87' lang='lat' dir='ltr'>satis</span> <span class='ocrx_word' id='word_1_326' title='bbox 1556 2146 1841 2186; x_wconf 85' lang='lat' dir='ltr'>inebriaverunt,</span> <span class='ocrx_word' id='word_1_327' title='bbox 1873 2144 2018 2187; x_wconf 88' lang='lat' dir='ltr'>aliquod</span> 
     </span>
     <span class='ocr_line' id='line_1_35' title="bbox 394 2201 2019 2244; baseline 0.001 -12"><span class='ocrx_word' id='word_1_328' title='bbox 394 2201 572 2243; x_wconf 84' lang='lat' dir='ltr'>exemplar</span> <span class='ocrx_word' id='word_1_329' title='bbox 602 2203 677 2234; x_wconf 87' lang='lat' dir='ltr'>eius</span> <span class='ocrx_word' id='word_1_330' title='bbox 703 2213 782 2233; x_wconf 83' lang='lat' dir='ltr'>mox</span> <span class='ocrx_word' id='word_1_331' title='bbox 809 2203 1020 2242; x_wconf 85' lang='lat' dir='ltr'>obtrudunt,</span> <span class='ocrx_word' id='word_1_332' title='bbox 1052 2203 1159 2234; x_wconf 88' lang='lat' dir='ltr'>etiam</span> <span class='ocrx_word' id='word_1_333' title='bbox 1188 2203 1315 2234; x_wconf 88' lang='lat' dir='ltr'>invitis</span> <span class='ocrx_word' id='word_1_334' title='bbox 1339 2206 1374 2234; x_wconf 91' lang='lat' dir='ltr'>et</span> <span class='ocrx_word' id='word_1_335' title='bbox 1404 2202 1679 2244; x_wconf 87' lang='lat' dir='ltr'>aspernantibus</span> <span class='ocrx_word' id='word_1_336' title='bbox 1711 2201 1912 2243; x_wconf 85' lang='lat' dir='ltr'>plaerisque.</span> <span class='ocrx_word' id='word_1_337' title='bbox 1960 2202 2019 2233; x_wconf 73' lang='lat' dir='ltr'>Sic</span> 
     </span>
     <span class='ocr_line' id='line_1_36' title="bbox 394 2257 2019 2301; baseline -0.001 -12"><span class='ocrx_word' id='word_1_338' title='bbox 394 2268 505 2299; x_wconf 87' lang='lat' dir='ltr'>nuper</span> <span class='ocrx_word' id='word_1_339' title='bbox 536 2257 627 2289; x_wconf 87' lang='lat' dir='ltr'>festo</span> <span class='ocrx_word' id='word_1_340' title='bbox 652 2257 707 2289; x_wconf 88' lang='lat' dir='ltr'>die</span> <span class='ocrx_word' id='word_1_341' title='bbox 735 2257 809 2289; x_wconf 89' lang='lat' dir='ltr'>divi</span> <span class='ocrx_word' id='word_1_342' title='bbox 834 2257 1000 2290; x_wconf 73' lang='lat' dir='ltr'>Matthaei</span> <span class='ocrx_word' id='word_1_343' title='bbox 1025 2269 1104 2290; x_wconf 91' lang='lat' dir='ltr'>cum</span> <span class='ocrx_word' id='word_1_344' title='bbox 1128 2269 1332 2301; x_wconf 87' lang='lat' dir='ltr'>processum</span> <span class='ocrx_word' id='word_1_345' title='bbox 1357 2262 1456 2290; x_wconf 90' lang='lat' dir='ltr'>tuum</span> <span class='ocrx_word' id='word_1_346' title='bbox 1480 2262 1515 2290; x_wconf 87' lang='lat' dir='ltr'>et</span> <span class='ocrx_word' id='word_1_347' title='bbox 1537 2258 1913 2290; x_wconf 84' lang='lat' dir='ltr'>excommunicationis</span> <span class='ocrx_word' id='word_1_348' title='bbox 1938 2267 2019 2288; x_wconf 85' lang='lat' dir='ltr'>con—</span> 
     </span>
     <span class='ocr_line' id='line_1_37' title="bbox 395 2313 2018 2354; baseline 0.001 -10"><span class='ocrx_word' id='word_1_349' title='bbox 395 2317 451 2344; x_wconf 88' lang='lat' dir='ltr'>tra</span> <span class='ocrx_word' id='word_1_350' title='bbox 479 2313 730 2354; x_wconf 85' lang='lat' dir='ltr'>Theologistas</span> <span class='ocrx_word' id='word_1_351' title='bbox 762 2315 973 2346; x_wconf 86' lang='lat' dir='ltr'>sententiam</span> <span class='ocrx_word' id='word_1_352' title='bbox 1005 2314 1120 2346; x_wconf 88' lang='lat' dir='ltr'>valvis</span> <span class='ocrx_word' id='word_1_353' title='bbox 1150 2314 1363 2346; x_wconf 86' lang='lat' dir='ltr'>cathedralis</span> <span class='ocrx_word' id='word_1_354' title='bbox 1399 2313 1556 2346; x_wconf 76' lang='lat' dir='ltr'>ecclesiae</span> <span class='ocrx_word' id='word_1_355' title='bbox 1586 2314 1644 2345; x_wconf 90' lang='lat' dir='ltr'>hic</span> <span class='ocrx_word' id='word_1_356' title='bbox 1674 2313 1814 2345; x_wconf 80' lang='lat' dir='ltr'>affixam</span> <span class='ocrx_word' id='word_1_357' title='bbox 1845 2313 2018 2345; x_wconf 89' lang='lat' dir='ltr'>honestus</span> 
     </span>
     <span class='ocr_line' id='line_1_38' title="bbox 395 2368 2017 2412; baseline 0.001 -13"><span class='ocrx_word' id='word_1_358' title='bbox 395 2368 537 2410; x_wconf 79' lang='lat' dir='ltr'>quidam</span> <span class='ocrx_word' id='word_1_359' title='bbox 561 2368 724 2400; x_wconf 86' lang='lat' dir='ltr'>sacerdos</span> <span class='ocrx_word' id='word_1_360' title='bbox 748 2368 890 2409; x_wconf 84' lang='lat' dir='ltr'>legeret,</span> <span class='ocrx_word' id='word_1_361' title='bbox 915 2373 951 2401; x_wconf 88' lang='lat' dir='ltr'>et</span> <span class='ocrx_word' id='word_1_362' title='bbox 968 2370 1162 2412; x_wconf 83' lang='lat' dir='ltr'>pugillares</span> <span class='ocrx_word' id='word_1_363' title='bbox 1186 2373 1309 2402; x_wconf 87' lang='lat' dir='ltr'>tenens</span> <span class='ocrx_word' id='word_1_364' title='bbox 1327 2370 1408 2402; x_wconf 91' lang='lat' dir='ltr'>inde</span> <span class='ocrx_word' id='word_1_365' title='bbox 1432 2370 1600 2412; x_wconf 86' lang='lat' dir='ltr'>quasdam</span> <span class='ocrx_word' id='word_1_366' title='bbox 1618 2368 1795 2402; x_wconf 85' lang='lat' dir='ltr'>clausulas</span> <span class='ocrx_word' id='word_1_367' title='bbox 1812 2369 2017 2408; x_wconf 83' lang='lat' dir='ltr'>excriberet,</span> 
     </span>
     <span class='ocr_line' id='line_1_39' title="bbox 395 2423 2019 2467; baseline 0.001 -12"><span class='ocrx_word' id='word_1_368' title='bbox 395 2425 486 2456; x_wconf 87' lang='lat' dir='ltr'>idem</span> <span class='ocrx_word' id='word_1_369' title='bbox 510 2423 638 2455; x_wconf 90' lang='lat' dir='ltr'>nebulo</span> <span class='ocrx_word' id='word_1_370' title='bbox 657 2424 912 2466; x_wconf 86' lang='lat' dir='ltr'>Pepericornus</span> <span class='ocrx_word' id='word_1_371' title='bbox 937 2436 1000 2457; x_wconf 91' lang='lat' dir='ltr'>suo</span> <span class='ocrx_word' id='word_1_372' title='bbox 1020 2426 1174 2457; x_wconf 90' lang='lat' dir='ltr'>Ortvino</span> <span class='ocrx_word' id='word_1_373' title='bbox 1200 2426 1391 2457; x_wconf 86' lang='lat' dir='ltr'>comitatus</span> <span class='ocrx_word' id='word_1_374' title='bbox 1415 2426 1514 2457; x_wconf 81' lang='lat' dir='ltr'>venit</span> <span class='ocrx_word' id='word_1_375' title='bbox 1535 2425 1723 2457; x_wconf 83' lang='lat' dir='ltr'>clamitans</span> <span class='ocrx_word' id='word_1_376' title='bbox 1748 2424 1843 2456; x_wconf 89' lang='lat' dir='ltr'>‘Eho</span> <span class='ocrx_word' id='word_1_377' title='bbox 1869 2428 1909 2456; x_wconf 89' lang='lat' dir='ltr'>tu</span> <span class='ocrx_word' id='word_1_378' title='bbox 1934 2425 2019 2467; x_wconf 90' lang='lat' dir='ltr'>quid</span> 
     </span>
     <span class='ocr_line' id='line_1_40' title="bbox 395 2479 2016 2523; baseline 0.001 -12"><span class='ocrx_word' id='word_1_379' title='bbox 395 2479 458 2511; x_wconf 89' lang='lat' dir='ltr'>illa</span> <span class='ocrx_word' id='word_1_380' title='bbox 489 2481 653 2522; x_wconf 84' lang='lat' dir='ltr'>spectas?</span> <span class='ocrx_word' id='word_1_381' title='bbox 684 2480 770 2522; x_wconf 89' lang='lat' dir='ltr'>quin</span> <span class='ocrx_word' id='word_1_382' title='bbox 801 2483 841 2512; x_wconf 92' lang='lat' dir='ltr'>tu</span> <span class='ocrx_word' id='word_1_383' title='bbox 872 2481 991 2523; x_wconf 88' lang='lat' dir='ltr'>potius</span> <span class='ocrx_word' id='word_1_384' title='bbox 1022 2481 1149 2513; x_wconf 86' lang='lat' dir='ltr'>isthaec</span> <span class='ocrx_word' id='word_1_385' title='bbox 1181 2481 1267 2513; x_wconf 89' lang='lat' dir='ltr'>mihi</span> <span class='ocrx_word' id='word_1_386' title='bbox 1298 2481 1412 2523; x_wconf 78' lang='lat' dir='ltr'>legas!</span> <span class='ocrx_word' id='word_1_387' title='bbox 1422 2480 1430 2494; x_wconf 89' lang='lat'>⁷</span> <span class='ocrx_word' id='word_1_388' title='bbox 1463 2481 1650 2513; x_wconf 89' lang='lat' dir='ltr'>ostendens</span> <span class='ocrx_word' id='word_1_389' title='bbox 1682 2481 1715 2513; x_wconf 94' lang='lat' dir='ltr'>ei</span> <span class='ocrx_word' id='word_1_390' title='bbox 1739 2480 1896 2513; x_wconf 85' lang='lat' dir='ltr'>fabulam</span> <span class='ocrx_word' id='word_1_391' title='bbox 1919 2481 2016 2513; x_wconf 89' lang='lat' dir='ltr'>Pari-</span> 
     </span>
     <span class='ocr_line' id='line_1_41' title="bbox 397 2535 2017 2580; baseline 0 -12"><span class='ocrx_word' id='word_1_392' title='bbox 397 2537 564 2576; x_wconf 84' lang='lat' dir='ltr'>siensem,</span> <span class='ocrx_word' id='word_1_393' title='bbox 595 2546 699 2578; x_wconf 90' lang='lat' dir='ltr'>quam</span> <span class='ocrx_word' id='word_1_394' title='bbox 725 2536 784 2568; x_wconf 86' lang='lat' dir='ltr'>ille</span> <span class='ocrx_word' id='word_1_395' title='bbox 809 2540 996 2569; x_wconf 82' lang='lat' dir='ltr'>aversatus</span> <span class='ocrx_word' id='word_1_396' title='bbox 1022 2535 1175 2569; x_wconf 87' lang='lat' dir='ltr'>‘Pluris&#39;</span> <span class='ocrx_word' id='word_1_397' title='bbox 1201 2537 1336 2580; x_wconf 88' lang='lat' dir='ltr'>inquit,</span> <span class='ocrx_word' id='word_1_398' title='bbox 1370 2537 1510 2569; x_wconf 84' lang='lat' dir='ltr'>‘literas</span> <span class='ocrx_word' id='word_1_399' title='bbox 1541 2537 1632 2569; x_wconf 89' lang='lat' dir='ltr'>facio</span> <span class='ocrx_word' id='word_1_400' title='bbox 1657 2536 1883 2578; x_wconf 85' lang='lat' dir='ltr'>Apostolicas</span> <span class='ocrx_word' id='word_1_401' title='bbox 1914 2548 2017 2579; x_wconf 86' lang='lat' dir='ltr'>quam</span> 
     </span>
     <span class='ocr_line' id='line_1_42' title="bbox 396 2592 2018 2635; baseline 0.001 -12"><span class='ocrx_word' id='word_1_402' title='bbox 396 2592 591 2633; x_wconf 76' lang='lat' dir='ltr'>privatas&#39;.</span> <span class='ocrx_word' id='word_1_403' title='bbox 638 2592 727 2624; x_wconf 90' lang='lat' dir='ltr'>Tum</span> <span class='ocrx_word' id='word_1_404' title='bbox 752 2592 820 2624; x_wconf 90' lang='lat' dir='ltr'>iste</span> <span class='ocrx_word' id='word_1_405' title='bbox 845 2592 961 2625; x_wconf 84' lang='lat' dir='ltr'>‘Tun&#39;</span> <span class='ocrx_word' id='word_1_406' title='bbox 987 2593 1099 2635; x_wconf 90' lang='lat' dir='ltr'>pluris</span> <span class='ocrx_word' id='word_1_407' title='bbox 1124 2592 1232 2624; x_wconf 81' lang='lat' dir='ltr'>audes</span> <span class='ocrx_word' id='word_1_408' title='bbox 1257 2592 1372 2625; x_wconf 86' lang='lat' dir='ltr'>facere</span> <span class='ocrx_word' id='word_1_409' title='bbox 1390 2592 1568 2635; x_wconf 85' lang='lat' dir='ltr'>Spirensis</span> <span class='ocrx_word' id='word_1_410' title='bbox 1592 2593 1753 2635; x_wconf 87' lang='lat' dir='ltr'>episcopi</span> <span class='ocrx_word' id='word_1_411' title='bbox 1777 2593 1893 2625; x_wconf 88' lang='lat' dir='ltr'>adhuc</span> <span class='ocrx_word' id='word_1_412' title='bbox 1917 2594 2018 2635; x_wconf 89' lang='lat' dir='ltr'>pueri</span> 
     </span>
     <span class='ocr_line' id='line_1_43' title="bbox 396 2648 2017 2691; baseline 0.001 -12"><span class='ocrx_word' id='word_1_413' title='bbox 396 2648 616 2684; x_wconf 87' lang='lat' dir='ltr'>sententiam,</span> <span class='ocrx_word' id='word_1_414' title='bbox 644 2658 748 2689; x_wconf 83' lang='lat' dir='ltr'>quam</span> <span class='ocrx_word' id='word_1_415' title='bbox 773 2658 865 2680; x_wconf 74' lang='lat' dir='ltr'><strong>Lxxx</strong></span> <span class='ocrx_word' id='word_1_416' title='bbox 891 2649 1098 2691; x_wconf 85' lang='lat' dir='ltr'>Theologiae</span> <span class='ocrx_word' id='word_1_417' title='bbox 1114 2649 1311 2681; x_wconf 89' lang='lat' dir='ltr'>Doctorum</span> <span class='ocrx_word' id='word_1_418' title='bbox 1336 2649 1609 2690; x_wconf 87' lang='lat' dir='ltr'>Parisiensium,</span> <span class='ocrx_word' id='word_1_419' title='bbox 1637 2650 1698 2691; x_wconf 91' lang='lat' dir='ltr'>qui</span> <span class='ocrx_word' id='word_1_420' title='bbox 1722 2648 1777 2690; x_wconf 91' lang='lat' dir='ltr'>(ut</span> <span class='ocrx_word' id='word_1_421' title='bbox 1802 2648 1942 2691; x_wconf 88' lang='lat' dir='ltr'>opinor)</span> <span class='ocrx_word' id='word_1_422' title='bbox 1966 2649 2017 2681; x_wconf 89' lang='lat' dir='ltr'>le—</span> 
     </span>
     <span class='ocr_line' id='line_1_44' title="bbox 396 2704 2018 2747; baseline 0.001 -13"><span class='ocrx_word' id='word_1_423' title='bbox 396 2714 516 2745; x_wconf 86' lang='lat' dir='ltr'>porem</span> <span class='ocrx_word' id='word_1_424' title='bbox 546 2704 722 2745; x_wconf 85' lang='lat' dir='ltr'>quomodo</span> <span class='ocrx_word' id='word_1_425' title='bbox 755 2708 895 2746; x_wconf 87' lang='lat' dir='ltr'>caperet</span> <span class='ocrx_word' id='word_1_426' title='bbox 925 2705 1053 2737; x_wconf 87' lang='lat' dir='ltr'>melius</span> <span class='ocrx_word' id='word_1_427' title='bbox 1083 2705 1189 2737; x_wconf 89' lang='lat' dir='ltr'>sciret</span> <span class='ocrx_word' id='word_1_428' title='bbox 1215 2715 1319 2747; x_wconf 87' lang='lat' dir='ltr'>quam</span> <span class='ocrx_word' id='word_1_429' title='bbox 1349 2706 1460 2746; x_wconf 87' lang='lat' dir='ltr'>istuc,</span> <span class='ocrx_word' id='word_1_430' title='bbox 1494 2705 1668 2747; x_wconf 89' lang='lat' dir='ltr'>quomodo</span> <span class='ocrx_word' id='word_1_431' title='bbox 1698 2704 1925 2736; x_wconf 90' lang='lat' dir='ltr'>diffinitivam</span> <span class='ocrx_word' id='word_1_432' title='bbox 1953 2704 2018 2736; x_wconf 83' lang='lat' dir='ltr'>ali-</span> 
     </span>
     <span class='ocr_line' id='line_1_45' title="bbox 397 2759 2018 2803; baseline 0.001 -13"><span class='ocrx_word' id='word_1_433' title='bbox 397 2769 500 2800; x_wconf 87' lang='lat' dir='ltr'>quam</span> <span class='ocrx_word' id='word_1_434' title='bbox 525 2760 736 2792; x_wconf 82' lang='lat' dir='ltr'>sententiam</span> <span class='ocrx_word' id='word_1_435' title='bbox 760 2759 910 2793; x_wconf 85' lang='lat' dir='ltr'>ferret‘?&#39;</span> <span class='ocrx_word' id='word_1_436' title='bbox 958 2761 1031 2793; x_wconf 88' lang='lat' dir='ltr'>Nec</span> <span class='ocrx_word' id='word_1_437' title='bbox 1057 2761 1114 2792; x_wconf 89' lang='lat' dir='ltr'>hic</span> <span class='ocrx_word' id='word_1_438' title='bbox 1140 2761 1240 2793; x_wconf 89' lang='lat' dir='ltr'>stetit</span> <span class='ocrx_word' id='word_1_439' title='bbox 1264 2760 1363 2793; x_wconf 89' lang='lat' dir='ltr'>furor</span> <span class='ocrx_word' id='word_1_440' title='bbox 1386 2761 1558 2793; x_wconf 88' lang='lat' dir='ltr'>dementis</span> <span class='ocrx_word' id='word_1_441' title='bbox 1582 2760 1729 2803; x_wconf 88' lang='lat' dir='ltr'>capitis,</span> <span class='ocrx_word' id='word_1_442' title='bbox 1753 2761 1814 2792; x_wconf 89' lang='lat' dir='ltr'>sed</span> <span class='ocrx_word' id='word_1_443' title='bbox 1839 2771 1882 2793; x_wconf 90' lang='lat' dir='ltr'>eo</span> <span class='ocrx_word' id='word_1_444' title='bbox 1907 2770 2018 2802; x_wconf 88' lang='lat' dir='ltr'>usque</span> 
     </span>
     <span class='ocr_line' id='line_1_46' title="bbox 396 2815 2018 2859; baseline 0.001 -13"><span class='ocrx_word' id='word_1_445' title='bbox 396 2818 583 2857; x_wconf 87' lang='lat' dir='ltr'>provectus</span> <span class='ocrx_word' id='word_1_446' title='bbox 608 2820 673 2856; x_wconf 87' lang='lat' dir='ltr'>est,</span> <span class='ocrx_word' id='word_1_447' title='bbox 698 2820 738 2848; x_wconf 87' lang='lat' dir='ltr'>ut</span> <span class='ocrx_word' id='word_1_448' title='bbox 762 2817 869 2849; x_wconf 87' lang='lat' dir='ltr'>etiam</span> <span class='ocrx_word' id='word_1_449' title='bbox 886 2816 1020 2849; x_wconf 87' lang='lat' dir='ltr'>Summi</span> <span class='ocrx_word' id='word_1_450' title='bbox 1037 2816 1222 2849; x_wconf 84' lang='lat' dir='ltr'>Pontificis</span> <span class='ocrx_word' id='word_1_451' title='bbox 1246 2818 1478 2849; x_wconf 86' lang='lat' dir='ltr'>autoritatem</span> <span class='ocrx_word' id='word_1_452' title='bbox 1501 2827 1561 2859; x_wconf 90' lang='lat' dir='ltr'>per</span> <span class='ocrx_word' id='word_1_453' title='bbox 1578 2815 1693 2849; x_wconf 90' lang='lat' dir='ltr'>scelus</span> <span class='ocrx_word' id='word_1_454' title='bbox 1717 2819 1752 2847; x_wconf 89' lang='lat' dir='ltr'>et</span> <span class='ocrx_word' id='word_1_455' title='bbox 1769 2816 2018 2848; x_wconf 88' lang='lat' dir='ltr'>contumeliam</span> 
     </span>
     <span class='ocr_line' id='line_1_47' title="bbox 395 2870 2017 2916; baseline 0.001 -14"><span class='ocrx_word' id='word_1_456' title='bbox 395 2870 655 2912; x_wconf 84' lang='lat' dir='ltr'>ludificaretur,</span> <span class='ocrx_word' id='word_1_457' title='bbox 684 2874 814 2915; x_wconf 89' lang='lat' dir='ltr'>quippe</span> <span class='ocrx_word' id='word_1_458' title='bbox 837 2873 1092 2905; x_wconf 86' lang='lat' dir='ltr'>executoriales</span> <span class='ocrx_word' id='word_1_459' title='bbox 1123 2872 1204 2905; x_wconf 89' lang='lat' dir='ltr'>illas</span> <span class='ocrx_word' id='word_1_460' title='bbox 1228 2884 1307 2905; x_wconf 89' lang='lat' dir='ltr'>cum</span> <span class='ocrx_word' id='word_1_461' title='bbox 1333 2874 1501 2916; x_wconf 87' lang='lat' dir='ltr'>coepisset</span> <span class='ocrx_word' id='word_1_462' title='bbox 1530 2872 1648 2914; x_wconf 87' lang='lat' dir='ltr'>gladio</span> <span class='ocrx_word' id='word_1_463' title='bbox 1673 2872 1843 2913; x_wconf 86' lang='lat' dir='ltr'>lacerare,</span> <span class='ocrx_word' id='word_1_464' title='bbox 1876 2872 2017 2914; x_wconf 88' lang='lat' dir='ltr'>quidam</span> 
     </span>
     <span class='ocr_line' id='line_1_48' title="bbox 398 2926 2016 2971; baseline 0.001 -14"><span class='ocrx_word' id='word_1_465' title='bbox 398 2926 486 2958; x_wconf 82' lang='lat' dir='ltr'>‘non</span> <span class='ocrx_word' id='word_1_466' title='bbox 510 2927 660 2959; x_wconf 82' lang='lat' dir='ltr'>vereris&#39;</span> <span class='ocrx_word' id='word_1_467' title='bbox 686 2928 804 2970; x_wconf 87' lang='lat' dir='ltr'>inquit</span> <span class='ocrx_word' id='word_1_468' title='bbox 829 2929 1014 2961; x_wconf 86' lang='lat' dir='ltr'>‘censuras</span> <span class='ocrx_word' id='word_1_469' title='bbox 1039 2928 1299 2971; x_wconf 83' lang='lat' dir='ltr'>apostolicas?&#39;</span> <span class='ocrx_word' id='word_1_470' title='bbox 1333 2929 1386 2961; x_wconf 92' lang='lat' dir='ltr'>Ad</span> <span class='ocrx_word' id='word_1_471' title='bbox 1409 2939 1485 2960; x_wconf 91' lang='lat' dir='ltr'>eam</span> <span class='ocrx_word' id='word_1_472' title='bbox 1508 2939 1633 2961; x_wconf 86' lang='lat' dir='ltr'>vocem</span> <span class='ocrx_word' id='word_1_473' title='bbox 1651 2928 1772 2961; x_wconf 87' lang='lat' dir='ltr'>furens</span> <span class='ocrx_word' id='word_1_474' title='bbox 1796 2928 1847 2960; x_wconf 87' lang='lat' dir='ltr'>ibi</span> <span class='ocrx_word' id='word_1_475' title='bbox 1869 2927 1921 2959; x_wconf 87' lang='lat' dir='ltr'>ita</span> <span class='ocrx_word' id='word_1_476' title='bbox 1946 2930 2016 2959; x_wconf 85' lang='lat' dir='ltr'>sta-</span> 
     </span>
     <span class='ocr_line' id='line_1_49' title="bbox 397 2982 2017 3027; baseline 0 -13"><span class='ocrx_word' id='word_1_477' title='bbox 397 2983 460 3014; x_wconf 82' lang='lat' dir='ltr'>tim</span> <span class='ocrx_word' id='word_1_478' title='bbox 490 2993 569 3014; x_wconf 89' lang='lat' dir='ltr'>cum</span> <span class='ocrx_word' id='word_1_479' title='bbox 599 2983 751 3016; x_wconf 82' lang='lat' dir='ltr'>maxima</span> <span class='ocrx_word' id='word_1_480' title='bbox 780 2984 1037 3016; x_wconf 83' lang='lat' dir='ltr'>vociferatione</span> <span class='ocrx_word' id='word_1_481' title='bbox 1067 2985 1221 3017; x_wconf 87' lang='lat' dir='ltr'>subiecit</span> <span class='ocrx_word' id='word_1_482' title='bbox 1250 2985 1476 3017; x_wconf 88' lang='lat' dir='ltr'>audientibus</span> <span class='ocrx_word' id='word_1_483' title='bbox 1506 2984 1586 3027; x_wconf 91' lang='lat' dir='ltr'>plus</span> <span class='ocrx_word' id='word_1_484' title='bbox 1618 2984 1784 3019; x_wconf 83' lang='lat' dir='ltr'>trecentis</span> <span class='ocrx_word' id='word_1_485' title='bbox 1814 2982 2017 3016; x_wconf 87' lang='lat' dir='ltr'>hominibus</span> 
     </span>
    </p>
   </div>
  </div>
 </body>
</html>
