2119 3522
317 203 412 247 302
809 218 915 239 mnssx
938 215 1190 238 moeufffflcvs
1214 216 1255 236 m*
1279 215 1521 238 ONOMASTICVS.

314 335 573 383 impostorum
604 330 811 375 didicisse,
847 335 886 366 et
916 335 1059 366 natura.
1091 342 1177 366 esse
1209 329 1261 367 ad
1291 329 1542 366 irridendum
1573 334 1611 366 et
1646 329 1775 368 facete
1806 331 2021 381 obiurgan-

316 389 409 426 dum
446 387 564 424 valde
603 385 961 431 accommodatum,
1007 385 1058 421 ad
1096 385 1227 434 ipsum
1256 384 1462 422 Huttcnus
1495 385 1533 422 (1.
1552 386 1588 422 3.
1605 384 1713 435 Aug.
1730 400 1766 423 a.
1786 387 1906 424 1519.
1929 388 2021 424 scri-

314 441 424 493 psit3,
459 448 498 479 et
528 443 634 478 inter
656 440 883 491 Coryciana
912 440 1110 477 nonnulla
1130 440 1283 478 Petreii
1305 441 1482 478 carmina
1504 446 1640 478 extare
1661 439 1804 491 supra‘¹
1834 442 2022 480 vidimus.

314 499 523 535 Erfurtum
553 508 736 534 reversus
773 509 861 533 cum
891 496 1093 541 Mutiano,
1138 495 1277 541 Croto,
1318 495 1488 533 Eobano
1518 495 1649 533 Hesso
1681 497 1851 547 aliisque
1880 497 2020 535 Erfur-

312 553 437 590 tensis
469 552 660 589 consortii
689 552 876 589 litterarii
906 552 1022 588 sociis
1043 550 1437 601 3011011111113115111105
1465 551 1768 589 humanioribus
1789 553 1933 590 litteris
1956 567 2021 591 ex-

313 608 493 646 colendis
524 607 720 645 incubuit.
752 608 836 644 vita
867 608 1028 644 functus
1061 613 1121 644 est
1151 613 1327 645 exeunte
1349 621 1384 644 a.
1406 608 1525 645 1531.
1548 607 1633 645 sive
1655 608 1823 646 ineunte
1844 622 1880 647 a.
1902 609 2021 646 1532.

312 664 611 701 Nonnullarum
633 663 893 713 epistolarum
911 662 960 700 O.
978 663 1028 701 V.
1043 662 1248 701 Petreium
1269 670 1472 700 auctorem
1493 664 1616 701 fuisse
1639 664 1863 713 complures
1886 677 2020 702 recen-

312 720 480 757 tioribus
506 719 766 769 scriptoribus
798 719 839 755 in
870 724 1044 756 mentem
1076 720 1205 766 venit,
1247 732 1380 769 neque
1411 732 1485 769 ego
1517 720 1751 769 negaverim
1782 733 1872 757 eum
1891 720 1933 756 in
1956 733 2021 758 ex-

313 775 528 826 cogitando
561 775 860 813 elaborandove
890 775 1027 812 libello
1060 775 1235 825 aliquam
1266 781 1421 825 partem
1452 774 1643 812 habuisse
1667 775 1833 825 eiusque
1854 776 2021 826 ingenio

312 845 395 869 non
427 832 558 869 nullos
589 831 692 869 sales
724 831 1013 881 fragrantiores
1037 831 1195 880 deberi3
1230 831 1301 868 sed
1323 831 1536 881 quominus
1558 831 1664 868 int-er
1685 832 1793 881 ipsos
1814 832 1880 869 vel
1901 832 2021 869 unius

311 888 471 925 illarum
508 887 767 937 epistolarum
805 893 987 925 auctores
1024 888 1156 924 locum
1185 887 1424 936 Eberbacllo
1466 887 1652 936 equidem
1684 887 1901 937 denegem,
1947 900 2022 925 nec

312 944 484 982 Mutiani
505 943 597 980 Rufi
627 943 678 980 ad
698 943 903 980 Petreium
930 941 1126 993 epistula⁰
1156 943 1343 992 prohibet
1362 943 1465 980 haec:
1499 942 1617 992 „Qui
1647 943 1918 981 urbanitatem
1939 957 2021 981 non

311 1000 520 1049 intelligit,
553 998 710 1036 hebetis
743 1005 801 1036 est
832 1004 870 1036 et
902 999 1032 1036 obtusi
1064 999 1208 1038 cordis,
1268 999 1351 1044 Tu,
1384 998 1502 1036 homo
1533 999 1688 1048 sagacis
1718 1005 1757 1036 et
1778 999 2020 1049 perspicacis

312 1055 486 1105 ingenii,
526 1060 565 1092 et
597 1053 742 1092 Crotus
773 1055 834 1091 vir
865 1055 1041 1092 omnium
1070 1055 1257 1091 horarum
1289 1060 1328 1091 et
1356 1054 1478 1091 valde
1509 1054 1686 1104 lepidus,
1721 1054 1869 1092 auditis
1902 1052 2019 1105 [Pau—

313 1107 438 1161 detis]
465 1116 504 1148 et
524 1110 696 1147 scribitis
719 1110 1005 1157 urbanissime,
1038 1111 1314 1155 festivissime,
1346 1110 1605 1155 facetissime,
1642 1116 1681 1147 ot
1700 1111 1845 1148 vestris
1867 1111 2020 1148 cavillis

310 1180 372 1203 me
403 1160 481 1203 iam
512 1172 789 1204 senescentem
821 1167 1003 1203 excitatis
1036 1172 1074 1204 et
1104 1166 1314 1203 restituitis
1346 1165 1443 1202 mihi
1463 1166 1682 1203 iuvenilem
1707 1166 1961 1204 dicacitatem
1983 1173 2022 1204 et

308 1222 442 1259 laetum
473 1228 593 1271 atque
624 1235 812 1260 serenum
843 1223 1065 1272 ingenium.
1126 1222 1195 1259 Dii
1226 1222 1331 1259 bene
1366 1226 1539 1259 vertant.
1600 1221 1723 1260 Salva
1753 1235 1829 1260 reS.
1890 1222 2021 1260 Saltat

309 1291 445 1315 senex.
507 1277 550 1315 Si
571 1290 670 1316 XLII.
694 1291 824 1315 annus
855 1291 993 1316 senem
1024 1278 1133 1315 facit.
1193 1278 1285 1315 Rufi
1316 1278 1392 1315 cito
1425 1283 1660 1324 canescunt,
1696 1284 1735 1315 et
1765 1279 2020 1329 quiescentes

310 1347 495 1384 corpore,
529 1335 661 1371 animo
693 1335 1001 1384 peregrinantes
1033 1335 1203 1372 celerius
1233 1334 1334 1371 fiunt
1364 1334 1520 1372 maturi.
1580 1334 1732 1372 Vale“.

398 1410 432 1451 3)
451 1410 552 1444 Hutt.
572 1409 662 1451 Opp.
679 1410 706 1444 I.
726 1421 757 1452 p.
776 1412 851 1442 302.
869 1411 886 1449 ἓ
905 1411 935 1441 8.
1057 1409 1090 1451 4)
1110 1411 1211 1444 Hutt.
1231 1410 1319 1452 Opp.
1338 1410 1404 1441 ΙΙΙ.
1425 1421 1455 1452 p.
1471 1409 1581 1444 27631.
1704 1409 1736 1449 5)
1757 1410 1858 1444 Hutt.
1879 1411 1970 1453 Opp.
1988 1412 2017 1445 Ι.

398 1476 430 1507 p.
450 1467 511 1497 131
523 1464 561 1499 ³².
687 1466 720 1506 6)
747 1466 896 1498 Tentzel
921 1466 1045 1507 Suppl.
1063 1466 1147 1497 hist.
1167 1466 1273 1499 Goth.
1291 1467 1365 1500 Ien.
1386 1467 1481 1498 1701.
1500 1465 1546 1497 4⁰.
1565 1467 1590 1500 I.
1610 1477 1641 1508 p.
1661 1467 1734 1500 153.
1753 1476 1847 1498 num.
1866 1476 2017 1498 cccxnr.

399 1520 440 1561 (s.
456 1532 487 1554 a.
504 1521 567 1553 sed
585 1525 738 1553 exeunte
758 1533 788 1554 a.
807 1524 902 1557 1513.
918 1532 944 1557 s.
959 1523 1106 1554 ineunte
1125 1532 1157 1554 a.
1177 1523 1273 1555 1514.
1294 1521 1486 1563 epistolam
1506 1522 1675 1563 scriptam
1693 1521 1823 1554 docent
1839 1523 1953 1554 verba
1972 1522 2019 1553 ‘si

399 1587 492 1611 XLII.
512 1570 628 1609 annus
646 1588 768 1623 senem
786 1578 891 1609 facit:
917 1578 1102 1610 Mutianus
1124 1589 1156 1609 a.
1178 1579 1272 1609 1472.
1293 1577 1326 1610 d.
1347 1579 1398 1609 15.
1419 1576 1500 1611 Oct.
1519 1580 1625 1609 natus
1644 1577 1750 1619 erat.)

307 1664 507 1703 AQVINAs
540 1660 608 1694 vid.
633 1658 822 1696 Thomas.

307 1753 748 1784 ARGENTORATENSIS
781 1750 849 1784 vicl.
874 1747 1009 1796 Hugo.

306 1843 532 1882 ARNOLDI,
567 1836 760 1881 Ioannes,
797 1834 959 1873 Ortvini
981 1835 1113 1873 Gratii
1142 1836 1362 1886 discipulus
1386 1832 1568 1885 (p.15²⁰),
1602 1835 1718 1872 homo
1751 1841 1846 1885 puto
1876 1848 2016 1886 quam—

307 1892 365 1928 vis
397 1906 478 1929 non
511 1893 673 1929 omnino
704 1892 836 1939 fictus,
877 1898 1012 1930 tamen
1043 1898 1149 1929 totus
1181 1891 1394 1929 obscurus:
1435 1905 1527 1928 nam
1557 1891 1643 1929 veri
1673 1892 1793 1930 valde
1826 1892 2017 1930 dissimile

306 1947 482 1994 videtur,
518 1948 569 1985 ad
601 1962 691 1986 eum
721 1949 920 1985 Ioannem
948 1948 1175 1985 Arnoldum
1204 1948 1491 1998 Bergellanum
1525 1946 1593 1995 (de
1624 1948 1737 1985 cuius
1766 1954 1903 1986 tamen
1933 1948 2017 1985 vita

306 2003 443 2041 itidem
483 2004 583 2040 nihil
624 2010 870 2054 compertum
906 2002 1143 2053 habemus),
1185 2005 1297 2041 cuius
1337 2004 1385 2041 de
1426 2004 1747 2054 chalcographiae
1778 2004 2015 2041 inventione

305 2073 447 2109 poema
479 2061 801 2098 encomiasticum
831 2059 1045 2110 superest¹,
1087 2073 1134 2097 ea
1165 2060 1380 2098 referenda
1412 2073 1497 2097 esse
1529 2073 1616 2110 quae
1649 2061 1690 2096 in
1720 2060 1827 2110 Epp.
1846 2058 1895 2098 Ο.
1914 2060 1965 2098 V.
1982 2060 2014 2097 I.

307 2117 370 2152 10.
389 2122 427 2153 et
448 2116 503 2154 ΙΙ.
523 2117 587 2155 36.
612 2117 818 2166 scripsisse
851 2115 1027 2154 Ioannes
1064 2116 1242 2166 fingitur.
1313 2115 1499 2154 Ceterum
1539 2122 1577 2153 et
1609 2115 1730 2153 Croto
1762 2122 1802 2153 et
1831 2116 2015 2153 Hutteno

305 2172 425 2208 risum
455 2173 623 2210 movisse
656 2186 745 2209 eum
776 2173 1026 2218 clericulum,
1060 2173 1123 2209 cui
1154 2172 1321 2210 Ioannis
1343 2172 1517 2209 Arnoldi
1546 2186 1759 2222 personam
1779 2172 2013 2218 induerunt,

303 2234 446 2277 sponte
478 2228 659 2278 adparet.

395 2304 427 2343 1)
446 2304 638 2345 repetitum
658 2315 712 2346 ap.
733 2305 882 2336 Ioannis
901 2307 991 2336 surr.
1009 2305 1092 2336 hist.
1113 2306 1273 2345 Mogunt.
1292 2305 1357 2337 ΙΙΙ.
1377 2316 1409 2346 p.
1425 2307 1499 2338 431.
1517 2315 1594 2345 sqq.

303 2390 547 2421 ARNOLDVS
581 2383 630 2421 de
661 2384 852 2433 Tungris.
876 2387 946 2421 vicl.
970 2385 1161 2433 Tungris.

303 2469 669 2510 BACCALAVREVS
702 2474 893 2511 formatus
925 2471 1083 2522 (p.33),
1125 2472 1250 2524 „qui¹
1285 2487 1422 2511 omnes
1454 2473 1578 2510 Actus
1614 2473 1881 2511 Scholasticos
1921 2487 2011 2511 con-

304 2530 398 2566 fecit
429 2530 481 2566 ad
510 2530 713 2567 licentiam
744 2529 1006 2567 obtinendam
1030 2559 1036 2566 .
1060 2559 1067 2566 .
1087 2560 1092 2566 .
1126 2530 1270 2580 Itaque
1292 2530 1484 2568 videntur
1504 2530 1560 2566 ita
1583 2529 1880 2580 distinguendi:
1913 2529 2011 2567 Bac-

302 2585 511 2623 calaureus
541 2586 729 2635 simplex,
764 2586 807 2622 B.
834 2585 1009 2623 Currens
1034 2583 1086 2635 [S.
1105 2583 1293 2636 Cursor],
1329 2592 1367 2623 et.
1397 2586 1443 2623 Β.
1464 2586 1680 2624 formatus:
1714 2586 1823 2637 quod
1854 2586 1899 2625 B.
1922 2587 2010 2623 sim-

301 2641 395 2691 plex
424 2642 492 2679 ille
525 2641 724 2680 diceretur
755 2643 823 2692 qui
856 2641 1037 2680 Gradum
1067 2643 1197 2692 ipsum
1229 2642 1459 2680 obtinuerat
1488 2643 1786 2691 tantummodo,
1822 2641 2009 2688 Currens,

301 2698 370 2747 qui
399 2698 441 2734 in
473 2711 588 2735 cursu
619 2704 705 2736 erat
745 2698 796 2736 ad
826 2698 1075 2745 Licentiam,
1113 2711 1184 2735 seu
1222 2699 1291 2748 qui
1318 2698 1444 2735 Actus
1481 2699 1689 2748 inceperat
1726 2698 1921 2736 conficere
1959 2698 2011 2736 ad

300 2752 494 2791 Licentiae
526 2755 872 2803 consecutionem3
912 2754 1125 2792 Formatus
1159 2754 1334 2804 denique
1366 2755 1434 2804 qui
1465 2754 1591 2791 Actus
1623 2767 1761 2792 omnes
1794 2754 2009 2801 Scholasti-

301 2822 382 2854 cos,
419 2807 685 2854 Collationes,
718 2810 1027 2860 Disputationes
1058 2811 1218 2860 aliaque
1250 2811 1445 2847 eiusmodi
1476 2810 1597 2860 plane
1629 2816 1668 2848 et
1689 2811 1851 2847 omnino
1873 2810 2007 2847 confe-

301 2870 427 2910 cerat,
460 2865 516 2901 ita
547 2871 589 2901 ut
620 2866 721 2902 nihil
752 2867 828 2916 ipsi
861 2866 1019 2904 deesset
1046 2866 1153 2905 ultra
1183 2867 1262 2904 nisi
1292 2865 1452 2904 Gradus
1481 2866 1676 2904 Licentiae
1705 2867 1918 2916 susceptio.
1951 2872 2007 2903 at—

300 2932 377 2969 que
399 2920 546 2957 idcirco
569 2921 861 2959 Baccalaureus
882 2922 1075 2960 formatus
1098 2928 1136 2959 et
1156 2922 1406 2960 Licentiatus
1428 2922 1549 2959 unica
1571 2922 1731 2960 Gradus
1753 2922 2007 2971 susceptione

390 3028 422 3069 1)
440 3028 557 3060 Bulaei
575 3029 655 3061 hist.
676 3031 770 3063 univ.
790 3032 904 3065 Paris.
923 3032 963 3065 V.
983 3043 1015 3073 p.
1029 3034 1104 3066 377.
