2119 3522
281 254 376 298 342
774 265 881 286 mom
906 260 1159 284 BIOGRAPfflCVS
1182 261 1225 282 ET
1249 258 1492 282 oxonAsncvs.

281 397 429 423 oemur.
489 381 543 419 Ut
582 394 631 418 ex
666 375 942 416 Fuldensibus
978 374 1100 411 muris
1130 372 1358 418 Huttenus,
1406 385 1459 410 ne
1497 371 1717 410 monachus
1754 373 1886 419 fieret,
1935 373 1992 412 ita

280 419 423 484 ὃΘΙῒίε,
458 450 539 474 non
570 434 774 472 nobilibus
806 431 970 483 quidem
1000 430 1073 468 secl
1101 435 1235 466 tamen
1256 428 1436 466 honestis
1459 433 1498 465 et
1519 428 1628 478 apud
1649 429 1842 478 primores
1862 429 1989 466 Fran-

279 497 348 533 eiae
377 492 584 531 honoratis
616 489 851 541 parentibus
883 492 1010 533 ortus,
1052 499 1140 523 cum
1170 485 1298 535 prima
1326 484 1552 522 litterarum
1583 484 1802 531 elementa,
1834 490 1878 522 ut
1906 491 1991 522 tum

280 551 406 588 dorsis=
438 547 718 598 capitibusque
739 543 1024 589 tradebantur,
1059 541 1166 579 domi
1185 541 1395 587 hauserat,
1429 554 1480 578 ne
1501 541 1645 577 vitium
1665 540 1848 586 culturae,
1881 539 1991 590 quod

279 605 440 643 volebat
469 615 635 654 parens,
676 602 800 638 vitam
839 599 1025 645 dederet,
1067 609 1286 635 conscensa
1323 601 1409 634 rate
1441 595 1651 634 Coloniam
1686 596 1808 646 sugit,
1850 595 1920 633 ubi
1951 596 1989 633 d.

280 664 315 699 O.
336 660 422 698 Oct.
441 673 476 696 a.
499 659 617 696 1477.
635 653 988 694 immatriculatus⁷
1019 655 1061 691 in
1090 653 1213 690 bursa
1242 652 1456 698 Montana,
1494 658 1578 689 tum
1608 666 1631 690 a
1659 652 1880 690 Valentino
1907 652 1990 688 En-

280 715 448 767 gelhartl
481 715 529 752 (le
553 713 823 752 Geltersheim
853 717 978 757 recta,
1012 709 1259 748 scholastieae
1285 707 1551 758 philosophiae
1573 708 1736 746 studere
1758 709 1891 758 coepit.
1942 708 1992 744 In

281 771 490 810 matricula
509 769 851 819 Heidelbergensi
874 767 926 805 ad
948 781 983 805 a.
1004 764 1147 803 1481*
1167 765 1335 814 legitur:
1368 793 1391 810 „
1405 763 1615 802 Com-edus
1639 763 1763 801 Celtis
1784 764 1990 809 Franco“,

280 829 341 866 cui
381 828 535 865 nomini
572 826 772 864 recentior
808 837 950 861 manus
988 819 1156 860 adiecit⁹
1187 820 1514 870 „insign.Poeta
1554 826 1593 857 et
1627 819 1862 871 Polyl1ist.“
1929 820 1992 857 Ita

369 1005 497 1036 Adami
516 1004 608 1036 Vitae
629 1002 838 1034 Germanor.
858 999 1005 1042 philoss.
1030 998 1140 1030 Hdlb.
1161 999 1256 1030 1615.
1276 997 1322 1030 8⁰.
1341 1008 1374 1039 p.
1394 999 1545 1032 29...32‚
1578 1015 1620 1019 —
1654 998 1742 1030 Aub.
1760 997 1877 1028 Miraei
1897 997 1992 1030 Bibl.

370 1061 458 1092 eccl.
486 1060 591 1091 Antv.
609 1059 704 1090 1639.
724 1057 788 1089 fol.
807 1068 839 1098 p.
854 1057 931 1089 267.
951 1053 1032 1097 [pro
1046 1051 1141 1096 279}
1160 1071 1202 1076 —
1230 1053 1312 1084 Ger.
1328 1053 1378 1086 Io.
1393 1053 1516 1084 Vossii
1533 1052 1575 1084 de
1594 1053 1758 1087 historic.
1773 1053 1870 1083 Latt.
1895 1053 1936 1087 L.
1950 1052 1993 1084 B.

372 1117 466 1148 1651.
484 1115 530 1145 4⁰.
551 1125 583 1156 p.
603 1115 678 1145 641.
698 1123 748 1154 sq.
783 1133 823 1137 —
860 1113 960 1143 Petr.
978 1110 1168 1142 Lambecii
1191 1108 1286 1140 Bibl.
1304 1108 1458 1141 vindob.
1478 1109 1575 1140 1665.
1595 1109 1657 1140 fol.
1675 1109 1705 1140 Ι.
1723 1119 1755 1150 p.
1774 1109 1827 1140 31.
1847 1118 1924 1150 sqq.
1949 1126 1993 1130 —

368 1172 472 1204 Paul.
492 1171 645 1202 Freheri
667 1169 816 1200 Theatr.
834 1168 942 1200 viror.
964 1166 1085 1198 erudd.
1116 1165 1274 1197 Norimb.
1296 1165 1393 1196 1688.
1413 1163 1473 1196 fol.
1492 1175 1525 1206 p.
1547 1165 1644 1197 1435.
1675 1182 1717 1186 —-
1754 1165 1854 1198 Hier.
1873 1163 1993 1196 Gund-

371 1228 456 1267 ling.
474 1227 510 1257 in
530 1226 632 1259 Obss,
652 1224 776 1256 select.
795 1228 879 1255 tom.
893 1224 920 1254 I.
945 1223 1004 1254 Ff.
1023 1223 1117 1256 1708.
1136 1221 1183 1254 8⁰.
1203 1224 1269 1252 art.
1285 1222 1313 1252 1.
1336 1223 1371 1252 et
1387 1220 1541 1252 maxime
1562 1231 1605 1251 ex
1622 1220 1708 1252 hoc:
1734 1220 1884 1252 Hiibner
1900 1220 1995 1252 Bibl.

368 1283 450 1314 hist.
469 1282 600 1316 Hamb.
621 1284 758 1314 centur.
775 1280 837 1312 VI.
861 1290 891 1314 c.
910 1281 963 1311 30.
995 1295 1039 1301 —
1073 1278 1235 1309 Reimann
1255 1276 1390 1310 Einlez't.
1410 1277 1443 1307 in
1461 1277 1514 1307 die
1531 1277 1650 1309 histor.
1668 1277 1749 1308 Lite.
1774 1277 1877 1308 Halle
1896 1277 1992 1310 1709.

369 1349 400 1380 p.
414 1339 492 1370 410.
511 1337 545 1372 ff.
570 1354 613 1359 —-—
638 1338 714 1369 Iac.
728 1335 943 1367 Burckhard
962 1334 1006 1365 de
1024 1334 1066 1367 L.
1081 1334 1120 1367 L.
1137 1333 1174 1364 in
1194 1333 1312 1366 Germ.
1334 1332 1434 1365 fatiS.
1453 1335 1545 1374 part.
1559 1333 1605 1363 11.
1631 1332 1816 1366 KVolfenb.
1833 1334 1931 1366 1721.
1948 1332 1994 1367 8⁰.

370 1395 517 1436 passim.
543 1411 584 1416 —
615 1393 642 1424 I.
663 1393 703 1425 C.
722 1392 889 1424 Kleibert
906 1400 1024 1433 progr.
1045 1389 1088 1422 de
1108 1399 1248 1431 agnom.
1269 1392 1305 1420 et
1322 1389 1444 1430 patria
1463 1387 1500 1420 C.
1518 1387 1643 1423 Celtis.
1668 1388 1878 1419 Suenofurti
1898 1389 1994 1420 1724.

370 1450 432 1482 fol.
470 1467 510 1472 ·-
552 1449 601 1483 Io,
620 1448 699 1482 Alb.
720 1447 882 1480 Fabricii
906 1446 1000 1479 Bibl.
1019 1447 1102 1479 Lat.
1120 1445 1213 1478 med.
1231 1444 1297 1479 inf.
1316 1447 1373 1476 aet.
1407 1444 1538 1477 Hamb.
1559 1446 1654 1478 1734.
1680 1444 1726 1476 8⁰.
1752 1445 1780 1476 I.
1806 1455 1840 1485 p.
1861 1445 1993 1476 1019...

371 1508 468 1538 1023.
500 1523 542 1527 ———
578 1506 605 1539 I.
625 1504 665 1538 G.
684 1503 895 1546 Rupprecht
916 1505 1005 1534 orat.
1026 1502 1069 1533 de
1095 1512 1166 1534 soc,
1184 1501 1238 1532 lit.
1259 1500 1371 1534 Rhen.
1398 1501 1494 1532 Ienae
1514 1501 1610 1534 1752.
1629 1499 1674 1534 4⁰.
1706 1516 1750 1522 -
1784 1500 1816 1531 J.
1838 1501 1875 1534 P.
1896 1500 1996 1532 Nice-

369 1563 460 1594 ron’s
474 1561 699 1593 Nuclzriclzlen
716 1572 744 1592 v.
760 1559 998 1600 Baumqurten.
1026 1558 1128 1590 Halle
1143 1558 1238 1591 1755.
1257 1557 1302 1591 8⁰.
1323 1556 1402 1588 XII.
1422 1568 1454 1598 p.
1469 1557 1575 1588 327...
1587 1557 1663 1589 335.
1685 1573 1727 1578 —-
1752 1556 1825 1590 Jae.
1842 1555 1997 1587 Bracker

371 1619 618 1658 Ehrentempel.
645 1615 768 1657 Auysb,
788 1616 884 1646 1747.
904 1614 949 1649 4⁰,
970 1625 1002 1656 p.
1022 1615 1215 1646 126...132.
1249 1634 1291 1638 —
1331 1613 1458 1645 Jdclzer
1477 1613 1545 1645 δεῖ.
1564 1613 1653 1646 Leae.
1683 1613 1766 1653 Lpz.
1786 1613 1881 1644 1750.
1900 1611 1948 1644 4⁰.
1967 1611 1996 1653 1,

372 1676 466 1707 1800.
486 1683 537 1714 sq.
563 1691 606 1695 —
638 1672 720 1703 Wilc
738 1672 867 1703 Νἱὶνηῖ).
890 1672 957 1702 Get.
977 1671 1066 1702 Lex.
1094 1669 1222 1701 Nz'irnb.
1243 1670 1340 1702 1755.
1358 1668 1405 1700 4⁰.
1425 1669 1454 1701 I.
1472 1679 1504 1710 p.
1526 1669 1719 1700 190...192.
1744 1670 1813 1700 und
1828 1669 1995 1702 Fortsetz.

370 1742 396 1762 v.
416 1729 597 1770 Nopitsch,
626 1728 720 1762 Altd.
739 1729 835 1760 1802.
856 1726 902 1758 4⁰.
922 1727 948 1760 I.
968 1737 1000 1768 p.
1021 1726 1212 1757 155...162.
1244 1743 1286 1747 —
1322 1725 1366 1758 H.
1385 1725 1425 1759 E.
1443 1724 1595 1766 Rumpel
1619 1734 1740 1766 progr.
1760 1724 1804 1755 de
1823 1723 1861 1755 C.
1879 1723 1995 1756 Celte.

370 1785 513 1819 ‘Ei-ford.
533 1786 629 1816 1762.
648 1783 694 1815 4⁰.
721 1801 761 1805 -—
795 1783 910 1825 Chph.
931 1782 1017 1814 Saxi
1035 1781 1260 1813 Onomastic.
1291 1780 1391 1814 Trai.
1410 1780 1455 1811 ad
1473 1780 1540 1814 Rh.
1562 1781 1656 1812 1777.
1675 1780 1722 1812 8⁰.
1739 1780 1786 1812 ΙΙ.
1803 1791 1837 1822 p.
1855 1781 1930 1812 520.
1953 1798 1998 1804 ——

371 1842 473 1873 Jlielz.
493 1842 613 1878 Denis,
639 1840 757 1872 W'iens
775 1838 1132 1879 Bzcchdr‘zcekerqesch.
1162 1837 1262 1868 W'z'en
1281 1837 1378 1869 1782.
1396 1835 1444 1868 4⁰.
1462 1846 1495 1877 p.
1515 1846 1607 1867 xvn.
1625 1837 1657 1870 8.
1677 1846 1755 1877 sqq.
1774 1853 1817 1858 —
1842 1836 1996 1878 Engelb,

373 1897 551 1939 Kliipfelii
581 1896 623 1928 de
654 1897 732 1927 vita
764 1899 800 1927 et
830 1905 897 1926 scr.
922 1894 961 1926 C.
988 1894 1102 1926 Celtis
1132 1893 1296 1925 Protucii
1417 1892 1470 1924 ed.
1496 1893 1523 1924 Ι.
1547 1891 1587 1925 C.
1608 1891 1704 1924 Ruef
1734 1896 1769 1924 et
1801 1892 1884 1926 Car.
1907 1892 1997 1925 Zell.

371 1957 495 1994 partes
513 1953 558 1988 ΙΙ,
582 1954 619 1983 in
636 1951 682 1984 4⁰.
716 1951 888 1992 Friburgi
912 1951 1010 1982 1827.
1042 1968 1085 1972 -—
1125 1951 1169 1983 H.
1190 1950 1233 1984 A.
1254 1949 1396 1980 Erhard
1415 1948 1608 1980 Gesehiclzte
1626 1949 1658 1982 d.
1674 1949 1729 1980 W.
1751 1950 1782 1980 d.
1799 1949 1996 1989 Pl'issenselz.

371 2009 437 2041 Ba.
456 2010 504 2041 II.
530 2008 691 2050 Jlafflleb.
712 2009 806 2041 1830,
825 2006 870 2039 8⁰.
890 2018 923 2049 p.
944 2008 960 2037 1
1020 2007 1093 2038 146.
1120 2007 1189 2037 und
1210 2006 1289 2039 Art.
1310 2003 1456 2037 ‘Celtes‘
1475 2005 1507 2036 in
1526 2004 1636 2036 Erselz
1660 2016 1689 2035 ιι.
1710 2004 1870 2036 Gruber's
1887 2005 1998 2046 Eneys-

372 2068 458 2106 elop.
481 2065 544 2099 lid.
562 2065 657 2095 XXI.
675 2075 708 2106 p.
729 2065 920 2095 135...141.
939 2061 1057 2103 (1830.
1076 2061 1144 2102 4⁰.)
1177 2078 1219 2083 --
1261 2061 1296 2096 C.
1314 2062 1347 2091 J.
1366 2061 1466 2092 chz'tlz
1482 2061 1598 2092 Kurze
1617 2060 1733 2092 Skizze
1758 2073 1787 2092 v.
1875 2061 1997 2093 Celtes.

378 2121 515 2155 Wizrzb,
533 2122 628 2153 1852.
647 2119 693 2151 4⁰.
718 2136 762 2141 —
788 2119 831 2153 K.
848 2119 1032 2150 Endlicher
1048 2119 1081 2149 in
1098 2119 1292 2158 Ilormagsrs
1310 2117 1435 2148 Archiv
1454 2118 1552 2149 1830.
1568 2115 1612 2157 (22)
1638 2134 1681 2139 —-
1706 2117 1747 2148 L.
1765 2117 1920 2149 Harusser
1934 2118 1998 2150 Die

373 2177 532 2217 Anfci'ngye
550 2178 611 2208 der·
627 2175 729 2209 klass.
749 2175 888 2207 Studien
905 2186 944 2206 :zc
961 2174 1179 2215 Heidelberg.
1198 2172 1243 2204 80.
1264 2185 1297 2215 p.
1313 2175 1460 2205 23...30.
1486 2191 1528 2194 —
1556 2174 1594 2207 F.
1610 2173 1642 2206 -].
1658 2185 1686 2206 v.
1704 2173 1833 2205 Bianco
1854 2174 1914 2204 Die
1932 2175 1998 2205 alte

376 2233 470 2265 Unio.
488 2232 591 2266 Ko‘ln.
611 2233 706 2264 1855.
725 2231 770 2263 80.
790 2231 817 2264 Ι.
837 2242 869 2272 p.
890 2232 965 2263 667.
987 2241 1038 2272 sq.
1070 2248 1113 2252 —
1144 2231 1216 2263 Jos.
1235 2230 1427 2269 Asdzbaeh,
1452 2230 1622 2261 Roswz'tlza
1646 2240 1676 2260 n.
1697 2229 1795 2263 Conr.
1816 2229 1940 2267 Colles,
1964 2231 1999 2261 in

376 2288 699 2329 Sitzungssberielzten
717 2289 779 2319 cler
795 2287 878 2319 lcaz's.
900 2287 1014 2320 Alcad.
1033 2288 1095 2319 der
1114 2286 1319 2318 Wissensck.
1344 2286 1439 2318 LVI.
1458 2285 1521 2317 Bd.
1541 2285 1632 2317 Heft
1650 2286 1680 2318 1.
1714 2285 1815 2317 VVz'en
1834 2285 1930 2319 1867.
1949 2285 1997 2320 8⁰.

376 2345 409 2375 S.
430 2344 552 2375 1...62.
603 2342 811 2383 (Roswithae
838 2342 1010 2385 opuscula
1037 2353 1058 2374 a
1077 2341 1180 2374 Celte
1206 2341 1466 2382 sodalibusque
1493 2340 1646 2372 conficta
1671 2351 1751 2372 esse
1775 2341 1911 2372 frustra
1938 2341 1998 2373 de-

374 2402 574 2431 monstrare
598 2399 716 2430 voluit
743 2402 882 2431 auctor.
919 2409 990 2430 non
1014 2398 1118 2430 nulla.
1142 2407 1224 2429 vero
1249 2397 1357 2428 utilia
1382 2407 1478 2428 nova
1496 2396 1539 2428 de
1559 2391 1674 2428 Celtis
1691 2397 1767 2428 vita
1784 2397 1999 2438 scriptisque

376 2456 538 2487 continet
562 2454 841 2495 commentatio.)
891 2456 980 2494 Quae
1007 2466 1050 2486 ex
1076 2454 1236 2486 eiusdem
1264 2453 1423 2485 auctoris
1448 2453 1694 2494 disputatione
1721 2454 1814 2494 „Die
1835 2453 2000 2493 [rimer-en

383 2513 645 2553 Whrzder‘zcnyen
670 2513 729 2543 [les
750 2512 884 2543 Conrad
904 2511 1010 2543 Celtes
1035 2512 1104 2543 und
1126 2511 1180 2542 die
1199 2510 1358 2552 Anfd‘nye
1384 2511 1446 2541 der
1469 2520 1532 2541 von
1555 2510 1618 2541 ihm
1643 2509 1846 2541 er'rz'clzteten
1870 2510 1999 2550 gelehr-

375 2573 430 2599 ten
456 2566 698 2599 Sodalz'td'ten“
731 2567 850 2599 relata
882 2570 966 2598 sunt
995 2567 1032 2598 in
1064 2565 1388 2608 Sitzungsbericht.
1416 2566 1512 2599 1861.
1537 2570 1587 2597 n0.
1605 2576 1681 2597 XXI.
1702 2576 1735 2607 p.
1755 2567 1808 2598 33.
1829 2575 1883 2606 sq.
1902 2565 2000 2597 infra

376 2627 448 2655 not.
466 2625 518 2657 15.
540 2623 805 2656 adnotavimus.
921 2623 954 2663 7)
982 2623 1023 2654 In
1049 2622 1257 2654 Coloniensi
1285 2621 1479 2652 matricula
1506 2621 1550 2653 ad
1576 2632 1607 2655 a.
1629 2623 1726 2653 1477.
1745 2621 1894 2663 legitur:
1928 2621 2001 2663 „In

378 2680 434 2712 die
453 2679 487 2713 S.
505 2679 673 2721 Dionysii
690 2679 858 2720 martyris
877 2682 944 2710 etc.
966 2678 1152 2710 Conradus
1171 2678 1293 2709 Zeltes
1316 2688 1386 2709 non
1410 2677 1560 2718 iuravit,
1587 2678 1672 2720 quia
1689 2678 1908 2710 minorennis
1926 2682 2000 2719 est3

378 2738 414 2767 et
431 2735 603 2767 Dominus
621 2736 785 2767 Andreas
811 2736 854 2767 de
874 2734 1104 2775 Thenlohen,
1129 2733 1402 2766 Baccalaureus
1427 2734 1463 2764 in
1490 2733 1672 2776 theologia
1697 2734 1890 2775 formatus,
1916 2734 2000 2766 fide-

376 2791 483 2821 iussit
508 2801 570 2831 pro
597 2801 638 2822 eo
664 2791 699 2822 in
725 2791 842 2823 forma
868 2794 1059 2828 consueta3
1094 2794 1129 2821 et
1155 2790 1239 2831 quia
1264 2789 1403 2821 medius
1428 2800 1567 2832 pauper
1592 2791 1679 2830 fuit,
1709 2789 1818 2822 solvit
1842 2792 1862 2823 8
1887 2790 2001 2822 schil-

380 2845 494 2886 ling.“
542 2845 691 2887 Kliipfel
710 2848 738 2880 I.
756 2858 789 2888 p.
809 2848 863 2880 54.
971 2848 1006 2884 8)
1034 2846 1246 2878 Schwabius
1273 2846 1415 2887 quidem
1433 2845 1584 2888 (Syllab.
1604 2848 1732 2878 rector.
1751 2845 1860 2880 Hdlb.
1880 2857 1913 2888 p.
1932 2846 2000 2884 76.)

378 2901 471 2932 hanc
495 2902 771 2943 inscriptionum
797 2903 843 2934 ad
868 2912 998 2934 annum
1018 2903 1114 2934 1487.
1133 2902 1291 2944 repetiit.
1333 2902 1395 2934 sed
1414 2902 1496 2934 vide
1522 2906 1647 2934 contra
1665 2902 1828 2943 Kliipfel.
1846 2902 1874 2935 I.
1894 2913 1926 2944 p.
1947 2903 2000 2936 58.

378 2961 450 2990 not.
470 2959 501 2989 6.
623 2958 656 2997 9)
682 2958 933 2990 Recentiorem
958 2968 1101 2990 manum
1129 2969 1208 2990 esse
1234 2958 1330 2999 quod
1355 2960 1429 2990 iam
1453 2959 1577 3000 Kliipf.
1597 2958 1618 2991 l.
1639 2969 1668 2990 c.
1688 2959 1898 2999 suspicatus
1923 2959 2002 2990 fue·

380 3016 454 3053 rat,
491 3016 617 3054 aperte
643 3016 799 3045 testatus
824 3018 888 3051 ‚est
918 3014 1134 3047 Haeusserus
1166 3013 1253 3055 (Die
1282 3015 1441 3056 Anfdnqe
1471 3016 1533 3047 der
1560 3014 1765 3047 klassisclzen
1794 3014 1933 3047 Studien
1963 3026 2003 3048 zu

380 3068 606 3109 Heidelberg)
633 3080 665 3110 p.
685 3071 737 3103 24.
