2119 3522
571 217 621 237 ΕΡ.
636 213 676 238 22.
704 215 910 237 GERHARDVS
935 215 1186 237 scfflRRVvas
1210 215 1368 237 offrvmo.
1731 197 1827 242 569

118 276 203 317 Pag.
219 274 284 310 33.
1236 273 1323 314 Pag.
1338 274 1389 304 33.
1410 283 1438 303 v.
1454 280 1484 304 21
1505 298 1509 302 .
1527 298 1532 302 .
1551 298 1555 303 .
1574 273 1660 314 Pag.
1675 275 1726 305 34.
1742 284 1770 304 v.
1786 281 1827 305 25.

207 338 267 361 mo
292 328 433 372 templo
459 327 655 362 Coloniae.“
687 326 732 360 ef.
751 326 958 360 Sacrarium
983 326 1042 359 cit.
1061 338 1095 370 p.
1114 329 1188 360 335.
1222 325 1323 359 Alios
1340 327 1414 360 tres
1432 337 1537 371 reges
1551 326 1711 360 Coloniae
1738 327 1829 360 vidit

207 382 374 417 Euricius
392 383 541 425 Cordus,
568 382 631 426 qui
657 394 702 415 m.
721 381 808 426 Apr.
828 393 858 415 a.
879 386 973 416 1521.
1000 382 1209 416 Camerario
1233 382 1395 426 scripsit:
1423 409 1459 423 Π.
1479 409 1485 416 .
1504 381 1559 415 De
1586 381 1829 426 ineptioribus

208 439 281 473 iam
318 439 454 481 scribo,
493 438 665 472 nimirum
699 438 744 471 de
777 437 975 482 Theologis
1012 437 1290 472 Coloniensibus
1309 466 1419 472 .....
1445 437 1545 471 Nihil
1584 438 1642 471 hic
1674 438 1825 482 dignum

207 495 376 539 spectatu
403 494 490 536 vidi,
516 494 652 538 praeter
675 494 751 527 tres
775 492 906 537 Reges
926 493 989 526 sed
1015 498 1131 537 quos?
1158 493 1338 528 Comitem
1364 494 1603 536 Nuenarium,
1632 494 1827 528 Caesarium

208 551 246 584 et
270 550 433 584 Sobiuni.
466 549 521 584 De
547 549 628 583 aliis
652 548 745 582 nihil
763 548 853 581 mihi
878 549 1047 583 constat.
1067 577 1073 582 .
1093 552 1131 582 .⁴‘
1164 550 1369 593 Epistolam
1394 550 1511 583 totam
1530 549 1644 583 hahes
1670 550 1705 583 in
1724 550 1828 583 Hutt.

207 606 301 650 Opp.
321 606 364 638 II.
384 618 418 649 p.
437 609 487 640 51.

118 666 157 696 31
185 673 228 696 ea:
258 661 479 706 Vestplmlia]
506 661 649 694 Bonum
669 661 806 694 factum
831 660 932 703 quod
949 660 1079 694 erotus
1104 661 1260 695 nescivit
1277 662 1477 705 aliquando
1503 662 1576 696 tres
1594 673 1700 706 reges
1720 661 1827 695 Arns-

205 717 329 761 bergae
354 717 591 751 adservatum
617 716 670 750 iri.

116 777 156 807 31
182 773 330 817 yladms
354 777 386 807 et
403 773 486 816 clip.
504 784 530 807 s.
548 772 672 816 Mica]
700 772 746 805 ad
765 771 986 815 Almcalyps.
1006 771 1083 805 XII.
1103 776 1132 806 7.
1151 784 1229 816 sqq.
1248 772 1397 816 depicti.
1416 785 1497 817 quae
1523 774 1556 806 h.
1576 774 1595 806 1.
1616 774 1827 808 memorata).

205 828 370 872 reliquiae
395 829 492 862 inter
510 828 744 862 Colonienses
770 828 804 861 in
825 827 990 861 Sacrario
1017 828 1075 861 eit.
1096 840 1167 862 uon
1194 830 1468 862 enumerantur.
1486 829 1608 864 neseio
1627 840 1673 863 an
1692 830 1828 864 Bonna>

205 896 277 919 non
304 885 447 926 extent,
474 884 537 918 ubi
563 884 662 917 certo
688 883 798 918 hodie
823 895 935 927 supra
959 884 1103 927 portam
1125 884 1421 918 Confluentinam
1448 884 1583 918 dictam
1610 887 1729 919 totum
1748 897 1826 919 san-

205 942 304 974 etum
329 940 549 974 Miehaelem
575 940 795 974 deauratum
820 938 1015 980 habemus,
1042 941 1236 973 stanneum
1262 940 1363 983 puto.

114 1001 156 1032 34
181 997 231 1031 ad
258 997 386 1041 z'ynem]
413 996 464 1030 Cf.
483 995 674 1040 Triumph.
693 995 844 1029 Reuchl.
866 1009 894 1029 v.
909 1006 966 1029 532.
982 1009 1048 1038 sqq.
1067 996 1191 1038 (Hutt.
1212 1000 1306 1040 (Jpp.
1324 996 1387 1029 ΙΙΙ.
1406 1008 1440 1040 p.
1460 999 1534 1030 431.
1552 998 1619 1039 sqs)
1645 997 1689 1030 de
1710 997 1826 1030 Hoeh-

205 1053 331 1087 strat-o.

114 1112 198 1153 Pag.
220 1110 282 1146 34.

114 1170 133 1198 2
159 1166 437 1209 combusserant]
464 1166 507 1199 cf.
526 1165 572 1199 ad
598 1166 687 1199 30²⁰.

114 1226 134 1255 4
159 1221 414 1265 Ecclesiastic]
441 1220 537 1254 VIH.
559 1225 608 1255 17.

116 1282 133 1311 7
162 1277 416 1311 izcclicaoermzt
436 1305 441 1309 .
462 1305 467 1310 .
490 1277 729 1320 Colom‘ensesl
756 1278 799 1310 ef.
819 1277 949 1321 Consp.
969 1277 1131 1311 chronol.
1151 1287 1180 1311 a.
1202 1280 1296 1311 1514.
1312 1277 1344 1310 d.
1368 1282 1415 1311 10.
1435 1277 1539 1311 Febr.
1566 1282 1595 1312 2.
1616 1278 1707 1323 Aug.

117 1337 153 1366 11
184 1333 352 1367 Theocler.
371 1333 416 1366 (le
442 1333 590 1377 Gauda]
618 1334 661 1367 cf.
679 1334 757 1366 lnd.
778 1333 893 1377 biogr.
912 1333 944 1366 h.
964 1334 1030 1366 art.
1051 1334 1088 1366 et
1113 1333 1189 1366 Ind.
1209 1344 1293 1366 serr.
1312 1345 1345 1377 p.
1365 1338 1416 1368 89..
1435 1346 1468 1367 n.
1489 1346 1557 1367 XVI.

117 1394 156 1422 13
182 1389 332 1433 Psalmi]
358 1388 470 1421 XXV.
489 1393 518 1422 5.

116 1449 156 1478 15
182 1448 295 1478 mater
318 1455 347 1477 0.
365 1445 477 1488 stult]
509 1457 618 1488 quam
652 1446 809 1479 matrem
841 1445 1044 1479 studiorum
1080 1445 1117 1478 et
1141 1445 1305 1478 omnium
1340 1445 1621 1479 universitatum
1649 1447 1687 1479 et
1712 1446 1828 1479 omnis

204 1500 394 1544 sapientiae
420 1501 609 1545 appellare
635 1501 819 1543 solebant,
847 1512 967 1544 neque
995 1500 1185 1542 inmerito,
1219 1500 1281 1544 qui
1309 1501 1405 1535 inter
1430 1501 1685 1535 scholasticam
1712 1502 1827 1546 philo-

204 1556 371 1600 sophiam
397 1557 435 1590 ot
458 1556 680 1601 sapientiam
706 1557 798 1590 nihil
823 1557 998 1591 interesse
1025 1556 1284 1600 opinabantur.

116 1615 156 1645 16
180 1612 388 1657 Αἶθηιαηὶα]
415 1613 490 1647 sive
516 1612 706 1655 Ahnania,
739 1613 781 1646 ut
810 1612 995 1656 hodieque
1029 1612 1127 1656 apud
1154 1612 1266 1646 Italos
1293 1612 1492 1657 Gallosque
1526 1614 1643 1647 totam
1677 1613 1813 1648 Germa

204 1668 301 1702 niam
329 1668 522 1714 signifieat.

116 1728 155 1758 17
180 1726 388 1760 senm'nasset
414 1753 419 1758 .
441 1753 445 1757 .
466 1753 471 1758 .
498 1726 709 1770 vanitatem]
742 1725 837 1759 Sane
860 1725 897 1758 111
922 1725 1179 1760 scholasticam
1199 1726 1311 1760 etiam
1328 1725 1600 1770 philosophiam
1622 1726 1722 1760 cadit
1737 1726 1828 1760 illud

204 1781 369 1815 Heroum
402 1781 465 1814 filii
503 1793 626 1816 noxae:
664 1793 751 1815 nam
782 1782 963 1825 quantum
1000 1782 1132 1816 saeculo
1164 1782 1260 1816 XVI.
1279 1782 1431 1816 mutatae
1468 1783 1574 1815 erant
1611 1782 1829 1816 universitas

204 1836 419 1871 Parisiensis
444 1837 596 1881 eiusque
623 1837 707 1872 filiae
732 1837 1075 1882 Heidelbergensis,
1104 1838 1346 1879 Coloniensis‚
1375 1837 1629 1880 Lovaniensis,
1657 1838 1754 1879 alife,
1782 1838 1827 1871 ab

205 1892 279 1935 illa⁷
306 1893 342 1926 111
369 1904 442 1937 qua
466 1893 683 1927 Abaelardus
708 1895 746 1928 et
769 1894 901 1928 Petrus
925 1893 1155 1928 Lombardus
1180 1894 1373 1929 docebant.

116 1948 287 1982 Thalnam
305 1975 311 1982 .
327 1976 333 1982 .
350 1976 356 1982 .
376 1949 586 1994 damnatus]
607 1945 835 1984 Consultatio
854 1950 1052 1984 academiae
1070 1950 1297 1985 Coloniensis
1323 1949 1355 1983 d.
1374 1954 1403 1983 9.
1420 1949 1511 1983 Νον.
1532 1962 1561 1983 a.
1580 1954 1672 1984 1510.
1691 1952 1737 1984 ad
1762 1950 1827 1984 im-

204 2005 414 2047 peratorem
455 2006 587 2039 emissa
631 2017 689 2050 ap.
707 2006 942 2050 Pepericorn.
959 2005 1106 2040 Defens.
1130 2018 1165 2050 p.
1184 2011 1236 2040 94.
1256 2006 1312 2039 ed.
1332 2018 1365 2039 n.
1390 2006 1514 2039 statim
1552 2006 1656 2040 initio
1697 2007 1826 2040 habet:

153 2063 161 2069 “
205 2060 330 2101 „Quia
354 2061 591 2095 manifestum
618 2063 674 2096 est
703 2062 839 2096 librum
865 2062 1064 2104 Iudeorum
1089 2073 1200 2105 quem
1226 2062 1403 2095 Thalmut
1433 2064 1568 2096 vocant
1598 2063 1721 2097 tantos
1745 2074 1827 2096 eon<

207 2115 323 2149 tinere
350 2117 485 2150 nedum
512 2129 654 2152 errores
679 2119 717 2151 et
740 2118 932 2159 falsitates,
953 2118 1199 2151 verumetiam
1224 2118 1474 2162 blasphemias
1493 2147 1498 2151 .
1518 2145 1525 2152 .
1544 2145 1551 2152 .
1570 2119 1722 2162 propter
1747 2130 1828 2162 quae

291 2171 490 2217 Gregorius
528 2174 566 2207 et
595 2174 831 2208 Innocentius
867 2174 1140 2208 mandaverunt
1173 2174 1330 2208 eundem
1380 2174 1515 2208 librum
1553 2174 1744 2208 comburi.
1764 2177 1827 2208 ..⁴⁶

205 2227 349 2262 Similia
364 2229 540 2274 leguntur
557 2230 593 2263 in
612 2229 953 2274 Meg-untinensium
971 2229 1253 2271 consultatione,
1282 2230 1338 2263 ed.
1356 2231 1416 2264 cit.
1435 2242 1469 2274 p.
1488 2234 1559 2271 96.;
1587 2230 1828 2264 Hochstratus

204 2284 328 2317 autem
354 2284 391 2318 111
417 2296 483 2319 sua
507 2286 660 2319 consult.
680 2288 727 2330 (p.
747 2290 799 2320 99.
817 2286 921 2325 ibid.)
950 2289 1003 2319 ‘se
1030 2286 1144 2319 refert
1168 2286 1213 2319 ad
1247 2286 1467 2320 sententiam
1501 2286 1735 2320 dominorum
1767 2286 1827 2320 do-

204 2340 347 2373 ctorum
374 2340 419 2373 de
439 2369 444 2374 .
466 2369 471 2375 .
490 2342 770 2385 praeclarissima
794 2341 1036 2375 universitate
1063 2341 1300 2375 Coloniensi'.

113 2400 156 2429 20
180 2396 224 2429 P.
242 2396 379 2442 Meyer]
407 2398 450 2430 ef.
470 2397 547 2431 Ind.
566 2398 683 2442 biogr.
702 2399 736 2432 h.
755 2398 821 2432 art.
839 2397 946 2431 Hunc
970 2397 1124 2431 Petrum
1142 2397 1329 2431 Huttenus
1347 2397 1456 2442 (Opp.
1476 2398 1500 2431 l.
1518 2410 1553 2441 p.
1577 2401 1649 2432 165.
1669 2402 1687 2439 ξ
1706 2400 1751 2441 5.)
1775 2398 1827 2431 in-

204 2452 456 2486 doctissimum
485 2453 651 2487 omnium
682 2455 747 2498 qui
772 2454 952 2499 Capnioni
985 2453 1172 2496 invident,
1200 2453 1379 2488 audacem
1411 2455 1536 2487 tamen
1568 2455 1605 2487 et
1635 2453 1830 2499 insigniter

203 2508 436 2552 petulantem
461 2509 560 2543 dicit.

114 2567 156 2597 25
181 2563 421 2598 Fon-tantiam
444 2565 549 2610 fedei]
575 2566 705 2599 contra
730 2566 816 2600 fidei
842 2566 1056 2600 Christianae
1082 2566 1222 2607 hostes,
1248 2565 1429 2609 Alphonsi
1454 2565 1499 2599 de
1526 2564 1648 2608 Spina.
1681 2566 1724 2598 ef.
1749 2565 1827 2598 Ind.

202 2620 320 2663 hiogr.
338 2632 371 2653 v.
386 2619 636 2655 Fortalicium.
670 2621 758 2663 Quae
775 2622 809 2655 h.
823 2622 847 2655 l.
866 2622 1058 2666 disputant
1070 2622 1169 2656 inter
1183 2632 1220 2655 se
1236 2622 1414 2665 magister
1428 2621 1560 2654 Petrus
1582 2622 1619 2655 et
1635 2621 1696 2655 ille
1715 2622 1827 2655 trufa—

204 2676 271 2716 tor,
283 2676 515 2719 explicantur
522 2676 679 2711 hocloco
689 2676 922 2711 Defensionis
930 2677 1206 2711 Reuehlinianae
1216 2677 1287 2719 (ed.
1300 2681 1394 2711 1513.
1406 2689 1440 2720 p.
1451 2677 1494 2710 lb.
1506 2676 1561 2710 ed.
1572 2680 1666 2710 1514.
1676 2688 1709 2719 p.
1719 2676 1746 2709 L
1755 2679 1826 2720 ΡΨ

205 2730 348 2765 Deinde
373 2732 592 2766 secundaria
617 2733 796 2767 divisione
823 2733 973 2766 distinxi
998 2760 1003 2766 .
1024 2760 1030 2766 .
1054 2732 1224 2766 thalmud
1248 2733 1286 2765 in
1311 2732 1559 2776 blasphemias
1584 2744 1648 2766 seu
1673 2733 1828 2767 haereses

206 2798 249 2820 ex
283 2798 371 2829 una,
410 2788 447 2821 et
477 2788 669 2822 fatuitates
699 2790 810 2832 atque
841 2788 1021 2822 stulticias
1053 2799 1096 2822 ex
1133 2788 1252 2822 altera
1287 2788 1455 2832 partibus
1503 2787 1737 2832 Subiungens
1768 2799 1827 2821 me
1858 2799 1862 2801 ’

206 2853 277 2876 11011
296 2854 401 2887 posse
419 2843 509 2877 talia
526 2843 720 2878 ostendere
738 2844 776 2876 in
800 2844 890 2878 locis
906 2844 1076 2888 propriis,
1103 2844 1192 2888 quia
1207 2844 1452 2878 thalmudista
1467 2854 1657 2887 nunquam
1682 2844 1826 2885 fuerim,

206 2898 269 2932 scd
301 2911 382 2942 quae
413 2899 651 2944 cognoverim
683 2910 728 2933 ex
758 2900 890 2933 nostris
922 2910 966 2933 ea
995 2900 1171 2941 referam,
1202 2900 1244 2933 ut
1273 2899 1412 2944 legitur
1441 2899 1480 2933 in
1510 2899 1708 2934 Fortalieio
1740 2900 1828 2934 fidei

204 2954 299 2988 libro
324 2955 435 2989 tertio
461 2955 767 2999 consyderatioue
786 2957 918 2990 octava
942 2956 980 2989 et
1005 2956 1102 2997 ante,
1129 2955 1193 2988 ubi
1218 2966 1262 2989 ea
1279 2967 1360 2999 quae
1384 2955 1494 2990 iudaei
1512 2956 1640 2990 contra
1664 2957 1827 2990 nostram

205 3010 317 3044 fidem
343 3011 482 3054 dicunt,
509 3012 587 3055 ipse
613 3012 742 3046 auctor
759 3011 925 3056 quisquis
950 3011 1021 3045 fuit
1044 3011 1212 3045 nominat
1236 3010 1430 3054 caecitates,
1456 3011 1549 3045 falsa
1573 3011 1767 3046 mendacia
1792 3013 1829 3045 et
