2119 3522
281 215 376 260 330
771 233 877 255 INDEX
901 230 1152 254 BIOGRAPHICVS
1176 232 1217 253 ET
1241 229 1483 254 ONOMASTIGVS.

278 355 579 378 wmrnussnnenusr
615 345 846 377 universitati
876 343 988 375 studii
1018 343 1200 386 generalis
1232 353 1297 384 per
1324 343 1475 385 primum
1506 345 1788 386 quinquennium
1819 349 1984 388 sumptus

278 401 500 433 necessarios
523 401 600 442 ipse
627 399 792 431 eonditor
813 398 1043 431 Friedericus
1062 398 1218 441 Sapiens
1243 409 1365 432 omnes
1391 399 1508 441 dedit,
1535 400 1598 432 sed
1624 411 1656 432 a.
1678 402 1774 433 1507.
1791 401 1848 433 illi
1872 402 1982 435 eolle-

278 457 379 497 giata
404 455 561 487 ecclesia
587 455 741 487 omnium
761 454 822 487 SS.
843 465 921 486 cum
946 455 1125 487 reditibus
1150 455 1313 496 vicisque
1331 456 1563 498 incorporata
1582 458 1655 496 est,
1681 461 1984 499 accesseruntque

276 510 464 553 paullatim
496 510 570 542 alia
594 510 778 553 stipendia
802 511 924 551 varia,
957 520 1104 552 quorum
1128 521 1299 543 numerus
1324 521 1357 542 a.
1378 512 1475 544 1578.
1495 512 1540 544 ab
1567 512 1726 544 electore
1750 511 1912 555 Augusto
1938 513 1983 546 ad

276 577 319 599 01,
346 570 474 598 auctus
499 570 570 607 est,
596 576 667 598 non
693 566 940 598 adnumeratis
965 566 1012 598 iis
1037 566 1249 608 stipendiis,
1280 576 1359 607 quae
1384 567 1519 608 privati
1542 566 1703 599 homines
1729 568 1984 603 fundaverant.

275 622 369 653 idem
386 621 666 663 Augustinorum
691 622 965 660 monasterium,
993 622 1053 654 eui
1078 622 1259 664 quondam
1276 621 1500 663 Staupitzius
1518 623 1677 655 vicarius
1694 623 1877 665 generalis
1893 634 1983 666 prae-

276 678 396 709 fuerat
420 677 586 719 quodque
608 678 808 718 Lutherus,
835 688 866 710 a.
887 679 984 710 1508.
1003 678 1262 720 Vitenbergam
1286 680 1435 710 vocatus
1459 677 1751 720 inhabitaverat,
1779 682 1814 711 et
1839 679 1883 711 ab
1910 679 1983 712 ele-

276 737 374 765 ctore
397 733 558 765 Iohanne
585 744 616 766 a.
637 735 734 766 1527.
753 734 845 765 dono
871 737 1081 776 acceperat,
1110 745 1143 767 a.
1163 734 1258 767 1564.
1276 744 1298 765 a
1315 733 1465 765 Lutheri
1495 733 1690 766 heredibus
1720 737 1875 776 emptum
1904 735 1984 766 uni-

274 789 443 820 versitati
461 788 625 829 donavit,
649 789 744 821 unde
768 789 906 822 celebre
923 789 1141 832 ‘Collegium
1158 788 1325 832 Augusti’
1344 790 1520 832 originem
1539 790 1702 832 sumpsit.
1742 789 1982 823 ‘Convictum’

276 845 438 886 quidem,
464 846 526 878 ubi
550 855 729 887 pauperes
755 845 956 886 alerentur,
981 846 1054 877 iam
1079 845 1164 878 olim
1187 846 1375 878 academia
1399 845 1596 886 habuerat,
1622 846 1685 878 sed
1708 846 1744 878 id
1771 856 1911 888 quoque
1937 847 1982 878 ab

274 901 439 942 Augusto
463 901 610 942 collegii
634 901 826 933 fundatore
852 901 1086 933 reformatum
1112 904 1328 943 auctumque
1353 905 1427 943 est,
1453 905 1492 933 ut
1510 903 1613 944 quasi
1629 912 1760 934 novum
1776 903 1982 935 institutum

274 956 470 992 videretur.
519 957 575 989 Cf.
595 957 783 990 Grolzmamz
802 958 956 993 Annalem
980 959 1042 989 cler
1062 958 1220 989 Wittenb.
1243 958 1336 992 Unz'v.
1361 958 1511 990 llleissen
1529 959 1624 991 1801.
1644 957 1691 989 8⁰.
1709 961 1801 1000 part.
1820 959 1847 990 Ι.

276 1044 498 1075 BVSCHIVS
524 1035 609 1086 (von
632 1040 712 1074 clem
734 1036 939 1086 Busselae),
962 1037 1235 1083 Hermannus,
1258 1037 1489 1087 Pasiphilus
1511 1039 1833 1088 cognominatus,
1856 1037 1984 1076 nobili

275 1106 423 1142 genere
446 1093 712 1143 Sassenbergi
731 1093 956 1130 Westfaliae
986 1107 1021 1131 a.
1046 1094 1166 1130 1468.
1189 1099 1307 1130 natus
1328 1094 1566 1144 Dulmaeque
1589 1108 1624 1131 a.
1651 1094 1770 1131 1534.
1791 1099 1980 1141 mortuus,

273 1149 397 1198 Hegii
429 1149 666 1199 discipulus,
700 1150 806 1185 inter
835 1149 1132 1186 renascentium
1160 1149 1385 1187 litterarum
1415 1149 1651 1187 educatores
1674 1149 1902 1200 altoresque
1924 1150 1982 1187 in-

274 1205 572 1253 geniosissimos
594 1205 847 1254 Huttenique
878 1205 1024 1242 amicos
1055 1218 1100 1242 ae
1121 1203 1441 1243 Reuchlinistas¹
1471 1205 1621 1256 ubique
1643 1206 1900 1256 conspicuus,
1935 1219 1984 1243 ex

272 1260 393 1297 Italia
424 1274 607 1297 reversus
638 1261 679 1297 in
706 1261 818 1297 nulla
846 1274 961 1313 paene
991 1261 1158 1298 dixerim
1181 1260 1408 1299 Germaniae
1431 1262 1591 1299 civitate
1612 1275 1695 1299 non
1719 1261 1866 1299 docens
1889 1263 1981 1299 emi-

274 1322 360 1362 net,
393 1315 656 1354 Hollandiam
689 1329 848 1366 quoque
879 1322 918 1354 et
938 1316 1130 1366 Angliam
1159 1317 1279 1364 vidit,
1313 1323 1358 1355 ut
1386 1318 1530 1355 mirum
1560 1331 1642 1355 non
1673 1318 1724 1355 sit
1751 1318 1873 1355 vitam
1896 1318 1982 1356 eius

272 1378 331 1409 tot
361 1373 575 1422 scriptores
606 1372 820 1426 breviusve
850 1373 1050 1420 fusiusve,
1083 1374 1178 1410 satis
1203 1379 1343 1411 exacte
1365 1373 1497 1411 adhuc
1518 1374 1720 1412 neminem
1740 1371 1979 1424 scripsisse²,

274 1441 443 1477 quorum
484 1428 667 1479 plerique
712 1429 841 1466 virum
885 1430 991 1466 inter
1032 1430 1264 1467 inventores
1312 1431 1679 1480 eompositoresque
1725 1430 1982 1480 epistolarum

274 1482 323 1521 O.
342 1483 390 1522 V.
415 1489 484 1521 aut
515 1490 621 1522 certe
652 1485 866 1522 multorum
897 1498 1033 1522 earum
1063 1491 1320 1523 scommatum
1351 1487 1552 1536 praecipue
1579 1485 1891 1524 Rostochienses
1914 1486 1981 1524 Li-

272 1540 534 1590 psiensesque
564 1540 842 1591 sugillantium
872 1541 1039 1591 agnosci
1068 1554 1187 1592 posse
1219 1542 1373 1592 opinati
1403 1548 1514 1589 sunt,
1549 1555 1637 1579 cum
1667 1542 1764 1579 mihi
1791 1555 1875 1579 non
1895 1543 1981 1592 qui-

275 1595 364 1633 dem
385 1596 538 1633 nullam
561 1610 696 1634 earum
717 1597 789 1634 sed
810 1603 945 1635 tamen
968 1610 1055 1635 eam
1075 1603 1231 1635 tantum
1253 1598 1396 1635 fecisse
1416 1598 1614 1645 videatur,
1639 1611 1727 1648 quae
1748 1598 1790 1635 in
1811 1603 1982 1649 utroque

273 1665 311 1701 q.
329 1665 367 1688 v.
388 1652 592 1690 volumine
612 1653 777 1702 legitur,
813 1651 1167 1691 Calvastrianam3.
1229 1653 1356 1703 Quasi
1387 1654 1525 1691 cicada
1555 1667 1628 1705 per
1647 1653 1810 1691 arbusta
1830 1667 1981 1692 canens

271 1707 469 1745 Busehius
500 1722 572 1758 per
594 1708 819 1746 Germaniae
850 1714 1002 1759 partes,
1036 1709 1154 1746 modo
1184 1709 1397 1747 inferiores
1425 1710 1543 1748 modo
1572 1711 1820 1761 superioreS,
1853 1724 1979 1760 gram-

271 1765 453 1809 maticos,
488 1770 645 1814 poetas,
682 1765 891 1802 historicos
922 1766 1209 1816 interpretatus
1241 1772 1313 1803 est.
1363 1767 1432 1804 vix
1460 1767 1548 1816 ipso
1580 1766 1773 1804 audacius
1805 1766 1981 1804 felicius-

271 1832 349 1869 que
380 1820 591 1870 quisquam
622 1834 670 1858 ex
701 1821 920 1871 aequalibus
957 1827 998 1858 at
1026 1834 1144 1872 quam
1171 1822 1361 1859 studiosis
1384 1822 1646 1873 adsiduisque
1667 1822 1980 1873 praeceptoribus

271 1875 462 1913 barbaros
493 1878 785 1926 grammatistas
817 1891 838 1915 e
868 1877 1013 1914 scholis
1045 1878 1250 1927 expellere
1281 1879 1536 1929 puriorisque
1572 1879 1764 1916 doctrinae
1798 1878 1981 1917 subsidia

271 1931 525 1969 introducere
557 1938 724 1970 conatus
753 1939 825 1972 est.
881 1946 970 1983 quae
994 1933 1191 1972 beneficia
1212 1935 1421 1985 ingenioso
1443 1934 1514 1972 sed
1537 1940 1576 1972 et
1604 1935 1781 1985 pugnaci
1807 1935 1893 1973 viro
1922 1940 1982 1972 tot

271 1987 598 2026 scholasticorum
628 1989 1042 2040 theologistarumque
1080 1990 1303 2028 simultates
1333 1996 1568 2041 tantamque
1598 1991 1793 2028 invidiam
1823 1997 1979 2028 contra-

269 2049 435 2090 xerunt,
468 2050 512 2081 ut
535 2044 761 2091 Coloniam,
794 2046 1071 2092 Rostoehium,
1104 2046 1285 2097 Lipsiam
1312 2047 1543 2097 relinquere
1565 2053 1793 2097 cogeretur,
1826 2053 1870 2085 ut
1890 2061 1978 2098 pas-

270 2100 343 2136 sim
365 2098 537 2137 Obseuri
567 2102 694 2138 nostri
725 2102 867 2139 offensi
898 2108 1133 2139 memorant.
1192 2102 1242 2139 In
1273 2102 1408 2140 album
1428 2103 1701 2141 universitatis
1725 2102 1980 2141 Coloniensis

272 2155 336 2192 die
359 2157 396 2193 8.
416 2154 504 2193 Oct.
524 2170 559 2195 a.
577 2157 697 2197 1495.
721 2163 874 2195 rectore
904 2158 1082 2195 Henrico
1114 2158 1324 2209 Maengolt
1360 2159 1417 2196 sic
1455 2159 1671 2210 inscriptus
1708 2165 1791 2197 est:
1843 2159 1978 2206 „Her-

270 2225 476 2256 ,‚mannus
499 2213 696 2250 Buschius
718 2214 1051 2252 Monasteriensis
1082 2214 1135 2252 ad
1157 2214 1254 2252 Iura
1284 2215 1444 2253 iuravit.
1503 2216 1558 2253 Et
1587 2216 1682 2266 quia
1702 2215 1879 2253 Domino
1900 2216 1977 2253 Re-

270 2268 403 2313 „ctori
433 2268 601 2305 multum
630 2269 838 2306 familiaris
875 2283 921 2307 ae
951 2276 1238 2308 conterraneus
1279 2271 1356 2309 fuit
1394 2276 1433 2308 et
1470 2277 1530 2309 est
1566 2271 1621 2308 Et
1651 2272 1746 2321 quia
1783 2272 1979 2322 equestris

269 2322 457 2368 „ordinis
490 2329 529 2361 et
558 2324 600 2360 in
631 2324 892 2363 humanitatis
922 2326 1065 2363 studiis
1096 2339 1177 2363 non
1209 2327 1432 2377 vulgariter
1463 2327 1646 2373 edoctus,
1688 2340 1776 2377 quae
1815 2327 1978 2377 quidem

269 2380 471 2428 „poeticae
505 2379 725 2430 disciplinae
756 2381 890 2419 studia
921 2382 963 2418 in
993 2382 1069 2419 hae
1098 2387 1235 2419 nostra
1264 2382 1541 2420 Universitate
1570 2383 1694 2420 studii
1724 2382 1977 2421 Coloniensis

269 2434 355 2480 „ad
387 2449 537 2472 annum
567 2436 652 2473 fere
682 2437 889 2486 professus
921 2443 997 2484 est,
1038 2437 1268 2475 huiusmodi
1306 2440 1499 2489 pecunias
1536 2438 1692 2477 debitas
1723 2439 1978 2477 universitati

269 2504 379 2536 „nec
406 2491 570 2529 Rectori
600 2493 789 2539 exsolvit,
822 2493 893 2531 sed
924 2507 995 2544 pro
1026 2493 1199 2531 bedellis
1229 2494 1351 2532 solvit
1380 2494 1515 2532 album
1546 2492 1821 2533 denarium.“4
1872 2496 1977 2533 Tum

268 2547 374 2583 inter
419 2560 486 2585 eos
532 2548 601 2598 qui
630 2547 923 2599 Wittenbergae
963 2556 1058 2587 sunt
1097 2550 1328 2596 „intitulati
1357 2565 1392 2588 a.
1418 2551 1538 2589 1502.
1568 2565 1591 2588 a
1621 2552 1723 2588 festo
1756 2551 1840 2589 divi
1868 2551 1977 2599 Luce

267 2602 538 2653 Evangelistae
570 2604 620 2641 ad
652 2605 822 2654 primum
851 2605 950 2642 Maii
981 2605 1063 2643 Sub
1085 2606 1303 2644 Rectoratu
1326 2638 1334 2645 .
1357 2637 1365 2644 .
1387 2607 1552 2644 Martini
1572 2605 1713 2645 Polich
1746 2607 1796 2644 de
1815 2607 1976 2646 Meller-

267 2659 408 2696 stadt“
443 2659 591 2709 legitur
621 2660 916 2707 „Hermannus
947 2662 1144 2699 Puschius
1174 2663 1413 2714 pasyphilus
1443 2664 1730 2701 monasterien.
1762 2664 1858 2701 artis
1890 2677 1973 2702 ora—

266 2715 369 2751 torie
408 2721 528 2765 atque
566 2717 722 2766 poetice
758 2717 886 2755 lector
922 2717 1218 2758 eonductus“.5
1283 2719 1319 2756 E
1349 2719 1567 2758 Rostochio
1600 2735 1636 2758 a.
1663 2720 1779 2759 1501.
1803 2725 1976 2758 exeunte

358 2823 389 2862 1)
410 2823 466 2855 Cf.
483 2825 584 2859 Hutt.
599 2825 689 2867 Opp.
704 2827 731 2861 Ι.
747 2838 782 2869 p.
798 2829 873 2860 131.
893 2838 922 2859 v.
939 2835 980 2860 19.
1088 2828 1120 2868 2)
1141 2828 1196 2860 Cf.
1213 2828 1316 2864 Hutt.
1330 2829 1420 2872 Opp.
1434 2830 1500 2863 III.
1514 2841 1550 2872 p.
1565 2831 1617 2865 73.
1636 2830 1681 2862 ad
1700 2841 1729 2863 v.·
1744 2837 1802 2862 164.
1820 2832 1896 2864 not.
1912 2837 1971 2862 159.

356 2879 413 2911 Ibi
435 2878 596 2912 laudatis
621 2882 856 2924 scriptoribus
879 2883 950 2914 iam
975 2883 1168 2916 adicienda
1192 2888 1248 2917 est
1266 2885 1476 2918 dissertatio
1493 2886 1538 2918 H.
1559 2887 1587 2918 I.
1607 2886 1770 2918 Liessem
1788 2885 1832 2917 de
1850 2886 1971 2920 Herm.

356 2934 504 2966 Buschii
528 2936 604 2967 vita
629 2941 665 2969 et
687 2939 844 2980 scriptis.
868 2939 1004 2971 Bonnae
1024 2941 1119 2974 1866.
1134 2940 1180 2973 8⁰.
1275 2940 1309 2982 3)
1328 2942 1417 2983 Epp.
1437 2941 1479 2973 Ο.
1497 2942 1538 2974 V.
1557 2943 1586 2974 I.
1606 2944 1659 2976 19.
1676 2943 1723 2973 II.
1742 2944 1825 2973 ante
1844 2942 1896 2973 63.
1917 2942 1971 2976 ed.

356 3000 389 3020 n.
408 3000 441 3031 p.
460 2992 513 3022 ⁶29.
531 2992 605 3025 284.
626 3003 654 3025 e.
673 3004 796 3028 comm.
817 2994 861 3026 ad
879 2994 943 3027 hos
960 2995 1068 3030 locos.
1160 2997 1194 3036 4)
1212 2997 1373 3029 Liessem
1390 2997 1413 3032 l.
1432 3008 1462 3030 0.
1481 3008 1513 3040 p,
1533 2999 1585 3033 16.
1676 2996 1713 3038 5)
1730 2998 1972 3029 Forstemann

355 3044 435 3080 Alb.
453 3046 639 3089 Viteberg.
656 3058 689 3089 p.
707 3050 738 3082 2.
