2119 3522
284 205 355 226 EPP.
370 202 410 226 47.
424 201 467 226 48.
493 202 703 225 BENBDICTVS
720 203 764 225 DE
782 201 901 224 SCOCIA
917 201 1075 224 ORTVINO.
1094 209 1136 214 --
1153 200 1325 223 IOHANNES
1341 198 1431 221 KALP
1447 199 1605 221 OBTVINO.
1712 179 1804 224 731

93 262 180 304 Pag.
197 261 288 298 261.
1167 259 1253 300 Pag.
1268 259 1344 290 260.
1362 268 1392 288 ν.
1405 264 1438 289 29
1456 281 1464 289 .
1477 280 1485 288 .
1501 281 1508 289 .
1525 257 1612 297 Pag.
1626 257 1702 288 262.
1720 266 1751 288 v.
1766 263 1806 287 12.

183 315 292 349 unica
323 316 360 349 et
384 315 462 349 sola
492 315 578 348 sunt
601 314 767 356 deorum,
795 341 802 348 .
817 342 824 348 .
843 314 1047 356 hominum,
1074 341 1103 348 ..
1123 312 1283 354 urbium,
1306 338 1313 345 .
1328 339 1335 346 .
1355 311 1640 355 provinciarum,
1662 338 1670 345 .
1685 337 1692 345 .
1711 309 1807 343 insu-

182 372 313 413 larum,
335 398 342 405 .
358 398 366 406 .
384 370 580 412 montium,
602 396 609 403 .
624 396 631 404 .
651 369 846 403 fluminum
866 397 873 404 .
889 397 896 405 .
912 397 919 405 .
948 369 1187 414 Propriorum
1211 368 1403 402 nominum
1421 367 1597 412 quattuor
1618 367 1704 400 sunt
1728 376 1808 410 spe-

184 427 273 461 cies:
300 437 524 471 praenomen,
549 436 696 466 nomen,
723 436 940 469 cognomen,
966 435 1150 470 agnomen
1171 427 1254 460 ...“

94 487 135 519 16
159 481 397 527 Priscianus]
418 481 556 516 Inst.V.
569 485 620 515 52.
639 480 711 524 (ed.
728 480 822 514 Keil.
832 480 858 514 Ι.
876 484 1011 525 p.l74.)
1038 480 1157 523 „Sunt
1173 480 1343 524 quaedam
1360 481 1510 515 nomina
1526 489 1673 522 semper
1685 478 1807 522 singu-

184 538 289 581 laria,
316 538 377 572 vel
400 539 545 579 natura,
571 536 632 571 vel
656 548 741 570 usu:
763 564 792 570 ..
808 564 815 572 .
834 537 872 570 in
896 537 952 571 his
976 538 1103 571 tamen
1127 536 1216 581 ipsis
1241 537 1307 579 est,
1329 563 1358 569 ..
1380 536 1420 569 ut
1444 535 1556 569 etiam
1582 534 1717 579 plurali
1742 546 1806 567 nu-

182 604 283 628 mero
313 593 566 638 proferantur:
596 619 624 626 ..
652 592 778 627 evenit
809 603 904 637 saepe
937 593 1068 627 eodem
1103 593 1253 637 proprio
1290 592 1438 626 nomine
1471 591 1562 625 duos
1592 591 1653 625 vel
1682 590 1807 635 plures

182 649 390 693 nuncupari
409 676 417 684 .
431 677 438 684 .
449 651 470 667 “
481 676 488 683 .

91 710 133 740 22
153 715 224 749 pro
241 715 346 748 posse
370 705 462 749 meo]
496 704 554 739 Sic
586 705 698 739 etiam
730 704 941 739 Alexander
966 716 994 739 c.
1015 709 1042 738 1.
1061 717 1094 738 v.
1113 708 1144 742 9.
1171 704 1293 747 „Hinc
1325 715 1392 749 pro
1422 715 1527 749 posse
1559 714 1642 738 meo
1674 713 1806 737 vocum

184 761 352 805 regimen
376 761 585 796 reserabo.“

92 822 134 853 25
159 816 318 860 Sandis]
360 816 418 851 Sic
444 821 474 854 4.
519 816 634 851 solam
663 817 828 851 litteram
860 817 893 851 S.
916 817 1032 851 habet
1055 821 1085 851 5.
1141 817 1274 851 Suollis
1304 817 1539 851 scribendum
1572 826 1648 850 esse
1681 816 1744 858 (cf.
1768 827 1803 858 p.

181 873 271 906 212⁴.
294 876 334 906 61
349 874 404 916 ¹¹.)
437 873 550 907 etiam
585 873 624 906 id
660 873 838 915 ostendit,
875 873 974 917 quod
1014 872 1220 907 Arnoldum
1256 873 1301 907 de
1337 872 1501 917 Tungari
1537 872 1805 916 praeceptorem

181 939 288 962 suum
319 928 650 973 singularissimum
676 929 822 964 salutat.
872 928 1046 964 Ceterum
1072 928 1206 962 Sundis
1229 928 1366 962 nullius
1391 928 1520 973 oppidi
1545 928 1621 962 sive
1648 926 1809 962 civitatis

185 995 320 1019 nomen
346 985 411 1019 est.

438 1075 673 1110 EPISTULA
697 1076 762 1113 48.
802 1074 1053 1110 IOHANNES
1076 1074 1203 1108 KALP
1230 1074 1460 1109 ORTVINO.

91 1159 133 1189 33
159 1154 320 1189 Ioannes
343 1154 462 1199 Kalp]
491 1154 649 1196 Quidam
676 1153 882 1189 ‘Conradus
907 1153 1000 1187 Kalb
1027 1153 1072 1187 de
1104 1164 1202 1187 nova
1231 1153 1383 1188 ciuitate
1415 1153 1452 1187 in
1485 1153 1635 1187 Hassia'
1667 1153 1705 1186 in
1736 1153 1808 1187 alb.

182 1210 284 1244 acad.
303 1210 427 1245 Viteb.
452 1210 651 1255 inscriptus
682 1211 738 1244 cst
769 1221 800 1244 a.
828 1213 923 1244 1510.
948 1209 1191 1244 Forstemann
1221 1221 1255 1254 p.
1282 1214 1334 1244 33.
1381 1209 1429 1243 Et
1454 1208 1601 1243 ‘Frater
1631 1209 1808 1243 iohannes

179 1265 298 1300 Kolbe
324 1266 369 1300 de
400 1266 584 1300 Erffurdia
608 1277 648 1300 or
667 1280 674 1299 :
693 1266 811 1299 sancti
835 1265 1053 1309 Augustini'
1080 1265 1170 1299 ibid.
1188 1277 1223 1309 p.
1244 1269 1294 1299 15.
1320 1286 1362 1290 —
1393 1265 1556 1310 Lepidus
1588 1264 1729 1309 ingenii
1753 1265 1807 1298 lu-

179 1334 239 1356 sus
271 1333 348 1356 esse
380 1322 544 1365 videtur,
583 1322 681 1366 quod
713 1321 791 1355 haec
824 1320 996 1365 epistola,
1030 1321 1241 1366 parochiale
1273 1321 1377 1365 quasi
1407 1321 1596 1365 idyllium,
1629 1332 1651 1356 a
1680 1320 1807 1356 Vitulo

181 1377 319 1422 scripta
342 1378 514 1423 fingatur.

89 1437 133 1469 34
153 1434 317 1479 perdere]
345 1433 396 1468 Cf.
414 1447 450 1479 p.
470 1438 534 1469 239
544 1435 632 1464 2⁰-Sq-

133 1491 257 1525 venire
275 1490 318 1524 de
335 1491 515 1535 beneficio]
540 1491 728 1534 amittere,
746 1502 820 1526 non
839 1492 1014 1536 consequi
1030 1491 1272 1534 beneficium,
1292 1501 1352 1525 um
1370 1490 1428 1526 die
1446 1490 1620 1533 Pfrfemle
1637 1491 1807 1525 hommem.

89 1549 176 1591 Pag.
196 1548 288 1585 262.
819 1570 975 1571 rrrrrrrr

92 1606 107 1636 l
134 1613 206 1637 esse
230 1603 429 1647 contentus]
456 1603 549 1637 nihil
573 1604 732 1648 amplius
757 1615 967 1649 exposcere,
994 1615 1067 1638 non
1093 1603 1268 1648 deinceps
1294 1614 1440 1648 semper
1465 1603 1556 1638 scire
1582 1604 1739 1639 novalia.

89 1664 109 1694 3
134 1658 310 1704 Elephas]
336 1659 498 1704 Kalpum
524 1659 569 1694 de
595 1660 794 1704 elephante
820 1661 924 1704 quasi
950 1660 995 1694 de
1021 1671 1060 1694 re
1087 1661 1199 1695 antea
1222 1671 1426 1704 numquam
1444 1659 1522 1694 visa
1545 1660 1648 1704 loqui
1673 1660 1807 1693 mirum

178 1726 252 1750 non
284 1716 354 1750 est:
388 1715 536 1750 Ioannis
566 1715 672 1760 Myhi
697 1715 895 1750 Bornensis
926 1717 1080 1751 carmini
1110 1716 1337 1761 panegyrico
1367 1715 1405 1749 in
1436 1715 1682 1750 Maximiliani
1708 1715 1752 1749 Π.
1770 1716 1807 1749 in

179 1770 364 1805 Viennam
395 1771 557 1806 reditum
588 1782 683 1806 anno
718 1776 813 1807 1552.
838 1772 939 1807 edito
972 1772 1160 1806 adiectum
1191 1773 1246 1805 est
1279 1770 1617 1815 ‘Dyodecastichon
1649 1771 1695 1806 dc
1726 1772 1807 1805 Ele-

177 1827 318 1872 phanto
344 1839 366 1862 a
389 1827 484 1862 Divo
509 1827 763 1862 Maximiliano
789 1839 834 1863 ex
859 1828 1049 1873 Hispanijs
1073 1829 1260 1863 reuertete
1285 1827 1446 1862 adducto
1472 1828 1631 1869 Vienna,
1665 1831 1694 1862 6.
1711 1826 1808 1861 Mar-

179 1883 242 1928 tij'
270 1883 468 1928 incipiens:

494 1943 608 1983 Quam
631 1943 757 1985 grandi
781 1945 860 1976 visa
883 1947 936 1975 est
961 1954 1072 1986 nuper
1097 1943 1183 1975 mihi
1207 1943 1324 1976 bellua
1348 1943 1448 1983 mole,

537 1999 744 2032 Teutonicis
768 2011 950 2042 nunquam
975 2001 1059 2032 viva
1083 2002 1222 2042 reperta
1246 1999 1369 2032 locis.“

179 2053 223 2087 cf.
238 2052 358 2087 Denz's
371 2053 497 2088 le'ens
509 2053 671 2088 Buchdr.
685 2055 795 2099 yeseh.
810 2067 844 2099 p.
856 2059 930 2089 500.
946 2075 987 2078 —
1003 2053 1179 2089 Catholic.
1195 2053 1448 2098 „Elephantus
1463 2068 1470 2088 :
1487 2054 1645 2098 elephon
1661 2050 1806 2099 [λόφος,

178 2109 384 2154 γεώλοφος]
410 2120 519 2154 grece
546 2109 682 2144 dicitur
710 2121 815 2144 mons
845 2110 960 2144 latine
987 2141 994 2148 ,
1013 2138 1019 2144 .
1040 2137 1046 2144 .
1073 2111 1111 2144 et
1136 2109 1286 2154 elephas
1312 2137 1318 2143 .
1339 2137 1344 2143 .
1364 2137 1371 2144 .
1398 2111 1436 2144 et
1460 2110 1595 2144 dicitur
1620 2121 1642 2144 a
1666 2111 1807 2155 magni—

177 2165 307 2199 tudine
340 2166 503 2210 corporis
528 2166 583 2199 sui
603 2179 609 2199 ε
629 2167 717 2209 quia
747 2166 905 2200 formam
936 2166 1072 2201 montis
1102 2166 1267 2211 preferat
1286 2193 1293 2200 .
1308 2193 1314 2201 .
1331 2193 1337 2200 .
1353 2193 1360 2200 .
1396 2165 1557 2210 Elephas
1582 2167 1674 2201 mire
1699 2168 1806 2201 casti-

178 2221 267 2256 tatis
292 2221 456 2255 creditur
475 2235 481 2255 ε
500 2222 552 2255 ita
577 2222 619 2255 ut
643 2221 673 2255 si
702 2222 837 2267 perdat
862 2222 1058 2267 coniugem
1089 2221 1183 2255 nulli
1214 2222 1409 2266 copuletur
1427 2236 1434 2256 :
1452 2222 1550 2257 inter
1574 2222 1685 2257 siluas
1709 2234 1805 2257 com-

178 2278 346 2311 moratur
369 2277 468 2312 solus
486 2291 493 2311 :
513 2277 662 2312 biennio
689 2279 814 2312 autem
832 2280 958 2323 portat
981 2278 1078 2312 fetus
1097 2292 1104 2311 :
1123 2288 1191 2312 nec
1217 2278 1376 2323 amplius
1394 2289 1505 2323 quam
1523 2279 1638 2313 semel
1662 2280 1804 2324 gignit:

178 2333 243 2367 sed
267 2344 336 2367 nec
360 2333 511 2378 plures:
530 2334 595 2368 sed
619 2335 767 2368 tantum
792 2347 923 2377 vnum3
957 2335 1052 2369 viuit
1075 2335 1201 2369 autem
1225 2335 1401 2369 trecentis
1427 2335 1531 2369 annis
1549 2361 1556 2368 .
1576 2338 1620 2369 .“.
1666 2335 1805 2370 Vocab.

177 2389 243 2424 lat.
261 2389 380 2424 theut.
398 2390 468 2424 inc.
487 2390 659 2435 Registrsi
677 2391 905 2436 vocabularij
926 2391 1002 2435 (fol.
1023 2392 1138 2435 115b):
1166 2390 1362 2435 „Elephas,
1380 2390 1624 2436 ElephanCUS,
1643 2392 1807 2435 helffmzt,

179 2447 234 2480 est
257 2445 395 2480 animal
425 2446 524 2481 inter
548 2446 621 2481 ah'a
652 2447 828 2482 animalia
857 2447 1117 2492 quadrupedia
1145 2448 1305 2481 maxime
1337 2447 1556 2492 quantitatis
1587 2448 1726 2482 habens
1752 2459 1807 2482 ro-

178 2503 295 2536 strum
327 2503 456 2537 decem
487 2503 697 2537 cubitorum
728 2514 773 2538 ex
805 2514 914 2538 carne
951 2503 1213 2548 cartilaginosa
1243 2515 1316 2547 quo
1352 2504 1533 2548 pabulum
1570 2504 1725 2539 attrahit
1759 2504 1808 2539 Et

177 2558 271 2592 illud
301 2560 462 2593 rostrum
494 2559 630 2594 dicitur
660 2571 727 2604 pro
763 2560 930 2594 muscida
960 2559 1174 2604 [proboscis]
1207 2559 1254 2593 Et
1284 2570 1395 2604 super
1425 2571 1461 2593 se
1493 2560 1642 2604 portare
1673 2560 1804 2594 turrim

176 2613 341 2658 ligneam
366 2626 450 2649 cum
479 2615 751 2660 quinquaginta
775 2615 925 2649 armatis
943 2642 950 2649 .
969 2616 1007 2649 et
1032 2615 1167 2649 dicitur
1198 2615 1349 2659 elephas
1373 2615 1433 2649 vel
1459 2615 1636 2660 elephans
1661 2616 1706 2650 ab
1733 2616 1806 2651 elc-

177 2670 270 2714 phos
294 2681 403 2715 grece
428 2671 467 2705 id
493 2673 550 2706 est
572 2682 676 2706 mons
700 2672 815 2706 latine
841 2671 929 2715 quia
952 2681 1110 2716 magnus
1134 2672 1190 2705 est
1214 2671 1261 2705 ad
1285 2671 1401 2705 instar
1425 2671 1560 2706 montis
1586 2699 1594 2706 .
1612 2698 1620 2706 .
1638 2699 1645 2706 .
1681 2672 1729 2706 Et
1753 2672 1805 2706 di-

177 2726 273 2760 citur
295 2726 425 2760 barrus
450 2738 471 2761 a
494 2727 630 2761 ban-on
655 2738 765 2772 grece
789 2727 828 2760 id
853 2728 909 2762 est
932 2727 1073 2771 grande
1098 2727 1159 2761 vel
1183 2727 1277 2761 forte
1310 2727 1442 2773 latine
1451 2727 1539 2771 quia
1562 2728 1742 2773 grandem
1768 2730 1806 2763 et

177 2781 313 2816 fortem
342 2782 459 2817 habet
487 2783 543 2817 sui
568 2783 731 2827 corporis
757 2783 1072 2827 dispositionem.“
1122 2782 1174 2818 Cf.
1192 2783 1298 2827 impr.
1316 2783 1410 2818 Plin.
1425 2783 1470 2818 H.
1488 2784 1533 2818 N.
1550 2783 1613 2818 lib.
1630 2797 1706 2819 v111.
1724 2785 1803 2820 init.

88 2843 106 2873 7
131 2838 306 2872 viderunt
330 2839 363 2872 ei
386 2839 548 2884 urinam]
575 2839 620 2873 cf.
638 2851 672 2883 p.
691 2841 780 2874 50¹³.

87 2897 108 2928 8
133 2894 294 2938 quinque
318 2895 473 2938 centum]
499 2894 732 2939 quingentos.
782 2894 933 2929 Scilicet
957 2896 1096 2940 quanto
1128 2895 1277 2931 maioris
1302 2896 1430 2940 pretii,
1463 2897 1568 2932 tanto
1593 2896 1726 2932 melior
1750 2898 1805 2932 cst

177 2949 373 2984 medicina.

89 3010 130 3041 12
155 3006 378 3053 yenicsalavz‘t
403 3007 448 3052 ei]
475 3006 534 3041 Sic
558 3006 596 3041 in
621 3006 728 3053 Mylii
753 3019 863 3043 carm.
882 3007 905 3042 l.
923 3019 971 3043 c.:
