2119 3522
628 229 678 251 ΕΡ.
693 227 734 252 42.
754 217 840 260 (APP.
857 218 896 261 ι.)
922 228 1088 252 ANTomvs
1112 230 1143 251 N.
1169 229 1327 252 ORTV1N0.
1737 213 1831 258 619

123 287 209 329 Pag.
225 285 289 323 63.
1257 287 1345 330 Pag.
1360 288 1412 320 63.
1431 299 1461 320 v.
1476 296 1489 320 1
1509 313 1515 319 .
1531 313 1537 319 .
1554 313 1560 319 .
1579 288 1664 331 Pag.
1679 290 1731 321 64.
1747 299 1776 321 v.
1791 297 1833 321 12.

214 340 453 383 „Praeticare
473 367 480 376 .
499 368 506 375 .
525 367 532 376 .
549 341 736 376 medicum
760 340 821 374 vel
846 340 1060 385 chirurgum
1085 351 1207 386 agere,
1233 340 1456 376 medicinam
1482 352 1653 377 exercere
1673 370 1680 376 .
1699 369 1707 377 .
1726 370 1733 377 .
1758 341 1833 376 Du-

213 407 339 441 cange.
367 396 418 432 Of.
436 408 548 442 supra
571 397 617 431 ad
644 401 684 431 10
694 398 730 430 ³⁵.

126 455 166 486 15
189 455 283 487 stent
306 453 386 498 illa]
411 464 495 498 may
519 453 586 488 das
611 453 665 487 bez·
688 452 785 487 Seite
808 452 957 495 bleiben,
981 453 1057 495 anf
1073 453 1149 488 sich
1171 453 1338 496 berahen,
1362 454 1554 489 mittamus
1577 453 1665 489 liaec.

126 512 167 544 18
190 509 255 544 sub
284 510 408 554 virya]
440 509 524 543 Non
555 509 651 543 bene
683 508 841 543 dictum:
874 508 1019 544 Ortvini
1050 509 1222 554 discipuli
1253 508 1488 545 Colonienses
1519 522 1671 546 manum
1706 511 1834 546 ferulae

213 565 475 600 subduxerant.

168 622 212 656 de
235 631 309 656 nno
378 621 535 666 incoyn]
560 620 686 655 Simile
710 621 778 655 hoc
802 621 859 656 illi
884 621 1108 655 ‘Bilibaldus
1131 622 1253 656 nescio
1273 622 1382 666 quis',
1410 622 1456 657 de
1474 634 1547 666 quo
1564 623 1638 657 vid.
1657 623 1704 658 ad
1721 627 1785 658 267
1795 625 1833 657 ²⁶.

122 681 164 713 20
188 677 275 723 iam]
301 689 408 712 nunc.
442 677 521 711 Hoc
545 677 672 721 itaque
690 677 822 711 incidit
837 677 875 710 in
901 677 1121 711 autumnum
1139 688 1170 712 a.
1190 681 1303 721 1514.‚
1330 690 1413 712 cum
1439 689 1483 713 ex
1497 679 1634 724 Anglia
1650 679 1834 713 Basileam

211 733 283 768 iter
306 734 448 769 faceret
471 732 643 768 Erasmus
669 733 707 767 et
731 743 752 767 a
774 733 959 767 litteraria
983 732 1159 768 societate
1184 733 1426 780 Argentorati
1450 735 1555 779 quasi
1585 735 1836 780 triumphator

212 790 455 834 exciperetur.

121 850 163 881 23
188 846 295 880 valde
313 846 530 891 plurimam]
556 845 747 880 instanter.

165 903 303 946 tamen]
336 902 378 936 ut
402 901 525 936 Germ.
544 901 650 943 doch,
675 901 875 946 precative.
901 901 946 935 cf.
968 900 1108 935 Grimm
1131 901 1224 935 WB.
1243 913 1275 936 v.
1294 902 1384 937 doch
1409 906 1427 944 ξ
1451 908 1481 937 3.
1499 903 1521 937 i.
1539 903 1562 938 f.
1612 903 1663 939 Cf.
1681 904 1777 939 infra
1801 917 1834 939 v.

210 962 276 1000 30.‚
302 957 367 991 ubi
392 958 566 1000 ‘tamen’‚
593 957 701 1000 doch,
727 957 945 1002 experiendi
969 957 1220 991 curiositatem
1246 958 1430 1002 exprimit.

120 1017 163 1048 24
187 1014 408 1059 rapiarium]
439 1016 523 1058 ‘pro
547 1014 642 1049 libro
668 1013 768 1058 quod
792 1013 995 1058 rapiarium
1021 1014 1193 1048 vocatur'
1218 1013 1292 1048 Ioa.
1309 1013 1483 1049 Piemont
1506 1015 1543 1049 in
1569 1016 1636 1050 art.
1655 1015 1836 1050 Henricus

209 1080 362 1115 pauper.
414 1069 644 1114 ‘Rapiarius‚
676 1069 890 1114 rapiarium.
924 1069 1216 1111 Collectaneum‚
1243 1070 1281 1103 in
1306 1070 1406 1114 quod
1430 1071 1594 1116 undique
1620 1072 1728 1116 rapta
1752 1083 1834 1106 con-

209 1126 380 1160 feruntur
402 1152 409 1160 .
429 1153 435 1159 .
455 1128 493 1160 .“
530 1125 720 1171 Ducange.
773 1125 869 1160 Puto
904 1126 1124 1169 ramam-ium
1154 1126 1390 1160 scribendum
1420 1127 1643 1162 vocabulum
1679 1128 1717 1162 et
1752 1139 1835 1163 cum

211 1182 334 1217 Germ.
351 1182 473 1225 raffen
497 1182 762 1216 conferendum
788 1192 885 1225 esse,
918 1182 960 1216 ut
983 1182 1132 1226 proprie
1158 1181 1343 1226 significet
1367 1184 1425 1218 ein
1448 1183 1538 1227 Reff
1555 1195 1581 1217 s.
1598 1183 1707 1228 Raff,
1733 1184 1836 1219 cuius

211 1237 384 1273 vocabuli
405 1237 586 1272 hodierna
602 1238 754 1282 quidem
771 1237 992 1283 significatio
1010 1238 1202 1283 angustior
1219 1239 1283 1273 est.
1323 1237 1374 1273 Of.
1392 1239 1526 1274 Friseh
1542 1250 1620 1274 voc.
1637 1240 1733 1283 Ra‘ff
1750 1241 1838 1275 oder

209 1294 300 1337 Reff
319 1294 357 1328 et
371 1293 467 1337 Raff
486 1294 565 1337 (ubi
590 1294 816 1336 addendum,
844 1294 957 1328 etiam
981 1294 1067 1328 faeni
1084 1294 1291 1329 retinacula
1313 1295 1533 1339 plerumque
1559 1296 1666 1330 scalis
1691 1297 1739 1330 ad
1764 1297 1835 1330 sta-

209 1349 382 1384 bulorum
406 1360 530 1384 muros
561 1360 719 1394 superne
750 1350 788 1384 in
819 1350 1058 1384 latitudinem
1084 1350 1256 1394 appensis
1286 1350 1460 1393 formata,
1493 1351 1536 1385 ut
1564 1352 1649 1386 inde
1674 1352 1836 1396 pecudes

209 1405 463 1451 particulatim
481 1405 718 1440 extrahentes
735 1406 984 1448 vescerentur,
1010 1406 1107 1449 Ra'ff
1125 1407 1202 1441 sive
1220 1406 1316 1450 Raff
1335 1407 1543 1451 appellari.)
1570 1408 1609 1442 et
1625 1408 1719 1443 Diez
1741 1407 1835 1443 WB.

210 1473 289 1497 voc.
306 1462 461 1506 Raffare
485 1462 523 1496 et
545 1461 731 1505 Rappare.

119 1522 162 1554 25
186 1519 284 1554 intit.
308 1517 507 1562 Vademec]
534 1517 669 1552 Docte:
697 1529 781 1552 eum
806 1518 959 1552 titulum
976 1519 1081 1562 quasi
1105 1518 1200 1553 libro
1225 1519 1315 1553 fecit
1331 1530 1396 1553 suo
1421 1519 1555 1562 loculo,
1582 1531 1694 1564 quem
1717 1520 1836 1555 libelli

210 1575 324 1610 etiam
348 1585 417 1608 nec
442 1573 688 1619 cogitantium
717 1575 756 1608 in
787 1574 913 1618 aliqua
943 1575 1021 1609 arte
1052 1575 1114 1609 vel
1144 1574 1339 1619 disciplina
1368 1575 1623 1611 informationi
1647 1576 1834 1619 destinati,

209 1631 368 1675 ideoque
389 1641 536 1675 semper
555 1641 680 1664 secum
699 1629 845 1664 ferendi
864 1641 994 1675 gerere
1014 1630 1143 1665 solent.
1185 1631 1230 1665 cf.
1252 1630 1331 1665 Ind.
1349 1631 1467 1677 biogr.
1486 1632 1552 1666 art.
1570 1631 1835 1667 Vademecum.

164 1691 205 1723 ut
230 1714 237 1722 .
256 1714 264 1721 .
283 1714 290 1722 .
315 1687 454 1732 habere]
479 1687 546 1721 wie
569 1687 627 1721 ich
649 1686 775 1721 immeo·
798 1696 844 1722 za
866 1687 981 1722 haben
999 1687 1125 1732 psleye.
1172 1686 1304 1722 Latine
1330 1687 1497 1722 abundat
1522 1689 1714 1733 ‘semper’.

119 1748 162 1779 26
186 1743 442 1787 transcampis]
468 1744 555 1778 iiber
577 1742 673 1786 feld,
698 1753 867 1787 peregre.

118 1804 162 1836 28
186 1800 391 1844 enucleavi]
424 1798 601 1833 selectam
631 1799 819 1834 memoriae
850 1799 1036 1834 mandavi.
1059 1810 1133 1834 non
1163 1799 1383 1844 simpliciter
1412 1800 1557 1845 ‘elegi’.
1614 1801 1834 1836 ‘Enucleare

210 1856 267 1891 est
288 1856 463 1890 nucleum
489 1856 594 1889 extra
616 1856 752 1890 testam
776 1855 880 1890 nucis
903 1867 1055 1900 ponere,
1080 1856 1293 1900 vsskernen’.
1327 1856 1485 1891 Gemma
1508 1869 1542 1902 g.

119 1918 162 1949 30
183 1913 317 1958 tamen]
344 1912 388 1947 cf.
407 1911 454 1946 ad
479 1923 557 1956 sup.
576 1924 610 1946 v.
625 1915 678 1947 23.

118 1972 205 2015 Pag.
224 1971 288 2008 64.
778 1990 935 1992 —wff
951 1990 1013 1992 *ἡ
1055 1990 1066 1992 ψ
1168 1990 1178 1991 ff

120 2030 137 2061 1
164 2026 284 2071 qnasi]
309 2026 500 2069 tanquam,
527 2026 583 2061 als
608 2026 724 2060 einen.

158 2082 479 2127 practicatoribas]
506 2081 550 2116 cf.
569 2082 616 2116 ad
641 2082 730 2117 63¹⁵.
771 2080 850 2116 Hoc
874 2091 1010 2115 nomen
1034 2082 1125 2126 puto
1145 2081 1273 2115 fictum
1291 2092 1380 2125 esse,
1405 2082 1448 2116 ut
1472 2082 1518 2117 ad
1545 2082 1833 2127 ‘praedicatores'

209 2137 382 2180 adsonet,
409 2138 508 2173 unde
534 2138 648 2173 etiam
1598 2138 1834 2183 [indignus“.

118 2199 138 2230 2
163 2194 246 2230 licet
270 2194 459 2239 indignus]
486 2195 662 2229 nominat.
681 2205 748 2239 pro
774 2205 891 2229 accus.
911 2205 1008 2236 casu,
1035 2194 1123 2238 quia
1139 2194 1360 2238 plerumque
1385 2194 1524 2239 legitur
1549 2194 1651 2239 ⁷,Ego
1669 2222 1676 2229 .
1695 2222 1702 2229 .
1721 2222 1728 2229 .
1746 2194 1836 2229 licet

162 2250 350 2295 sedissent]
377 2250 639 2285 consedissent.

158 2317 239 2351 prce
255 2307 412 2352 pudore]
438 2318 506 2342 ans
534 2307 768 2342 Geniertheit.
793 2307 1020 2341 verebantur
1046 2306 1252 2341 ‘hominem
1269 2306 1378 2341 valde
1404 2307 1555 2342 doctum
1580 2306 1619 2341 in
1644 2307 1744 2342 omni
1769 2307 1834 2341 sci-

208 2362 277 2396 bili
300 2363 474 2407 omnique
500 2363 752 2398 doctrinarum
777 2363 946 2408 genere'.

118 2423 139 2454 3
162 2418 363 2464 stimulavi]
391 2419 509 2464 digito
533 2419 654 2464 tetigi.

117 2478 140 2509 4
163 2474 214 2509 acl
236 2475 353 2510 salvos
377 2476 472 2520 deos]
497 2475 662 2510 fortuito.
687 2475 857 2510 similiter
881 2475 1065 2520 hodieque
1091 2475 1200 2512 ‘Gott
1222 2476 1317 2520 weiss
1338 2476 1405 2512 wie
1428 2476 1504 2511 sive
1527 2487 1602 2511 was
1613 2476 1634 2510 ’.

119 2534 140 2565 5
167 2529 391 2576 Conticuere]
417 2531 558 2576 Vergil.
576 2531 668 2566 Aen.
685 2544 722 2566 Π.
743 2535 771 2566 1.

100 2590 138 2621 -7
164 2587 465 2632 consideratione]
490 2587 678 2622 memoria.

164 2643 207 2677 in
229 2643 406 2688 Eneidis]
439 2642 498 2677 Sic
528 2643 625 2678 med.
645 2654 722 2678 aevo
754 2643 925 2678 solebant
953 2643 1122 2678 Aeneida
1154 2644 1366 2689 designare,
1399 2644 1523 2678 nescio
1555 2644 1679 2678 utrum
1710 2645 1835 2689 genet.

210 2698 301 2743 sing.
320 2698 508 2733 voluerint
531 2701 573 2733 ut
597 2699 963 2744 subintellegendum
988 2700 1036 2734 sit
1060 2700 1170 2734 ‘libro
1183 2702 1203 2743 '‚
1230 2712 1276 2735 an
1302 2700 1413 2734 ablat.
1431 2699 1565 2744 plural.

120 2759 140 2789 9
165 2755 391 2800 locationem]
416 2755 555 2797 notam,
581 2755 654 2789 loci
679 2755 833 2789 alicuius
850 2755 1108 2800 signationem,
1134 2756 1303 2798 Zeiclien,
1320 2756 1582 2801 Aneeichnnny
1600 2756 1699 2791 einer
1714 2755 1834 2790 Stelle.

164 2810 284 2844 virum
309 2836 316 2843 .
335 2836 343 2844 .
361 2836 369 2844 .
393 2810 436 2844 in
459 2812 535 2855 ore]
570 2811 725 2852 Qualem
756 2811 946 2855 depictum
976 2812 1156 2846 habemus
1185 2812 1224 2846 in
1254 2813 1413 2847 Hutteni
1436 2811 1525 2847 Viro
1556 2812 1652 2846 bono
1679 2812 1737 2856 (cf.
1755 2812 1833 2846 Ind.

210 2865 381 2911 bibliogr.
405 2865 509 2900 Hutt.
526 2878 561 2900 n.
579 2866 678 2901 VIII.
699 2873 726 2901 1.
744 2879 780 2911 p.
800 2867 891 2911 11³⁸)
924 2869 962 2902 et
990 2868 1028 2902 in
1059 2868 1288 2913 frontispicio
1320 2869 1397 2903 eius
1429 2867 1591 2912 exempli
1614 2868 1835 2903 Hutteniani

209 2920 378 2956 Neminis
403 2921 502 2966 quod
526 2922 732 2957 indicatum
757 2924 813 2958 est
835 2923 859 2958 l.
878 2934 906 2957 c.
925 2922 1004 2957 VII.
1021 2927 1052 2958 4.
1070 2935 1104 2968 p.
1126 2925 1205 2959 10³².

122 2981 163 3012 10
186 2976 249 3012 Sic
273 3004 281 3012 .
299 3005 306 3012 .
325 3005 332 3012 .
351 2978 593 3024 propositam]
618 2978 747 3023 quue
771 2978 881 3014 modo
908 2979 1081 3014 effectum
1106 2981 1162 3014 est
1185 2980 1285 3025 quod
1310 2980 1401 3015 mihi
1425 2991 1700 3025 proposueram.

122 3037 162 3068 12
187 3033 352 3079 invicem]
379 3034 571 3078 allerseits,
596 3045 734 3069 omnes,
