2119 3522
301 244 395 288 446
793 259 899 281 mnnx
922 257 1175 280 moonu’mcvs
1198 257 1241 278 ΕΤ
1265 256 1508 280 oNOMAS‘rIcvs.

304 376 418 412 dictis
458 373 646 410 ministris
685 373 791 408 inter
829 371 1128 421 apportandum
1165 377 1203 408 et
1243 371 1538 421 deportandum
1577 370 1727 409 cibaria
1765 378 1804 410 et
1844 373 2008 423 potagia

302 429 454 479 aliquid
476 442 496 466 e
519 427 703 465 manibus
726 440 797 464 seu
818 427 973 477 poculis
996 427 1197 464 violenter
1217 427 1359 464 tollere
1380 439 1603 477 rapereque
1625 435 1883 477 praesumant.
1924 428 2006 466 Sub

301 498 432 535 poena
462 485 580 521 unius
612 483 753 520 floreni
787 481 885 519 &c.“

301 578 449 608 PRATo
481 579 706 617 FLORIDO,
742 572 791 609 de
823 573 894 608 vicl.
916 571 1051 621 Hugo.

300 667 512 697 PRIERIAS
544 663 614 697 vicl.
639 660 844 700 Silvester.

301 756 581 795 PRISOIANVS,
616 751 895 799 grammaticus
919 748 1191 796 Caesariensis,
1227 750 1295 800 qui
1319 749 1674 800 Constantinopoli
1701 750 1848 787 saeeulo
1870 751 2010 800 quinto

301 806 452 851 docuit,
494 807 536 842 in
575 806 754 856 epistolis
778 804 826 843 O.
849 805 899 843 V.
928 806 1050 843 semel
1093 812 1248 842 tantum
1279 819 1316 851 p.
1338 803 1439 841 26116
1471 819 1558 842 cum
1587 806 1787 843 Diomede
1817 813 2010 856 tanquam

301 861 534 898 ‘modernus
567 868 605 898 et
626 875 754 899 novus
776 863 1075 911 grammaticus’
1108 868 1367 899 memoratur:
1400 861 1554 899 scilicet
1583 869 1740 900 veteres
1764 863 2011 912 grammatici

298 917 423 966 magis
454 918 661 967 magisque
697 918 905 967 ‘antiquos
936 918 1233 967 grammaticos,
1267 918 1548 955 Alexandrum
1590 924 1628 954 et
1667 917 1786 955 alios’
1820 916 1870 964 (p.
1892 916 2007 967 26115)

299 986 347 1009 ex
377 986 451 1009 usu
482 973 706 1010 scholarum
740 973 1011 1023 expellebant,
1046 973 1155 1023 quod
1186 974 1355 1010 maxime
1390 973 1552 1010 dolebat
1585 972 1799 1011 Obscuros.
1823 973 1909 1011 Iam
1939 987 2007 1011 sae-

299 1028 386 1065 culo
408 1040 473 1066 xv.
506 1029 706 1067 Prisciani
726 1030 851 1066 multa
873 1029 1057 1079 exempla
1078 1029 1283 1079 publicata
1311 1027 1448 1077 sunt¹3
1483 1035 1576 1065 ante
1607 1029 1784 1066 medium
1814 1042 1901 1066 saec.
1924 1041 2007 1067 XVI.

299 1097 487 1133 expressa
509 1085 662 1122 indicat
678 1084 869 1131 Panzer2,
904 1085 1129 1123 recentiora
1147 1082 1416 1134 Schweigeffl,
1451 1085 1767 1122 recentissimam
1789 1085 2009 1122 editionem

300 1139 490 1177 debemus
521 1141 696 1177 Martino
728 1139 889 1178 Hertz⁴.

389 1216 420 1254 1)
439 1217 536 1247 Hain
554 1217 743 1258 Repertor.
764 1221 811 1247 11⁰.
829 1218 1104 1249 13353...13366.
1153 1217 1293 1248 Pauzer
1310 1216 1399 1247 Anu.
1414 1219 1487 1258 typ.
1506 1217 1546 1248 V.
1566 1227 1599 1258 p.
1615 1217 1690 1251 372,
1783 1216 1921 1256 2)Α1111.
1936 1220 2011 1258 typ.

386 1271 447 1302 XI.
467 1282 499 1313 p.
516 1273 568 1305 65,
685 1271 717 1311 3)
740 1272 875 1305 Hamil».
894 1273 955 1303 der
973 1274 1069 1306 class⁴
1090 1272 1208 1304 Philol.
1226 1273 1272 1305 II.
1291 1274 1321 1303 2.
1341 1283 1375 1314 p.
1393 1273 1469 1308 822,
1591 1272 1625 1312 4)
1646 1271 1920 1306 Grammaticor.
1941 1273 2010 1304 La-

387 1329 493 1358 tinor.
515 1338 556 1358 ex
575 1338 646 1358 rec.
666 1328 709 1358 H.
729 1327 841 1359 Keilii
858 1328 944 1360 voll.
965 1328 1010 1359 11.
1030 1329 1095 1361 ΙΙΙ.
1121 1328 1220 1370 Lips.
1240 1328 1334 1362 1855,
1355 1329 1453 1361 1859.
1471 1327 1517 1361 80.

299 1403 524 1454 QVENTEL
555 1408 640 1444 sive
664 1406 869 1456 Quentell,
903 1407 1117 1454 Hem-icus,
1151 1407 1522 1458 Argentoratensis,
1557 1408 1625 1457 qui
1649 1407 1768 1444 ducta
1789 1407 2011 1445 Helmanni

298 1464 394 1499 civis
425 1462 681 1500 Coloniensis
719 1464 799 1500 filia
833 1463 881 1501 ab
921 1477 1027 1500 anno
1063 1465 1181 1501 1479.
1207 1463 1387 1501 Coloniae
1426 1463 1763 1514 typographicam
1795 1469 1919 1500 artem
1950 1465 2008 1501 in-

300 1519 450 1556 dustrie
484 1520 672 1564 exercuit,
708 1519 989 1569 officinamque
1014 1519 1356 1569 Quentellianam,
1391 1521 1560 1569 primum
1592 1520 1633 1556 in
1667 1519 1782 1556 domo
1815 1519 1867 1556 ad
1898 1520 2007 1569 pala-

296 1575 551 1625 tium-prope
591 1575 800 1612 ecclesiam
838 1575 1110 1613 cathedralem
1143 1574 1255 1625 (quae
1288 1576 1426 1612 domus
1457 1575 1578 1613 hodie
1610 1576 1805 1611 Domlzotel
1836 1578 2007 1622 appella-

299 1630 376 1679 tur)
410 1630 611 1677 condidit,
653 1644 739 1680 quae
771 1631 950 1668 Henrico
989 1645 1023 1668 a.
1057 1633 1177 1669 1503.
1208 1638 1362 1668 mortuo
1403 1632 1522 1669 etiam
1560 1630 1633 1668 sub
1666 1631 1750 1668 eius
1789 1630 2008 1669 heredibus

297 1687 403 1723 inter
434 1686 674 1724 celebriores
697 1687 786 1724 fuit.
810 1687 866 1724 ibi
889 1686 1082 1724 Ortvinus
1106 1687 1269 1725 Gratius
1292 1688 1525 1725 correctoris
1554 1700 1720 1724 munere
1745 1686 1813 1724 diu
1847 1687 2008 1724 functus

298 1741 394 1781 est¹.
454 1742 565 1779 Libri
605 1742 904 1792 Quentelliani,
956 1756 1123 1793 quorum
1169 1743 1313 1780 multos
1354 1744 1500 1793 passim
1536 1740 1880 1789 memoravimuffi,
1922 1756 2009 1780 cum

298 1799 517 1847 praesertim
548 1800 588 1835 in
621 1798 831 1836 bursarum
854 1798 1155 1837 Coloniensium
1186 1812 1301 1836 usum
1324 1799 1545 1836 destinatos
1575 1805 1776 1849 repeteret
1805 1798 2005 1845 librarius,

298 1867 484 1903 magnam
516 1860 670 1904 partem
702 1854 790 1892 rudi
817 1855 933 1892 icone
957 1855 1251 1906 xylographica
1281 1855 1452 1892 studiosi
1485 1862 1579 1892 ante
1611 1855 1825 1905 pulpitum,
1857 1855 1898 1891 in
1931 1868 2008 1905 quo

297 1916 458 1959 apertus
489 1910 593 1948 liber
623 1916 693 1956 est,
726 1910 905 1948 sedentis
938 1917 1144 1949 ornantur.
1185 1911 1235 1947 In
1266 1911 1327 1948 his
1360 1911 1539 1961 epistolis
1563 1909 1612 1948 O.
1633 1911 1682 1950 V.
1707 1910 1846 1948 domus
1871 1910 2008 1960 Quen—

296 1965 463 2003 telliana
494 1967 664 2003 maxime
695 1973 860 2016 propter
890 1974 1027 2017 stupra
1058 1973 1311 2013 memoratur,
1346 1979 1434 2017 quae
1467 1968 1507 2004 in
1539 1966 1727 2004 ancillam
1757 1973 1840 2003 tum
1861 1966 2007 2003 Arnol-

298 2021 371 2058 dus
411 2022 459 2059 de
491 2022 668 2072 Tungris
706 2028 789 2059 tum
828 2021 1022 2060 Ortvinus
1061 2023 1303 2061 commisisse
1342 2022 1590 2060 ferebantur.
1623 2023 1673 2060 cf.
1704 2023 1905 2072 praecipue
1944 2036 2007 2072 ep.

296 2078 329 2115 Ι.
352 2078 418 2114 45.
443 2091 534 2128 app.
558 2079 597 2115 4.

388 2155 418 2193 1)
439 2154 483 2188 cf.
502 2165 610 2196 supra
628 2165 660 2196 p.
679 2156 754 2187 381.
775 2159 841 2189 art.
861 2156 1020 2187 Gratius.
1114 2156 1148 2195 2)
1169 2156 1215 2187 cf.
1236 2156 1344 2187 etiarn
1366 2156 1405 2187 L.
1424 2156 1543 2187 Emzen
1561 2155 1702 2197 Cataloy
1725 2156 1786 2186 der
1804 2155 2010 2187 Incunabeln

386 2212 417 2240 in
442 2211 502 2241 der
520 2210 740 2242 stadt-Biha
760 2222 799 2242 zu
817 2211 921 2244 Ko'ln.
940 2222 966 2245 S.
989 2223 1020 2244 a.
1041 2211 1169 2251 (1868.)
1188 2213 1234 2245 8⁰.

298 2301 640 2341 QVESTENBERG,
674 2296 844 2333 Iacobus
879 2294 1115 2345 (Aurelius),
1148 2295 1354 2346 Fribergae
1384 2296 1543 2333 Misniae
1574 2301 1713 2341 natus,
1745 2295 1917 2346 primum
1949 2293 2009 2344 (ut

295 2349 434 2395 p.204⁷
457 2351 588 2400 docet)
622 2352 699 2388 fuit
733 2352 918 2389 ‘studens
952 2351 1206 2389 Coloniensis
1239 2359 1278 2389 et
1316 2353 1426 2389 stetit
1459 2353 1499 2388 in
1531 2351 1651 2389 bursa
1689 2352 1877 2400 montis’;
1917 2357 2007 2401 post

295 2412 458 2456 peracta
478 2407 628 2457 linguae
650 2407 805 2445 Latinae
828 2414 877 2454 et,
901 2415 944 2444 ut
965 2414 1049 2445 tum
1069 2407 1316 2455 tradebatur,
1336 2407 1601 2458 philosophiae
1623 2407 1757 2444 studia
1777 2407 2007 2458 Lipsiensia

297 2462 369 2499 sub
399 2462 634 2500 Alexandro
664 2463 744 2499 PP.
768 2464 841 2501 VI.
863 2464 1032 2501 Romam
1061 2464 1192 2510 venit,
1230 2463 1298 2500 ubi
1332 2465 1514 2514 ‘propter
1543 2461 1829 2513 καλλιγραφίαν
1860 2468 1899 2500 et
1929 2462 2005 2500 La-

294 2519 497 2556 tinitatem
528 2519 768 2569 puriorem’,
804 2533 826 2556 a
856 2519 1171 2557 Melanchthone
1205 2520 1324 2557 etiam
1354 2519 1578 2565 laudatam,
1612 2519 1777 2557 favente
1808 2519 2006 2556 cardinali

296 2574 454 2612 Veneto
486 2574 621 2612 Marco
664 2575 713 2612 de
749 2589 779 2613 s.
808 2575 944 2613 Marco
975 2576 1279 2627 Argyropulum
1319 2574 1502 2613 Graecum
1540 2581 1828 2626 praeceptorem
1865 2581 2005 2612 nactus

297 2636 366 2676 est,
400 2631 442 2667 in
475 2631 585 2668 cuius
617 2631 754 2669 schola
784 2631 1054 2683 Thucydidea
1076 2631 1324 2669 Reuchlinus
1356 2632 1524 2682 primam
1556 2645 1644 2669 cum
1673 2632 1760 2681 ipso
1792 2636 2004 2669 consuetu-

297 2686 430 2724 dinem
460 2686 609 2724 habere
641 2688 772 2737 coepit,
806 2701 892 2738 quae
924 2688 1001 2725 iam
1033 2701 1067 2726 a.
1101 2688 1220 2726 1489.
1250 2688 1292 2724 in
1323 2689 1533 2725 arctiorem
1564 2687 1879 2726 familiaritatem
1909 2687 2003 2724 ami·
2028 2727 2035 2733 ,

297 2742 510 2792 citiamque
543 2750 743 2790 creverat,
777 2750 820 2780 ut
850 2750 1027 2782 veterem
1058 2757 1144 2781 eam
1176 2744 1401 2794 appellaret
1433 2743 1781 2794 Questenbergius
1812 2743 1855 2780 in
1887 2743 2002 2793 epist.

296 2797 347 2834 ad
377 2798 647 2836 Reuchlinum
676 2799 812 2836 Romae
844 2813 879 2837 a.
905 2800 1025 2837 1498.
1048 2798 1230 2850 scripta¹.
1290 2799 1442 2837 Maius‘2
1475 2800 1524 2837 de
1557 2813 1602 2837 eo
1634 2799 1735 2837 haec:
1768 2798 1899 2845 „Cum
1928 2798 2005 2836 1100

295 2853 441 2890 Iacobo
472 2854 720 2893 Reuchlinus
752 2856 1065 2894 familiaritatem
1096 2856 1313 2902 contraxit,
1348 2862 1468 2906 atque
1500 2855 1549 2893 ab
1583 2869 1628 2893 eo
1661 2856 1815 2905 aliquot
1845 2854 2003 2892 codices

298 2907 457 2947 Graecos
496 2911 608 2947 emit:
648 2911 754 2948 inter
792 2925 891 2961 quos
929 2912 1094 2949 fuerunt
1130 2911 1344 2950 Aeschinis
1384 2911 1753 2961 Demosthenisque
1800 2910 2002 2948 orationes

296 2965 520 3002 contrariae.
570 2966 697 3004 Dedit
727 2980 886 3017 quoque
918 2969 976 3006 illi
1007 2967 1250 3015 mercedem,
1285 2974 1328 3005 ut
1356 2967 1602 3018 Dalburgio,
1627 2967 1889 3017 Vangionum
1920 2967 2002 3015 epi-

387 3075 419 3115 1)
437 3075 571 3108 Illustr.
589 3076 693 3107 viror.
714 3076 759 3107 ad
777 3077 926 3110 Reuchl.
945 3087 1024 3118 epp.
1044 3078 1139 3110 1519.
1157 3076 1204 3110 4⁰.
1222 3087 1253 3118 p.
1273 3077 1341 3111 ku.
1467 3078 1501 3116 2)
1521 3077 1591 3108 Vit.
1611 3075 1760 3110 Reuchl.
1778 3086 1810 3117 p.
1831 3076 1907 3107 214.
1926 3086 2002 3117 sqq.
