2119 3522
862 219 1052 242 RAVENNAS.
1716 201 1779 244 45
1788 202 1811 244 1

99 332 175 374 ipse
206 335 361 364 testatur
391 334 534 364 centum
568 332 670 363 milia
703 332 773 364 sibi
807 332 966 364 locorum
1000 333 1172 364 memoria
1203 333 1348 375 parauit
1379 335 1414 364 et
1444 342 1539 363 nunc
1569 332 1658 374 ipsis
1690 332 1813 364 decem

98 387 197 419 milia
224 387 339 418 adidit
365 389 432 425 [sic]
459 389 494 418 in
522 388 650 428 quibus
676 388 745 419 sibi
772 388 928 419 dicenda
959 390 1083 430 posuit
1115 395 1292 430 quatenus
1321 389 1357 419 in
1385 393 1549 430 promptu
1575 390 1647 420 sint
1673 388 1824 435 quando

98 445 268 475 memorie
305 444 400 475 vires
438 444 594 485 experiri
633 445 733 485 cupit
764 447 800 475 et
836 455 915 475 cum
947 448 1137 486 paternum
1168 445 1295 476 solium
1328 444 1502 486 relinquit
1533 449 1572 476 ut
1604 440 1816 486 peregrinus

96 499 204 530 Italie
231 500 338 531 vrbes
364 499 583 530 mentalibus
609 499 724 531 oculis
751 500 978 541 conspiciens
1005 501 1125 532 dicere
1154 502 1265 542 possit
1300 502 1420 532 omnia
1447 512 1525 532 mea
1551 512 1687 533 mecum
1713 505 1816 542 porto

98 555 159 586 sed
191 566 257 586 nec
289 555 432 596 quidem
464 555 580 586 adhuc
609 555 728 587 indies
760 556 941 587 fabricare
976 560 1098 587 cessat
1128 558 1164 587 in
1198 556 1267 596 hijs
1293 557 1479 598 germanie
1505 561 1626 588 nostre
1653 557 1816 598 partibus

98 611 315 642 constitutus
340 612 377 642 in
403 611 557 641 diuersis
585 610 750 642 ecclesiis
776 615 889 655 atque·
912 612 1140 653 monaster-ijs
1167 612 1322 653 alijsque
1349 613 1392 644 ad
1419 613 1485 644 hoc
1513 614 1608 654 aptis
1634 613 1721 644 10013
1747 613 1816 644 sibi

96 667 201 709 plura
226 678 288 708 pro
315 667 529 708 reponendis
555 658 774 698 facultatum
799 664 943 698 suarum
970 668 1293 709 suppellectilibus
1319 678 1408 709 quas
1435 669 1566 699 cotidie
1600 669 1632 700 ei
1658 669 1816 700 recitare

98 724 270 754 conuenit
292 727 332 754 vt
356 726 440 754 sunt
467 727 680 764 argumenta
706 724 868 754 rationes
893 723 1044 754 historie
1075 723 1200 754 fabule
1232 724 1395 755 0311111113
1421 724 1649 755 inductiones
1678 724 1816 765 allega-

95 780 215 811 tiones
239 779 508 821 predicationes
535 789 791 819 sermonesque
811 782 846 809 et
865 778 1079 810 collationes
1099 789 1248 820 quarum
1269 781 1560 821 promptissimus
1580 783 1686 821 atque
1706 781 1817 812 diser—

96 836 257 867 tissimus
289 835 443 866 habetur
474 838 596 866 orator
627 835 735 866 sicuti
767 836 844 876 ipse
880 845 946 876 ego
976 834 1043 866 1100
1070 845 1163 866 311110
1193 832 1337 878 [1508.]
1367 835 1506 867 colonie
1533 836 1627 877 apud
1653 839 1816 867 sanctum

95 891 290 923 Martinum
315 892 489 922 maiorem
516 890 652 922 ordinis
678 891 793 921 nostri
818 892 1076 922 monasterium
1104 892 1140 921 in
1159 901 1200 922 eo
1219 902 1295 923 sum
1315 895 1486 933 expertus
1503 891 1585 922 dum
1604 892 1818 933 solempnis-

96 949 222 979 simum
250 948 286 978 in
312 948 507 979 refectorio
540 948 575 978 in
606 947 664 978 (lie
690 947 788 978 beati
813 946 950 978 Mathie
979 947 1133 988 apostoli
1160 947 1204 978 ad
1230 948 1363 979 fratres
1389 947 1430 978 de
1456 947 1559 978 huius
1585 948 1709 979 mundi
1734 958 1817 978 con-

95 1005 234 1045 temptu
270 1003 409 1034 faceret
443 1013 643 1034 sermonem
682 1003 784 1034 cuius
821 1002 927 1043 plane
965 1004 1140 1035 facundia
1176 1004 1392 1035 doctrinaue
1429 1004 1607 1034 intantum
1645 1007 1730 1034 tunc
1768 1004 1819 1034 fui

96 1059 303 1092 oblectatus
333 1062 372 1090 ut
405 1062 533 1101 postea
568 1059 787 1090 auditorium
820 1059 920 1090 1111113
951 1060 1091 1091 intrans
1124 1063 1234 1100 atque
1269 1061 1365 1091 inter
1396 1059 1486 1090 alios
1519 1070 1603 1091 31103
1636 1060 1818 1091 auditores

95 1116 377 1147 studiosissimos
410 1117 470 1156 qui
502 1115 545 1146 de
577 1114 732 1146 diuersis
766 1118 861 1146 terre
889 1115 1098 1157 regionibus
1131 1116 1230 1148 fama
1261 1117 1376 1158 ipsius
1410 1116 1533 1147 allecti
1566 1116 1653 1147 illuc
1685 1116 1729 1147 ad
1757 1126 1818 1147 au-

96 1172 264 1203 diendum
291 1183 371 1203 eum
398 1171 645 1203 confluxerant
671 1175 799 1213 aperto
824 1174 863 1202 ut
890 1174 991 1203 aiunt
1016 1183 1075 1204 ore
1102 1173 1308 1205 sitibundus
1334 1172 1498 1204 residens
1524 1181 1594 1212 quo
1613 1172 1693 1213 plus
1712 1182 1820 1214 super

94 1229 279 1269 vtriusque
305 1228 394 1259 iuris
420 1228 632 1269 compendio
659 1228 750 1268 quod
777 1231 862 1259 tunc
888 1229 924 1259 111
941 1229 1057 1260 lucem
1078 1229 1244 1260 ediderat
1262 1229 1500 1260 disserentem
1521 1227 1698 1259 audiendo
1717 1228 1820 1260 bibe-

94 1285 176 1316 bam
208 1295 249 1316 eo
282 1284 398 1325 magis
432 1284 508 1314 eius
543 1284 751 1315 facundiam
785 1295 826 1315 eo
859 1284 939 1326 plus
972 1285 1098 1316 audire
1134 1285 1303 1317 sitiebam
1333 1288 1459 1316 tantus
1492 1285 1623 1315 etenim
1656 1285 1818 1316 doctrine

94 1340 289 1372 thesaurus
315 1345 351 1371 et
380 1343 506 1371 ornate
533 1339 677 1371 dicendi
702 1343 842 1371 torrens
870 1341 914 1372 ab
942 1352 983 1372 eo
1008 1345 1130 1382 presto
1156 1342 1356 1373 manabant
1383 1341 1477 1382 quod
1505 1341 1668 1382 equidem
1695 1341 1818 1372 nobile

95 1407 140 1428 ac
165 1407 276 1438 prope
303 1396 462 1428 diuinum
489 1396 617 1427 donum
644 1397 739 1438 apud
766 1397 958 1428 nonnullos
985 1397 1144 1428 eiusdem
1171 1398 1333 1429 ciuitatis
1359 1397 1547 1439 theologos
1572 1407 1643 1428 11011
1669 1407 1819 1438 paruam

94 1453 231 1484 inuidie
258 1453 418 1485 fomitem
444 1454 479 1484 in
508 1463 587 1484 011111
614 1453 835 1484 exuscitauit
862 1463 1009 1494 quorum
1042 1454 1189 1485 tandem
1216 1454 1418 1485 oblati-atus
1447 1454 1696 1494 floxipendens
1723 1463 1820 1484 emu-

94 1509 293 1550 lationique
326 1509 459 1541 cedens
490 1509 575 1540 inde
607 1518 687 1540 sese
727 1509 770 1540 ad
802 1510 1074 1551 maguntiacum
1108 1509 1263 1541 contulit
1297 1510 1357 1541 vbi
1389 1509 1585 1540 honorifice
1626 1513 1819 1550 susceptus

94 1565 312 1607 publicoque
344 1565 491 1607 legendi
517 1565 650 1596 salario
678 1568 713 1596 et
738 1565 900 1597 merendi
932 1566 1116 1608 stipendio
1141 1566 1297 1597 donatus
1327 1576 1434 1607 quam
1464 1565 1637 1607 plurimos
1662 1566 1818 1606 acquisi-

94 1622 193 1654 visse
220 1622 267 1653 ad
293 1621 528 1653 erudiendum
556 1622 757 1663 discipulos
782 1622 994 1664 perhibetur
1020 1623 1081 1664 qui
1108 1626 1143 1653 et
1169 1623 1199 1653 si
1228 1623 1347 1654 vxoris
1372 1621 1517 1654 vinculo
1544 1625 1646 1653 extat
1671 1621 1819 1663 colliga—

93 1682 150 1709 tus
175 1688 318 1719 semper
342 1681 465 1710 tamen
490 1679 527 1709 in
552 1678 726 1710 bonarum
753 1678 955 1710 litterarum
983 1679 1099 1710 studio
1127 1689 1278 1711 versans
1304 1678 1415 1710 multa
1442 1679 1478 1709 in
1504 1681 1655 1720 vtroque
1680 1680 1757 1709 iure
1785 1683 1820 1709 et

95 1734 177 1775 alijs
203 1734 446 1766 facultatibus
473 1744 583 1776 opera
609 1735 742 1766 cotidie
768 1735 1013 1767 elucubrando
1040 1735 1240 1767 conscribit
1266 1735 1396 1776 quibus
1421 1735 1578 1766 nominis
1604 1736 1659 1766 sui
1684 1735 1819 1766 famam

95 1801 174 1823 cum
205 1791 324 1832 gloria
358 1791 403 1822 ad
434 1791 687 1832 posteritatem
719 1792 939 1822 transmittit
987 1793 1015 1823 E
1043 1802 1194 1832 quorum
1225 1802 1373 1823 numero
1403 1791 1491 1822 mihi
1516 1791 1694 1822 hactenus
1720 1790 1818 1822 dum-

92 1851 198 1879 taxat
227 1847 393 1879 subiecta
425 1850 509 1879 sunt
540 1847 619 1879 visa
652 1857 722 1888 que
755 1849 800 1879 ad
831 1848 1046 1880 instantiam
1079 1849 1279 1880 auditorum
1313 1857 1455 1879 suorum
1494 1847 1562 1878 hoc
1596 1857 1690 1878 anno
1723 1847 1819 1887 apud

94 1903 282 1936 Coloniam
309 1903 588 1945 calcographice
615 1903 781 1935 mandari
807 1908 843 1935 et
867 1904 903 1935 in
929 1904 1044 1936 lucem
1072 1905 1195 1937 venire
1223 1908 1278 1936 est
1302 1914 1433 1946 passus
1458 1903 1601 1935 scilicet

83 1959 351 2006 ‘Compendium
377 1960 466 1991 iuris
493 1970 554 1991 ca:
909 1961 935 1991 li
955 1959 1000 2001 jjj
1073 1960 1162 1992 Cum
1188 1960 1317 2002 paulus
1346 1960 1408 1992 ille
1434 1961 1632 2002 Vergerius

93 2016 314 2048 Addiciones
340 2017 376 2047 in
406 2017 502 2048 idem
910 2018 934 2048 li
954 2027 971 2057 J
1072 2018 1114 2049 In
1140 2018 1284 2049 rubrica
1311 2017 1353 2048 de
1381 2027 1448 2049 auc
1474 2020 1510 2048 et
1538 2026 1603 2048 vsu

93 2073 315 2104 Addiciones
341 2073 377 2103 111
403 2074 432 2104 6¹
458 2073 482 2104 li
515 2073 703 2114 compend.
908 2073 934 2103 li
954 2082 970 2112 J
1072 2074 1128 2105 De
1155 2073 1299 2105 clericis
1326 2084 1396 2105 11011
1422 2073 1666 2105 residentibus

93 2129 314 2160 Addiciones
340 2139 446 2171 super
472 2129 620 2160 decreto
858 2169 861 2172 Α
908 2129 935 2160 11
955 2138 970 2168 J
1072 2129 1102 2160 A
1127 2130 1269 2170 prelato
1295 2140 1366 2161 nou
1391 2133 1564 2162 seruante

95 2184 353 2226 Compendium
379 2185 468 2216 iuris
494 2185 614 2216 ciuilis
908 2185 934 2215 li
955 2193 970 2224 J
1073 2186 1308 2227 Rogauerunt
1334 2197 1388 2217 me
1418 2185 1582 2217 nonrmlli
1607 2196 1669 2216 au:

92 2242 148 2272 De
175 2242 296 2273 aureis
321 2241 430 2272 dictis
456 2241 544 2272 iuris
570 2240 690 2272 ciuilis
911 2241 935 2272 11
956 2250 972 2281 J
1074 2242 1144 2273 Fui
1170 2243 1415 2283 interrogatus
1441 2242 1484 2273 de
1511 2251 1646 2273 occasu

93 2299 148 2328 De
175 2297 377 2329 artificiosa
402 2297 574 2328 memoria
600 2307 665 2327 sua
908 2297 968 2337 liJ
1074 2296 1161 2328 Cum
1190 2302 1281 2339 etat3
1308 2303 1429 2330 nostre
1453 2308 1590 2340 paucos

92 2353 147 2385 Ad
172 2353 336 2385 sinodum
364 2351 580 2385 caminesem
601 2352 644 2393 (5³)
909 2353 934 2384 li
954 2362 970 2393 J
1074 2354 1111 2386 Si
1130 2354 1202 2385 vllo
1220 2364 1378 2395 unquam
1399 2359 1554 2396 tempore
1581 2353 1817 2396 congratula:

93 2409 305 2442 Soluciones
335 2411 564 2450 questionum
593 2409 829 2441 iuridicarum
907 2409 933 2440 li
955 2418 971 2450 J
1073 2411 1168 2450 Quia
1187 2410 1373 2452 pulchrum
1391 2421 1528 2453 semper
1550 2414 1585 2441 et
1607 2410 1818 2442 honorabile

93 2467 210 2509 Copia
235 2467 425 2498 multarum
453 2466 722 2508 allegacionum
907 2465 932 2496 li
953 2474 969 2505 J
1070 2467 1338 2507 Equitabamus
1364 2467 1477 2498 semel
1508 2467 1552 2498 ad
1578 2477 1651 2497 mo:

94 2524 246 2565 Repetio
273 2525 340 2561 [sic]
368 2521 409 2554 ca
430 2523 501 2554 Int'
527 2521 601 2554 alia
908 2522 934 2552 li
953 2530 969 2561 J
1070 2522 1171 2554 Inter
1197 2523 1271 2555 alia
1297 2534 1361 2564 reg
1387 2523 1546 2554 criminis

93 2580 147 2611 De
174 2581 351 2620 potestate
375 2589 468 2620 pape
499 2582 535 2610 et
561 2579 703 2620 Impera
905 2577 932 2608 li
952 2587 969 2618 J
1069 2579 1215 2610 Titulus
1240 2579 1412 2610 lectionis
1438 2579 1618 2620 presentis

94 2634 234 2676 Clipius
260 2638 386 2666 contra
414 2632 490 2666 03111
515 2634 700 2665 doctorem
904 2633 931 2664 li
951 2643 967 2674 J
1069 2634 1323 2676 Redemptoris*
1349 2635 1465 2666 nostri
1488 2634 1547 2676 sP9
1573 2635 1741 2665 inuocato

93 2692 148 2722 De
168 2691 316 2723 decimis
335 2694 459 2722 contra
477 2688 593 2731 grafifi
611 2689 866 2721 summenharti
907 2689 933 2720 li
953 2698 969 2729 J
1072 2690 1156 2721 Vidi
1182 2694 1219 2721 et
1244 2691 1317 2732 legi
1342 2693 1537 2722 tractatum
1568 2700 1672 2731 quem

94 2747 284 2779 Sermones
312 2747 355 2778 ad
381 2746 564 2777 auditores
591 2755 674 2778 suos
906 2745 933 2776 li
953 2754 969 2785 J
1070 2747 1111 2778 In
1137 2748 1281 2777 nomine
1308 2745 1367 2777 dfii
1394 2745 1450 2777 nfi
1478 2745 1540 2777 11111
1564 2744 1641 2777 chri

94 2803 289 2836 Orationes
316 2813 423 2843 quam
453 2802 574 2842 plures
906 2801 931 2832 li
953 2810 969 2841 J
1072 2799 1281 2844 [Alplzabetzi
1302 2804 1388 2833 vlri‘)
1414 2803 1496 2833 iuris
1527 2803 1606 2842 ei.j.

93 2860 280 2902 Epistolas
305 2858 479 2901 plurimas
506 2858 551 2889 ad
577 2857 741 2889 diuersos
906 2857 931 2888 li
952 2866 968 2897 J
1072 2855 1131 2900 [In
1154 2858 1246 2899 vfib‘)
1263 2857 1410 2898 [eadm-12
1431 2857 1514 2894 ἳιιιέ.
1541 2800 1634 2909 Izy]
1649 2846 1716 2867 νεα
1731 2847 1814 2867 man*

95 2915 267 2948 Carmina
292 2916 406 2946 multa
906 2913 933 2944 li
952 2922 969 2953 J

93 2972 147 3003 Ad
173 2971 461 3003 maximilianum
487 2981 608 3011 regem
870 2980 932 3000 car
953 2978 969 3009 J
1071 2970 1100 3002 Ο
1127 2970 1238 3002 decus
1265 2973 1423 3002 eternum
1448 2970 1571 3002 mundi

92 3028 146 3059 Ad
162 3028 394 3059 hermannum
413 3026 651 3058 coloniensem
671 3026 824 3067 archiep.
874 3036 934 3057 car
953 3034 969 3065 J
1072 3026 1123 3057 Te
1149 3036 1330 3067 nunquam
1356 3027 1432 3059 vidi
1458 3026 1520 3059 sed
1546 3027 1667 3058 amani

1477 3090 1543 3120 <29ss
