2119 3522
221 244 293 265 EPP.
307 240 349 265 29.
364 240 406 264 30.
432 242 604 264 ECBERTVS
621 241 805 264 VNGENANT
822 241 980 263 ORTvmo.
997 253 1039 256 —
1053 240 1252 263 BALTHASAR
1270 240 1424 263 SCLAVCH
1441 240 1601 264 ORTVINO·
1705 222 1797 266 707

88 301 172 341 Pag.
193 300 243 335 23
252 300 285 335 7.
1160 299 1245 340 Pag.
1259 299 1335 330 235.
1353 309 1383 329 v.
1397 306 1428 330 31
1447 322 1454 330 .
1470 322 1478 330 .
1493 322 1500 330 .
1518 299 1605 341 Pag.
1619 300 1695 331 ⁶237.
1714 309 1743 330 v.
1757 306 1799 330 30.

176 353 239 386 hil.
272 352 320 386 Et
343 353 380 386 id
400 364 442 387 eo
465 353 654 394 libentius,
681 352 779 396 quod
804 353 834 385 is
859 353 915 386 vir
938 353 1189 396 perhumanus
1207 363 1290 386 cum
1315 353 1430 386 nostri
1454 352 1672 386 nobilissimi
1696 363 1800 397 gym-

177 408 271 442 nasii
301 408 553 453 gubernacula
582 409 670 441 tunc
700 407 864 442 habebat
895 408 1070 450 (Quando
1105 408 1202 441 enim
1233 408 1417 442 Viennam
1448 409 1667 452 appuleram
1697 420 1801 453 gym-

177 464 370 497 nasiarcha
395 464 534 498 electus
558 463 698 505 fuerat)
724 464 804 497 tum
829 463 883 497 tui
914 464 1072 498 nominis
1103 463 1388 498 studiosissimus
1414 465 1502 498 erat.
1549 464 1670 499 Multa
1693 464 1738 498 de
1763 465 1801 498 te
1853 497 1861 504 ,

180 521 329 563 (nomen
355 519 453 553 enim
478 520 585 552 tuum
610 518 710 563 apud
733 530 799 553 nos
823 519 1055 553 notissimum
1081 520 1148 562 est)
1175 519 1295 553 studio
1320 520 1396 562 tuo,
1423 519 1667 563 omnibusque
1692 520 1802 554 rebus

177 575 390 609 humaniter
418 585 478 608 me
509 575 775 619 interrogabat.
824 575 1115 619 Diligentissime
1142 575 1198 609 vir
1227 575 1290 609 ille
1315 575 1539 620 Apologiam
1568 577 1672 609 tuam
1696 575 1800 620 legit,

178 642 260 674 quae
284 631 415 674 postea
431 642 492 664 rus
508 630 588 664 ibat
614 631 660 664 ad
679 630 881 664 Stiborium
906 632 1083 673 nostrum,
1111 631 1175 674 qui
1202 641 1283 665 eam
1310 642 1354 664 ex
1377 631 1509 666 intimo
1535 632 1686 675 pectore
1709 631 1804 675 legit

179 697 219 720 ac
244 686 416 730 perlegit.
465 686 552 728 Quae
577 687 641 720 ubi
666 686 935 720 domuitionem
961 687 1181 730 capesserat,
1208 686 1423 730 Cuspiniani
1448 686 1544 721 fores
1569 687 1802 731 appulsabat‚

177 742 242 787 qui
266 742 603 776 stomachabundus
634 742 725 775 mihi
750 741 974 783 succensuit,
1008 742 1096 785 quia
1120 742 1167 775 ad
1192 752 1228 775 se
1259 741 1452 775 literarum
1484 742 1577 775 nihil
1602 743 1666 776 abs
1689 744 1726 777 te
1753 742 1802 777 af-

177 798 331 840 ferrem,
358 799 398 832 at
422 798 697 832 excusationem
721 808 795 831 non
821 797 1010 831 rancidam
1035 808 1102 840 pro
1127 796 1295 841 tempore
1322 797 1539 840 afferebam,
1571 798 1697 832 literas
1721 799 1804 833 tuas

178 854 293 898 probe
321 854 361 898 [l.
379 854 516 898 prope]
542 853 720 887 affuturas
744 852 966 897 significans.
1015 852 1135 894 Quare
1160 854 1267 886 tuum
1294 854 1364 887 erit
1388 853 1488 896 quod
1521 854 1643 888 verbis
1667 855 1803 898 promi-

178 910 288 944 serim
313 919 425 953 opere
450 908 631 953 perficias.
664 908 778 942 Lecta
802 909 927 942 autem
953 919 974 942 a
999 907 1222 952 Cuspiniano
1247 910 1372 943 nostro
1398 908 1592 954 Apologia,
1619 910 1806 944 salutabat

179 965 406 1006 Vadianum,
439 965 477 998 et
501 964 662 1008 reliquos
686 975 799 999 meos.
846 963 1047 1007 Exemplar
1071 964 1258 1007 quoddam
1288 964 1388 998 illius
1417 965 1716 1008 perniciosissimi
1740 966 1803 1000 ho-

178 1021 288 1055 minis
313 1020 515 1055 adversarii
548 1020 603 1054 tui
629 1020 938 1064 Capniomastigis
965 1018 1191 1053 Coloniensis
1216 1020 1316 1064 apud
1341 1020 1528 1063 quendam
1558 1022 1804 1056 mercatorem

179 1077 343 1111 Suevum
367 1077 505 1118 inveni,
532 1077 596 1120 qui
621 1077 734 1110 etiam
759 1075 961 1120 plurimum
987 1075 1122 1109 veneni
1148 1086 1193 1109 ex
1216 1075 1345 1110 libello
1370 1076 1434 1110 illo
1460 1076 1599 1111 famoso
1623 1077 1661 1110 in
1679 1078 1716 1111 te
1741 1089 1804 1112 no-

178 1144 337 1177 menque
363 1134 469 1166 tuum
494 1133 654 1174 suxerat,
681 1131 740 1165 0111
766 1132 804 1165 et
827 1142 962 1165 nomen
979 1132 1086 1165 tuum
1111 1132 1279 1166 odiosum
1304 1132 1343 1166 et
1359 1131 1580 1167 detestabile
1606 1134 1694 1167 erat.
1726 1133 1804 1178 Ego

177 1189 303 1223 statim
327 1188 413 1222 111110
438 1199 623 1222 venenoso
649 1187 820 1222 morbillo
844 1187 987 1221 mederi
1005 1188 1185 1232 satagens,
1212 1188 1537 1231 praesentissimum
1562 1189 1804 1233 pharmacum

179 1238 300 1287 attuli,
326 1245 457 1289 utpote
475 1244 698 1289 Apologiam
722 1245 836 1286 tuam,
864 1254 975 1287 quam
992 1243 1137 1288 legeret
1160 1243 1263 1287 petii,
1291 1243 1378 1285 Quae
1402 1244 1501 1278 lecta
1524 1244 1671 1279 fortiter
1695 1257 1803 1280 omne

178 1312 364 1335 venenum
400 1300 562 1334 latenter
600 1301 699 1334 intra
733 1301 863 1344 pectus
902 1300 1084 1343 irreptum
1124 1299 1409 1343 praesentissimo
1446 1300 1614 1335 antidoto
1651 1302 1804 1346 expulit.

177 1356 379 1401 Exemplar
404 1356 683 1390 accommodato
702 1357 896 1399 acceptum
921 1356 963 1389 ut
987 1355 1158 1400 legerent
1174 1355 1344 1389 omnibus
1369 1358 1460 1390 meis
1478 1357 1607 1399 obtuli,
1633 1357 1690 1391 his
1715 1357 1805 1401 quid

179 1424 262 1446 cum
291 1412 410 1446 literis
442 1413 480 1446 et
503 1411 689 1456 Apologia
720 1413 786 1445 tua
811 1411 951 1455 egerim
981 1411 1124 1454 liquido
1155 1411 1346 1456 intelligis.
1395 1412 1639 1456 Cuspinianus
1670 1415 1708 1447 et
1731 1413 1803 1447 Va—

178 1469 308 1502 dianus
332 1467 392 1501 hic
418 1467 465 1501 ad
488 1468 526 1501 te
552 1467 734 1509 scribunt,
767 1467 832 1511 qui
856 1468 898 1501 ut
927 1467 1106 1501 rescribas
1135 1467 1337 1511 plurimum
1369 1468 1545 1512 rogitant.
1593 1468 1805 1513 Scripsisset

178 1525 216 1559 et
239 1524 399 1558 Thomas
423 1524 548 1557 noster
574 1523 751 1568 [Resch],
776 1523 815 1556 ni
840 1523 963 1557 subita
988 1524 1026 1556 et
1048 1523 1237 1567 insperata
1260 1523 1447 1557 tabellarii
1472 1524 1587 1558 abitio
1612 1535 1678 1558 nos
1702 1525 1805 1558 fefel-

175 1580 278 1622 lerit,
306 1581 345 1613 at
372 1579 562 1623 proximus
592 1579 808 1613 tabellarius
839 1578 957 1612 literis
982 1590 1120 1612 vacuus
1145 1579 1191 1612 ad
1222 1580 1259 1613 te
1285 1590 1357 1613 non
1388 1579 1468 1614 ibit.
1516 1580 1609 1614 Vale
1635 1592 1743 1614 sanus
1768 1581 1805 1614 in

178 1636 303 1670 dulces
328 1646 452 1669 annos.
500 1635 663 1670 Viennae.
689 1635 805 1670 Nonis
832 1635 945 1680 April.
965 1634 1081 1669 Anno.
1098 1634 1147 1669 M.
1160 1634 1311 1670 1).X11.“

87 1698 108 1728 5
132 1697 239 1728 notus
262 1692 343 1736 sibi]
371 1692 510 1725 amicus
536 1691 625 1727 eius.

89 1753 108 1783 ss
134 1750 185 1793 in]
213 1759 268 1782 ex.

89 1809 107 1840 7
134 1804 408 1839 Parrhisienses
434 1807 465 1838 et
486 1803 725 1849 Colom'enses]
753 1804 916 1847 Quorum
941 1805 1144 1839 sententias
1168 1815 1251 1839 cum
1276 1805 1357 1838 aliis
1374 1816 1420 1838 m.
1439 1804 1544 1840 Febr.
1564 1817 1594 1840 a.
1615 1810 1710 1840 1514.
1731 1807 1804 1841 edi-

179 1860 234 1894 dit
252 1859 437 1893 Ortvinus.
479 1860 523 1894 cf.
542 1860 620 1894 Ind.
638 1872 722 1895 scrr.
741 1873 775 1905 p.
794 1865 847 1896 81.
865 1873 898 1894 n.
916 1874 1006 1895 xxm.

89 1922 108 1953 9
135 1918 180 1952 Ρ.
197 1917 336 1962 Meyer]
366 1916 411 1950 cf.
429 1915 507 1950 Ind.
526 1916 644 1961 biogr.
661 1929 696 1961 p.
715 1921 789 1951 415.
808 1929 859 1961 sq.
877 1918 911 1951 h.
930 1918 997 1950 art.

90 1979 130 2008 12
157 1974 323 2008 diabolus
346 1973 479 2006 tenebit
503 1973 705 2018 candelam]
732 1973 775 2007 cf.
794 1975 907 2007 225¹&

91 2034 131 2065 13
156 2030 281 2064 volunt
306 2039 378 2063 esse
404 2028 603 2073 discordes]
631 2028 781 2063 Scilicet
805 2030 850 2064 de
882 2040 1024 2063 summo
1050 2030 1232 2074 supplicio
1258 2030 1436 2064 sumendo
1467 2031 1566 2065 inter
1589 2042 1626 2065 se
1653 2042 1804 2066 consen-

178 2086 294 2127 tiunt,
321 2084 386 2119 sed
410 2085 534 2118 utrum
560 2084 672 2119 furcae
698 2097 744 2119 an
769 2086 865 2130 ignis
890 2096 1002 2130 poena
1027 2085 1238 2120 adhibenda
1262 2086 1323 2129 sit,
1351 2087 1495 2120 certant
1518 2086 1694 2132 theologi.
1734 2089 1803 2122 Re-

178 2141 373 2176 ferendum
405 2141 461 2174 est
489 2140 559 2174 hoc
588 2140 792 2175 ludibrium
824 2142 871 2175 ad
902 2142 939 2175 id
965 2142 1065 2186 quod
1095 2141 1320 2176 Reuchlinus
1346 2142 1514 2185 (Defens.
1534 2147 1628 2177 1513.
1647 2155 1682 2187 p.
1700 2144 1804 2187 A42.)

179 2198 224 2231 de
249 2196 459 2241 proditione
486 2196 766 2231 consultationis
791 2209 864 2232 suae
889 2209 957 2242 per
980 2197 1270 2241 Pepericornum
1295 2198 1507 2242 scripserat:
1535 2198 1620 2241 „De
1646 2210 1719 2243 quo
1743 2211 1805 2234 ne-

178 2253 271 2287 fario
296 2252 435 2287 scelere
461 2253 666 2297 imperialis
682 2253 743 2288 lex
767 2254 979 2298 principum
1003 2254 1084 2288 1000
1112 2254 1152 2298 [1.
1171 2264 1201 2288 e.
1219 2253 1322 2287 Paul.
1341 2253 1379 2289 L.
1397 2258 1450 2289 38.
1469 2258 1487 2295 ξ
1507 2258 1535 2288 1.
1553 2254 1597 2288 D.
1615 2255 1660 2289 de
1686 2257 1805 2300 poenis

177 2313 237 2352 48,
256 2309 311 2353 19.]
339 2308 583 2343 Consiliorum
614 2311 823 2344 nostrorum
854 2310 1128 2344 renuntiatores
1158 2310 1223 2343 aut
1253 2309 1329 2343 vivi
1367 2312 1570 2345 exuruntur
1602 2312 1666 2345 aut
1702 2312 1806 2346 furca

179 2364 492 2410 suspenduntur.“

92 2426 132 2457 18
156 2421 388 2464 Pfefferkorn
412 2421 503 2455 dicit
529 2423 607 2467 ete]
646 2422 690 2456 cf.
709 2422 789 2456 Def.
807 2435 842 2466 p.
859 2427 932 2457 163.
947 2435 998 2466 sq.
1048 2422 1395 2467 „Expurgationem
1420 2423 1581 2457 infamiae
1607 2435 1688 2467 quae
1713 2425 1803 2458 mihi

178 2478 270 2512 falso
292 2505 320 2512 ..
336 2504 343 2512 .
361 2488 383 2511 a
407 2479 591 2522 perversis
617 2478 832 2512 Christianis
858 2480 913 2513 est
936 2479 1151 2523 imposita“.

89 2539 132 2569 23
162 2534 356 2568 Vadimzus
376 2561 383 2568 .
399 2561 405 2566 .
421 2561 428 2567 .
449 2537 497 2567 est
521 2534 644 2576 factus
667 2536 799 2579 rector]
826 2546 856 2569 a.
877 2539 973 2570 1516.
1004 2535 1048 2569 cf.
1072 2535 1169 2569 Eder
1194 2535 1350 2579 catalog.
1375 2536 1505 2570 rector.
1530 2535 1662 2569 Vienn.
1682 2536 1802 2570 Austr.

178 2602 214 2636 p.
232 2594 285 2625 60.
316 2589 411 2624 Vide
438 2601 550 2634 supra
574 2590 621 2624 ad
645 2603 680 2635 p.
701 2595 774 2625 199.
793 2604 823 2624 v.
836 2601 879 2625 29.
899 2592 936 2624 et
960 2591 1056 2625 infra
1079 2603 1113 2635 p.
1131 2593 1243 2626 27833.

91 2651 133 2682 25
157 2648 372 2691 minyentem
397 2646 446 2680 ad
466 2647 613 2690 pariet]
640 2647 684 2680 cf.
702 2647 767 2681 ΠΙ.
783 2647 874 2692 Reg.
892 2660 962 2681 xvi.
983 2651 1033 2680 11.
1059 2673 1120 2689 „..
1142 2648 1180 2681 et
1201 2657 1275 2680 non
1293 2647 1495 2691 dereliquit
1512 2658 1557 2681 ex
1575 2658 1619 2682 ea
1635 2648 1803 2693 mingen-

178 2704 256 2737 tem
281 2703 328 2736 ad
352 2703 534 2746 parietem
555 2730 562 2737 .
579 2705 634 2737 .“.
688 2701 849 2746 (Saepius
874 2702 911 2735 in
936 2702 1039 2735 libris
1055 2702 1202 2747 Regum
1232 2703 1286 2737 ita
1302 2703 1496 2738 masculini
1513 2704 1660 2748 generis
1688 2704 1804 2738 homi-

127 2762 130 2763 ’
178 2769 244 2793 nes
268 2758 535 2803 designantur).

89 2818 132 2849 26
157 2815 329 2858 recedere]
356 2814 566 2857 relinquere
592 2813 686 2849 hanc
711 2815 1003 2849 universitatem.

90 2875 132 2905 28
160 2870 393 2914 Collimitizcs]
420 2870 442 2903 i.
461 2880 490 2903 e.
510 2880 555 2903 ex
579 2870 717 2914 oppido
742 2870 909 2905 Bavariae
934 2871 1132 2915 superioris
1156 2871 1251 2906 Rain
1276 2871 1461 2906 oriundus.
1503 2872 1547 2907 cf.
1566 2872 1612 2906 ad
1639 2874 1748 2908 19925.
1769 2875 1805 2908 et

179 2925 258 2960 Ind.
275 2925 392 2970 biogr.
410 2937 445 2969 p.
463 2929 538 2960 482.
557 2927 623 2960 art.
641 2926 889 2961 Tannstetter.

90 2986 132 3017 29
161 2982 426 3026 Cuspiniamcs]
453 2982 497 3016 cf.
517 2981 563 3015 ad
590 2986 663 3016 199.
683 2996 713 3018 v.
726 2992 768 3017 35.
787 2983 825 3016 et
848 2982 1013 3027 Peperic.
1033 2983 1113 3017 Def.
1133 2996 1166 3028 p.
1188 2985 1299 3019 157¹0.

90 3043 133 3074 30
155 3038 282 3083 Resch]
309 3037 352 3072 cf.
371 3037 449 3071 Iud.
468 3037 583 3082 biogr.
602 3050 637 3082 p.
654 3042 730 3073 454.
748 3038 784 3072 h.
801 3039 868 3073 art.

1462 3099 1535 3132 45ss
