2119 3522
139 596 226 636 Pag.
248 594 338 631 181.
683 581 977 623 VOLVMEN
1007 581 1311 624 ALTERVM.

184 694 270 728 Haec
295 694 479 728 recentior
496 693 685 728 Novarum
702 693 952 737 Epistolarum
971 693 1011 728 O.
1026 693 1070 728 V.
1088 693 1294 739 designatio
1317 696 1375 737 (cf.
1394 694 1471 728 Ind.
1492 694 1573 728 edd.
1591 706 1625 727 n.
1645 698 1676 730 7.
1694 698 1725 727 8.
1744 705 1855 738 supra

227 761 337 794 pagg.
356 753 407 783 10.
425 751 523 793 sqq.)
548 749 670 783 fraudi
694 749 781 791 fuit,
814 749 857 782 ut
884 748 1004 782 adhuc
1028 749 1066 782 in
1092 749 1273 794 originem
1299 750 1421 794 operis
1446 750 1624 792 universi,
1658 751 1762 793 quasi
1787 750 1855 784 hoc

226 806 272 840 ab
303 805 410 839 initio
442 805 539 838 inter
569 804 685 839 socios
715 815 782 848 pro
813 804 982 848 partibus
1011 805 1279 848 perficiendum
1313 805 1559 847 convenisset,
1592 805 1853 849 inquireretur,

227 862 264 895 ct
295 862 337 894 ut
368 860 469 894 docti
500 859 667 894 homines
697 859 765 893 sibi
791 860 1005 894 societatem
1032 861 1078 894 ad
1104 861 1387 895 conscribendas
1414 861 1587 904 epistolas
1605 861 1703 896 O.V.
1722 861 1767 895 ab
1793 872 1854 895 au-

225 917 387 951 ctoribus
411 916 541 949 initam
567 915 760 959 fingerent.
809 915 976 950 Tacitam
1002 916 1154 959 quidem
1179 917 1226 950 ad
1250 917 1523 950 renascentium
1547 917 1756 951 litterarum
1780 918 1854 951 stu-

225 972 327 1006 dium
358 971 655 1016 promovendum
685 971 970 1015 barbariemque
1002 972 1261 1015 expellendam
1294 972 1511 1006 societatem
1540 972 1701 1006 inierant
1723 973 1862 1011 harum

225 1028 467 1073 epistolarum
492 1028 676 1069 auctores,
709 1027 772 1061 sed
797 1038 870 1061 non
894 1027 933 1061 hi
957 1028 1103 1061 tantum
1128 1028 1226 1062 inter
1250 1039 1346 1070 sese,
1378 1027 1442 1062 sed
1467 1028 1607 1072 pariter
1632 1028 1744 1062 etiam
1770 1040 1853 1062 cum

224 1084 305 1119 aliis
335 1083 462 1117 multis
493 1083 556 1127 qui
587 1094 648 1117 eas
679 1084 744 1117 aut
774 1083 892 1117 editas
925 1083 1075 1118 demum
1108 1085 1173 1118 aut
1196 1095 1387 1127 nunquam
1411 1083 1603 1125 viderunt,
1637 1085 1676 1118 et
1700 1084 1779 1127 alii,
1812 1086 1855 1119 ut

225 1141 355 1176 Crotus
386 1141 425 1174 et
447 1139 652 1181 Huttenus,
685 1139 799 1173 etiam
830 1139 986 1174 arctiore
1019 1140 1190 1174 amicitiae
1222 1139 1495 1174 necessitudine
1522 1139 1851 1184 coniungebantur.

222 1197 302 1231 tum
334 1195 458 1230 extitit
488 1206 636 1239 quoque
661 1195 831 1239 quaedam
857 1195 1196 1230 Reuchlinistarum
1222 1197 1350 1230 contra
1374 1195 1614 1240 theologistas
1639 1195 1743 1239 quasi
1769 1207 1851 1229 con-
1900 1224 1912 1236 ,

222 1252 374 1293 iuratio,
401 1252 443 1285 ut
459 1262 523 1284 suo
541 1251 697 1294 quisque
715 1262 816 1285 more
834 1262 902 1295 pro
920 1251 1125 1286 Reuchlino
1144 1252 1288 1297 ageret,
1315 1251 1493 1285 scriberet
1509 1262 1550 1285 ac
1568 1251 1724 1293 diceret,
1752 1252 1852 1295 apud

222 1307 452 1352 potentiores
476 1307 636 1351 gratiam
661 1307 696 1341 ei
720 1307 958 1351 impetraret,
986 1307 1216 1341 adversarios
1240 1308 1445 1352 frangeret:
1471 1307 1570 1341 unde
1589 1307 1730 1348 evenit,
1757 1308 1798 1341 ut
1815 1309 1854 1341 et

221 1364 366 1408 scriptae
397 1363 562 1397 nondum
593 1363 703 1397 editae
735 1363 901 1407 epistolae
932 1363 1030 1397 intcr
1060 1364 1197 1397 amicos
1222 1364 1592 1398 communicarentm·.
1642 1363 1739 1396 Illud
1763 1375 1851 1397 vero

220 1420 331 1464 plane
363 1419 599 1463 negaverim,
632 1419 758 1453 statim
789 1419 835 1453 ab
861 1418 983 1461 initio,
1015 1421 1212 1463 postquam
1239 1419 1474 1454 Colonienses
1499 1420 1626 1453 contra
1651 1419 1851 1463 Speculum

221 1476 368 1510 oculare
407 1475 528 1509 furere
568 1475 781 1519 coepissent,
820 1475 917 1509 inter
947 1475 1220 1509 Reuchlinistas
1252 1476 1328 1509 sive
1361 1486 1488 1509 omnes
1519 1475 1595 1508 sive
1626 1486 1700 1509 non
1730 1475 1851 1509 nullos

221 1531 453 1573 convenisse,
486 1532 529 1565 ut
559 1531 638 1565 eius
668 1531 770 1565 modi
801 1542 908 1574 opus,
942 1531 1052 1575 quale
1083 1531 1210 1576 paucis
1243 1531 1347 1565 annis
1378 1532 1462 1575 post
1492 1530 1647 1575 prodiit,
1686 1531 1732 1565 ab
1763 1531 1851 1574 ipsis

220 1587 460 1629 scriberetur3
486 1598 608 1631 neque
634 1587 861 1629 Huttenum,
894 1598 1005 1631 quem
1030 1587 1229 1631 superioris
1254 1586 1481 1631 Appendicis
1506 1587 1650 1630 septem
1676 1586 1850 1630 epistula-

220 1656 300 1677 rum
331 1644 520 1677 auctorem
551 1654 627 1677 esse
661 1643 808 1687 opinor,
840 1643 942 1688 prius
972 1655 1084 1687 quam
1110 1643 1272 1677 Croticas
1298 1642 1490 1686 epistulas,
1524 1642 1677 1676 fortasse
1709 1642 1779 1676 sibi
1804 1643 1849 1676 ab

219 1700 337 1734 amico
368 1699 531 1744 singulas
562 1700 627 1733 aut
657 1710 731 1733 una
754 1699 896 1743 plures,
930 1701 972 1733 ut
1002 1699 1147 1743 scriptze
1172 1699 1336 1740 fuerant,
1369 1699 1658 1733 communicatas
1686 1698 1848 1743 legisset,

219 1756 341 1801 operis
367 1755 684 1789 continuationem
710 1755 861 1799 ccepisse
887 1755 978 1788 mihi
1002 1766 1219 1799 persuasum
1246 1756 1316 1796 est3
1350 1756 1389 1789 et
1418 1754 1502 1799 plus
1531 1754 1629 1796 dico,
1663 1754 1849 1788 Huttenus

218 1813 298 1846 tum
322 1812 488 1853 demum,
514 1823 597 1845 cum
621 1812 705 1855 post
726 1811 875 1845 illarum
898 1812 1043 1855 septem
1061 1810 1304 1855 epistularum
1322 1810 1627 1855 compositionem
1646 1810 1682 1843 in
1701 1810 1846 1844 ltaliam

219 1868 430 1909 revenerat,
468 1867 514 1901 ad
546 1878 660 1901 novas
689 1867 755 1901 has
791 1867 966 1912 epistolas
1001 1866 1214 1900 scribendas
1246 1878 1324 1901 sese
1358 1865 1534 1908 accinxit,
1571 1877 1662 1910 quas
1694 1867 1847 1900 fortasse

219 1924 368 1958 omnino
394 1935 466 1957 non
492 1924 557 1957 aut
581 1924 681 1957 certe
705 1923 816 1968 longe
842 1923 951 1957 aliter
975 1934 1086 1966 quam
1112 1922 1252 1956 factum
1279 1922 1336 1956 est
1352 1921 1633 1966 composuisset,
1660 1921 1689 1955 si
1706 1921 1845 1955 theolo-

218 1980 322 2024 gistae
346 1980 419 2013 illis
437 1979 590 2014 Creticis
614 1979 818 2024 strigilibus
843 1978 930 2012 satis
955 1989 992 2011 se
1018 1978 1180 2022 depexos
1205 1978 1460 2021 laceratosque
1485 1977 1698 2019 sensissent,
1724 1988 1846 2021 neque

217 2036 456 2081 Pepericorni
483 2034 702 2079 Ortvinique
728 2035 863 2076 fetum,
889 2033 1153 2069 Defensionem
1178 2034 1308 2068 contra
1332 2033 1490 2067 famosas
1515 2033 1554 2067 et
1577 2032 1786 2067 criminales
1804 2033 1845 2067 O.

218 2092 261 2126 V.
276 2092 465 2136 epistolas,
505 2091 722 2133 edidissent,
759 2102 887 2135 quam,
925 2101 1008 2124 cum
1039 2090 1280 2133 sequentibus
1312 2090 1417 2124 novis
1448 2089 1613 2133 epistolis
1643 2088 1846 2122 scribendis

217 2148 402 2193 praecipue
435 2159 562 2182 ansam
593 2147 755 2189 dederit,
789 2157 915 2191 eaeque
946 2146 1023 2180 sine
1054 2145 1120 2179 illa
1148 2145 1348 2180 maximam
1373 2145 1519 2190 partem
1543 2145 1643 2178 recte
1669 2144 1845 2188 explicari

217 2204 420 2248 nequeant,
448 2204 493 2238 ab
519 2203 705 2238 oblivione
733 2202 960 2237 vindicatam
985 2202 1083 2236 inter
1106 2202 1303 2246 utramque
1329 2201 1569 2246 epistolarum
1588 2199 1628 2235 O.
1642 2200 1685 2234 V.
1699 2201 1844 2245 partem

217 2260 461 2305 repetendam
486 2270 563 2294 esse
589 2260 807 2294 censuimus.

156 2330 176 2350 a
206 2344 213 2351 .
315 2346 322 2354 .

126 2319 154 2351 P
171 2317 319 2407 gelffjc
343 2372 471 2417 primae
495 2383 675 2407 novarum
702 2371 944 2416 epistolarum
963 2370 1005 2405 O.
1018 2370 1063 2405 V.
1081 2370 1255 2405 editionis
1279 2369 1517 2414 inscriptione
1535 2369 1619 2404 vide
1638 2380 1748 2414 supra
1764 2369 1842 2403 Ind.

217 2428 300 2463 edd.
316 2440 352 2462 n.
369 2432 400 2463 4.
417 2439 527 2474 pagg.
545 2432 575 2463 5.
594 2432 625 2463 6.

126 2490 147 2519 4
172 2489 204 2520 ct
227 2495 328 2520 nocae
427 2488 459 2519 et
482 2485 695 2529 superiores]
734 2485 792 2518 Ita
815 2495 898 2518 suos
922 2483 1068 2518 libellos
1092 2483 1280 2526 librosque
1306 2493 1379 2516 non
1404 2482 1522 2516 solum
1547 2481 1779 2526 theologistae
1806 2483 1843 2515 et

217 2541 389 2582 Obscuri,
415 2551 506 2584 quos
530 2541 586 2575 hae
612 2540 780 2584 epistulae
805 2539 992 2582 derident,
1019 2540 1083 2574 sed
1107 2539 1327 2583 plerumque
1345 2538 1422 2572 fere
1441 2549 1568 2572 omnes
1586 2537 1664 2572 eius
1682 2539 1720 2571 et
1736 2548 1841 2581 supe-

216 2597 320 2632 rioris
345 2597 478 2638 aetatis,
506 2607 550 2630 ex
575 2606 648 2640 quo
672 2595 972 2640 inscriptionum,
999 2606 1090 2639 quos
1112 2595 1240 2629 titulos
1264 2604 1456 2636 vocamus,
1483 2605 1568 2627 usus
1585 2593 1757 2637 receptus
1774 2594 1840 2634 est,

217 2653 414 2697 scriptores
437 2651 506 2685 sibi
522 2651 800 2686 blandientibus
817 2651 946 2695 elogiis
964 2661 1141 2685 exornare
1160 2649 1258 2684 soliti
1275 2650 1370 2684 sunt.
1418 2649 1601 2693 Equidem
1617 2649 1703 2683 huic
1720 2649 1840 2693 plenae

216 2708 318 2742 laudi
347 2708 409 2741 vix
441 2707 674 2749 accesserim,
713 2707 870 2741 alteram
901 2703 1090 2751 συλλογὴν
1121 2705 1235 2750 priori
1265 2705 1487 2750 lepidiorem
1518 2716 1559 2739 ac
1589 2705 1840 2739 venustiorem

217 2775 311 2798 esse:
338 2763 458 2797 multa
480 2763 723 2804 imitatorem,
750 2762 918 2806 quamvis
942 2761 1294 2807 ingeniosissimum,
1322 2761 1360 2795 et
1376 2760 1520 2795 facilius
1537 2760 1839 2795 effervescentem

216 2819 593 2863 impetuosioremque
624 2819 813 2853 auctorem
844 2818 1001 2862 prodere
1031 2817 1122 2851 mihi
1153 2817 1343 2859 videntur,
1378 2828 1461 2851 cum
1491 2817 1661 2851 veterum
1690 2816 1839 2850 illarum

216 2875 433 2919 scriptorem
456 2875 605 2909 terebro
629 2885 703 2908 non
728 2874 848 2908 minus
873 2874 949 2908 acri
972 2874 1038 2908 sed
1062 2873 1183 2907 minus
1206 2873 1374 2917 inquieto
1399 2884 1441 2907 ac
1466 2873 1620 2907 stridulo
1643 2873 1838 2917 minusque

215 2931 375 2966 ramenti
408 2930 715 2965 circuminicienti
745 2941 811 2974 pro
843 2929 926 2964 stilo
958 2929 995 2963 in
1027 2929 1234 2964 exercenda
1257 2929 1417 2964 naturali
1446 2940 1511 2963 sua
1536 2928 1729 2963 deridendi
1753 2929 1839 2963 sati-

217 2997 347 3031 rasque
373 2986 557 3021 scribendi
581 2986 659 3021 arte
684 2997 791 3020 usum
816 2996 892 3020 esse
919 2985 1085 3020 dixerim.
1133 2985 1191 3020 Ita
1212 2985 1384 3021 neutram
1408 2985 1554 3030 partem
1569 2985 1607 3019 in
1624 2984 1837 3020 universum
