2119 3522
249 213 344 259 512
742 228 848 250 INDEX
871 225 1124 248 BIOGRAPHICVS
1149 225 1190 246 ET
1213 224 1456 247 ONOMASTICVS.

250 347 380 392 „artis
425 343 663 394 professoris
712 348 751 379 et
801 340 1083 379 examinatoris
1131 339 1497 377 Constantiensis“
1517 338 1529 357 ⁵
1565 351 1687 388 usus3
1734 339 1961 378 vicenarius

249 401 512 449 Tubingense
551 398 728 435 studium
766 402 955 447 quattuor
993 408 1121 432 annos
1159 401 1253 432 ante
1293 394 1501 432 conditum
1537 394 1656 441 adiit,
1701 407 1779 445 quo
1819 395 1961 433 relicto

249 457 291 492 in
328 455 458 505 patrio
498 454 648 504 oppido
686 453 834 490 notarii
873 452 1123 501 actuariique
1163 451 1273 501 apud
1309 451 1458 488 curiam
1490 450 1761 501 episcopalem
1791 451 1963 501 aliisque

250 511 503 561 pragmaticis
534 510 767 546 muneribus
790 508 952 545 functus
983 513 1053 553 est,
1089 507 1219 545 donec
1239 506 1483 556 Friburgum
1504 512 1677 544 exeunte
1709 519 1816 543 anno
1842 507 1962 543 1491.

250 567 564 615 transmigraret,
597 565 668 602 ubi
689 564 986 615 protonotarius
1008 563 1179 613 primum
1201 575 1490 612 causarumque
1513 568 1707 613 patronus
1739 575 1786 600 ac
1805 562 1964 600 Latinae

250 623 397 671 liuguae
433 626 656 672 praeceptor
694 621 822 657 factus
860 620 958 656 iuris
989 631 1149 669 quoque
1189 618 1342 665 studio,
1382 619 1583 668 praecipue
1614 617 1742 655 Paulo
1776 617 1825 655 de
1858 616 1963 655 Cita-

254 678 358 715 ‹linis
380 677 622 727 Angeloque
656 676 706 714 de
727 673 915 713 Besutio‘³
946 673 1260 725 praeceptoribus
1291 687 1386 711 usus
1410 674 1644 724 diligentius
1677 673 1873 710 incubuit.
1895 672 1965 710 ab·

255 733 386 771 dicato
427 733 575 770 deinde
621 732 938 782 ludimagisterio
985 744 1093 768 anno
1133 731 1251 767 1499.
1273 730 1465 768 scholaris
1503 730 1625 767 studii
1663 729 1962 779 Friburgensis,

253 789 461 827 rhetoricae
499 789 747 839 poeticaeque
784 788 926 833 lector,
970 787 1145 837 (lenique
1177 799 1284 823 anno
1312 788 1430 822 1501.
1453 786 1588 835 legum
1620 784 1727 835 (non
1757 786 1966 834 utriusque

253 843 366 893 iuris)
402 845 540 882 doctor
559 844 943 893 Institutionumque
974 843 1190 893 professor,
1225 848 1264 879 et
1294 855 1402 880 anno
1427 843 1547 880 1506.
1571 841 1800 879 ordinarius
1830 841 1967 891 legum

252 901 390 947 lector,
423 914 530 938 anno
557 901 676 940 1508.
699 900 932 950 imperatori
963 912 985 935 a
1007 899 1185 936 consiliis
1217 898 1348 935 factus
1378 910 1465 934 cum
1496 897 1731 935 inlustribus
1754 898 1837 935 eius
1869 902 1966 934 tem-

253 958 360 1007 poris
394 957 520 994 doctis
551 957 648 993 viris
676 955 983 1001 Basiliensibus,
1017 954 1389 999 Sletstadiensibus,
1422 953 1850 1003 Argentoratensibus,
1885 952 1966 989 Au-

255 1013 448 1063 gustanis,
481 1013 570 1050 aliis
602 1012 818 1049 amicitiam
840 1012 1050 1056 contraxit,
1083 1010 1155 1048 sed
1186 1009 1409 1047 simultates
1431 1022 1591 1059 quoque
1623 1022 1711 1046 cum
1731 1022 1815 1046 non
1845 1008 1967 1045 nullis

255 1069 481 1106 acerbiores
512 1069 702 1118 suscepit.
727 1067 825 1105 obiit
846 1067 1035 1116 Friburgi
1059 1067 1096 1104 d.
1120 1066 1186 1102 24.
1208 1065 1312 1102 N-·:v.
1335 1080 1370 1103 a.
1397 1066 1516 1103 1535.
1540 1065 1667 1102 aetatis
1690 1079 1726 1104 a.
1752 1066 1816 1102 74.
1838 1064 1966 1101 muni-

255 1126 362 1175 cipes
384 1125 460 1162 hoc
483 1124 731 1174 epitaphium
754 1124 790 1161 ei
811 1129 1052 1173 posuerunt:
1081 1121 1334 1167 „Huldricho
1355 1121 1485 1166 Zasio,
1508 1121 1787 1158 Iureconsulto
1809 1132 1969 1157 suorum

253 1187 478 1231 temporum
507 1186 591 1216 toto
631 1179 726 1217 orbe
758 1179 1038 1224 celeberrimo,
1077 1178 1196 1214 liuius
1226 1177 1456 1215 Acaclemiae
1497 1182 1732 1214 ornamento
1774 1175 1969 1226 singulari

255 1242 294 1273 et
323 1235 553 1286 reipublicae
584 1235 852 1285 Friburgensi
884 1236 924 1271 in
955 1234 1220 1272 restaurando
1254 1234 1339 1270 iure
1369 1233 1604 1283 municipali
1634 1233 1711 1270 iam
1745 1233 1839 1269 olim
1869 1238 1968 1269 stre-

254 1306 376 1329 nuam
407 1305 570 1342 operam
601 1292 780 1337 nan-anti,
815 1291 985 1340 aliisque
1015 1290 1149 1327 multis
1180 1289 1408 1326 nominibus
1432 1289 1481 1326 (le
1513 1303 1554 1326 se
1585 1289 1690 1326 bene
1721 1289 1862 1326 merito
1883 1288 1968 1324 Ma-

255 1349 444 1398 gistratus
477 1347 598 1385 officii
628 1360 778 1385 memor
807 1347 892 1384 fieri
924 1347 1050 1384 iussit.
1113 1344 1323 1383 Concessit
1353 1351 1505 1382 naturae
1537 1358 1644 1382 anno
1673 1356 1854 1382 MDXXXV.
1876 1355 1967 1381 VIII.

256 1404 426 1441 Calend.
448 1403 705 1442 Decembr.“.
767 1402 927 1453 Scripta
957 1402 1075 1447 Zasii,
1109 1408 1255 1452 praeter
1287 1401 1476 1452 epist-olas
1509 1402 1642 1438 omnia
1673 1401 1757 1437 fere
1789 1400 1842 1437 ad
1872 1400 1969 1436 iuris

255 1460 511 1510 prudentiam
534 1460 808 1510 pertinentia,
849 1471 935 1508 quae
968 1458 1127 1508 singula
1157 1463 1371 1495 recensent.
1398 1455 1629 1494 Erharclus⁷
1661 1462 1699 1494 et
1729 1453 1966 1505 Stintzingss,

255 1517 399 1566 saepius
439 1516 607 1553 collecta
646 1515 754 1553 edita
792 1521 897 1551 sunt.
957 1515 1021 1551 De
1061 1513 1300 1551 lectionibus
1339 1527 1362 1549 a
1393 1513 1509 1550 Zasio
1547 1512 1696 1549 habitis
1734 1526 1817 1549 non
1855 1511 1970 1549 nulla

255 1573 479 1609 accuratius
512 1585 562 1609 ex
591 1571 753 1609 archivo
785 1571 1013 1608 academico
1047 1570 1228 1607 enotavit
1260 1567 1512 1613 Scln·eil)er⁹‚
1546 1569 1736 1619 idemque
1767 1566 1968 1618 quomodo

255 1630 424 1678 primum
444 1628 511 1665 ille
534 1628 811 1665 reformationi
832 1626 1240 1676 reformatoribusque
1263 1626 1420 1670 faverit,
1442 1625 1590 1662 deinde
1613 1638 1680 1662 eos
1702 1624 1968 1670 infestaverit,

256 1698 301 1721 ac
334 1684 383 1721 (le
418 1684 538 1722 rebus
578 1684 803 1721 domesticis
842 1682 1185 1732 familiaribusque
1222 1695 1305 1719 non
1341 1681 1442 1718 laetis
1482 1680 1666 1718 omnibus
1696 1679 1874 1718 breviter
1904 1693 1970 1717 ex-

255 1741 401 1790 posuit.
461 1740 525 1777 De
554 1740 670 1777 Zasio
699 1741 755 1777 sic
776 1740 861 1778 Ioa.
879 1738 1168 1776 Piemontanus
1199 1738 1240 1774 in
1262 1737 1348 1775 MS.
1366 1737 1531 1777 Auctar.
1551 1751 1643 1776 scrr.
1666 1737 1969 1775 ecclesiasticor.

256 1796 326 1833 fol.
352 1792 478 1834 147b:

256 1867 468 1906 „Vdalricus
499 1867 617 1898 zasius
647 1867 767 1908 patria
791 1866 1027 1908 friburgensis
1053 1865 1156 1897 homo
1186 1868 1220 1896 et
1248 1865 1323 1906 ipse
1351 1864 1494 1905 ingenio
1524 1863 1642 1896 studio
1671 1867 1781 1905 atque
1808 1863 1972 1895 doctrina

256 1923 471 1964 scriptisque
501 1922 567 1954 hec
597 1926 724 1954 nostra
747 1926 912 1964 tempora
943 1932 1011 1962 que
1042 1921 1167 1954 doctos
1195 1922 1293 1952 viros
1322 1921 1485 1952 vbertius
1517 1920 1704 1952 abundant
1734 1919 1972 1951 communica-

256 1979 380 2011 biliter
402 1978 587 2010 illustrans
647 1979 723 2010 eius
746 1979 921 2020 pleraque
948 1978 1103 2019 quedam
1126 1978 1291 2009 feruntur
1320 1977 1391 2008 iam
1417 1977 1516 2008 edita
1544 1977 1769 2018 sintagmata
1794 1985 1862 2017 que
1886 1985 1972 2007 non-

257 2034 338 2065 dum
355 2034 399 2066 ad
414 2045 538 2066 manus
554 2038 698 2066 nostras
713 2035 939 2066 deuenerunt
993 2033 1068 2076 legi
1082 2037 1203 2065 tamen
1219 2035 1296 2065 eius
1312 2033 1472 2075 prolixas
1489 2036 1598 2074 atque
1615 2032 1804 2074 elegantes
1819 2031 1865 2063 ad
1878 2031 1972 2064 Tho-

256 2101 350 2122 mam
367 2090 575 2132 Wolphium
594 2089 698 2133 (iuris
719 2090 899 2133 pontificii
915 2089 1189 2131 litterarumque
1208 2089 1517 2130 humanarumque
1544 2092 1580 2120 et
1600 2088 1825 2130 integritatis
1849 2086 1972 2119 adser-

256 2150 369 2178 torem
394 2144 682 2189 celeberrimum)
700 2146 844 2178 litteras
860 2146 897 2177 in
915 2146 1263 2178 commendationem
1282 2155 1481 2177 sermonum
1501 2143 1746 2176 conuiualium
1764 2143 1973 2186 peutingeri

259 2201 425 2245 [Argent.
447 2204 544 2236 1506.
562 2201 626 2244 40.]
647 2204 802 2244 scriptas
827 2202 891 2234 sed
917 2206 953 2233 et
978 2212 1104 2233 versus
1124 2202 1296 2243 quosdam
1343 2201 1447 2233 Viuit
1465 2200 1582 2232 adhuc
1602 2201 1715 2242 ceptis
1733 2199 1878 2231 fortiter
1893 2208 1973 2240 per-

258 2263 359 2290 stans
384 2260 419 2290 in
442 2258 774 2290 lucubraciunculis
797 2258 917 2299 legum
945 2258 1072 2289 doctor
1095 2258 1224 2289 dudum
1250 2261 1395 2289 creatus
1420 2257 1485 2288 sub
1510 2256 1760 2288 Maximiliano
1785 2265 1911 2287 cesare
1937 2257 1974 2286 et

254 2313 344 2354 julio
363 2325 459 2355 papa
476 2316 512 2345 20
530 2315 630 2346 Anno
652 2313 711 2345 dfli
728 2313 795 2346 Mil
813 2316 876 2347 512
898 2311 1060 2356 [1512].“

259 2378 323 2415 Ex
343 2378 450 2414 Zasii
470 2377 561 2414 filiis
591 2378 716 2414 maior
737 2383 852 2423 natu,
883 2377 1060 2414 Ioannes
1082 2377 1260 2422 UlricUS,
1292 2376 1433 2413 iudicii
1462 2376 1619 2426 imperii
1648 2375 1768 2412 aulici
1787 2374 1971 2412 vicecan-

260 2434 445 2471 cellarius
468 2447 575 2471 anno
600 2435 720 2471 1570.
742 2433 921 2470 nondum
954 2433 1325 2483 quinquagenarius
1347 2431 1604 2469 Vindobonae
1634 2431 1826 2479 decessit;
1858 2430 1970 2476 alter,

259 2490 504 2536 Ioaehimus,
538 2491 774 2540 praepositus
804 2488 1164 2538 Oelenbergensis,
1198 2502 1305 2525 anno
1337 2494 1432 2526 ante
1462 2488 1546 2525 vita
1577 2488 1738 2525 functus
1770 2487 1915 2524 fuerat.

350 2566 384 2607 ὅ)
410 2569 450 2597 ut
475 2567 551 2608 ipse
578 2570 701 2598 auctor
726 2565 960 2598 Vocabularii
984 2575 1100 2596 rerum
1127 2566 1164 2596 in
1193 2564 1299 2596 huius
1324 2564 1509 2607 prohemio
1538 2575 1619 2597 sese
1645 2563 1856 2596 nominavit.
1892 2573 1974 2595 con-

350 2623 442 2653 tinet
467 2622 525 2654 hic
549 2622 813 2654 Vocabularius
841 2619 977 2653 Latina
1006 2620 1296 2662 Germanicaque
1325 2631 1443 2653 rerum
1471 2621 1507 2652 in
1539 2622 1601 2653 107
1632 2621 1754 2663 capita
1782 2617 1883 2661 (sine
1908 2629 1973 2650 nu-

350 2689 523 2710 merorum
556 2676 784 2721 adiectione)
816 2678 1087 2709 distributarum
1121 2677 1280 2711 nomina.
1317 2678 1450 2719 prodiit
1479 2677 1611 2719 saepius
1633 2687 1641 2708 :
1666 2675 1867 2718 exemplum
1901 2685 1972 2717 quo

350 2739 429 2765 utor
455 2734 552 2765 foliis
577 2736 619 2766 54
636 2734 834 2766 numeratis
858 2736 894 2766 et
916 2744 987 2765 uno
1012 2744 1082 2765 non
1100 2737 1286 2765 numerato
1305 2734 1342 2764 in
1358 2733 1406 2765 4⁰.
1426 2736 1570 2765 constat
1588 2733 1822 2774 „Impressum
1839 2731 1972 2773 Argen-

352 2792 418 2820 tine
444 2792 542 2822 Anno
565 2789 634 2824 (ἰῗιί.
652 2799 836 2827 succcmcr.
863 2788 866 2831 l
894 2793 1004 2822 altera
1033 2791 1087 2821 die
1114 2789 1192 2831 post
1217 2789 1336 2831 festum
1356 2790 1468 2831 saneti
1494 2789 1613 2821 leome
1637 2785 1750 2830 apffif‘
1870 2786 1903 2827 6)
1922 2786 1970 2819 cf.

353 2855 460 2886 supra
490 2856 521 2887 p.
541 2848 616 2880 301,
642 2850 709 2880 art.
731 2845 889 2888 Angelus
921 2846 964 2877 (16
990 2846 1150 2880 Besutio.
1298 2845 1332 2888 7)
1365 2846 1480 2878 Geselz.
1506 2846 1565 2877 des
1595 2843 1887 2885 W'iederanfbliilz.
1910 2843 1972 2874 der

361 2901 563 2932 lt'z‘ssenselz.
588 2902 654 2932 ΙΙΙ.
681 2913 713 2943 p.
733 2903 930 2935 483...486.
1052 2899 1086 2943 8)
1111 2904 1184 2934 not.
1203 2904 1233 2934 3.
1253 2903 1314 2933 cit.
1434 2901 1469 2944 9)
1493 2905 1566 2935 not.
1585 2903 1616 2934 4.
1637 2902 1697 2936 cit,

266 2993 513 3022 ZEHENDER
545 2999 574 3022 S.
598 2987 799 3033 Zehener,
840 2994 1113 3023 DECIMATOR
1150 3001 1180 3024 s.
1203 2988 1472 3034 Dechnarius,
1519 2986 1853 3030 Bartholomaeus,
1902 2984 1970 3021 ille

266 3043 558 3092 Misocapnion,
580 3044 690 3079 cuius
712 3043 835 3080 facies
851 3043 1023 3080 Invidiae
1040 3044 1323 3094 scorpionique
1347 3049 1612 3093 comparatur,
1637 3042 1820 3091 taetrique
1841 3053 1970 3078 mores
