2119 3522
311 210 406 254 704
820 223 1083 246 COMMENTAmvs
1111 223 1156 244 AD
1182 224 1253 245 ner.
1271 224 1302 245 o.
1320 224 1353 246 v.
1378 224 1454 246 v01..
1471 224 1508 246 11.

307 285 392 324 Pag.
413 282 505 317 233.
1087 314 1093 319 .

398 335 523 368 ficavit
547 335 584 367 et
607 333 830 377 approbavit
848 332 1004 367 Oculare
1029 333 1219 377 speculum
1243 334 1282 367 et
1305 333 1568 367 condemnavit
1590 334 1812 367 sententiam
1835 334 2014 368 Parisien-

397 391 489 424 sium
509 391 547 423 et
563 389 718 422 aliarum
735 388 1019 422 universitatum
1043 388 1218 422 adversus
1239 388 1345 422 11111111
1369 388 1639 422 consulentium
1657 388 1715 432 [cf.
1731 389 1779 422 ad
1795 393 1860 424 225
1870 391 1907 434 ⁵].
1954 389 2016 424 Se-

397 445 537 480 cundus
559 444 762 488 Episcopus
779 443 1002 478 Malfetanus
1028 443 1174 478 Graecus
1198 445 1308 478 natus
1331 444 1472 488 pariter
1495 443 1773 487 condemnavit,
1800 447 1838 479 et
1861 445 2017 479 dictavit

399 502 510 535 etiam
528 499 566 533 F.
584 499 759 533 Iacobum
784 499 1040 543 inquisitorem
1066 501 1103 533 et
1120 500 1370 533 accusatorem
1389 510 1465 534 esse
1483 499 1724 543 puniendum.
1771 499 1915 534 Deinde
1931 500 2016 544 Epi-

397 568 527 600 scopus
544 555 780 589 Forliviensis
804 555 886 598 pari
909 556 1017 597 voto,
1043 554 1092 588 Et
1115 555 1165 588 sic
1190 554 1236 589 de
1260 555 1413 598 reliquis
1437 566 1504 599 per
1530 555 1709 589 ordinem.
1741 554 1812 596 Qui
1828 566 1954 589 omnes
1979 556 2018 589 et

398 610 530 656 singuli
550 621 616 654 pro
631 610 766 643 Ioanne
780 609 961 643 Reuchlin
980 621 1021 643 ac
1039 610 1117 643 eius
1134 611 1347 644 innocentia
1364 611 1402 644 et
1418 610 1639 645 intemerato
1653 611 1748 645 libro
1766 622 1830 644 suo
1849 610 2017 644 tulerunt

398 666 619 700 sententiani
644 666 919 699 absolutoriam.
952 665 1091 699 Praeter
1107 664 1326 709 Magistrum
1351 665 1481 709 palatii
1507 666 1552 700 de
1577 666 1706 700 ordine
1730 666 2015 710 praedicatorum

399 722 635 766 [Silvestrum
659 721 884 764 Prieratem]
911 721 975 764 qui
1005 721 1151 754 noviter
1180 721 1298 755 factus
1322 721 1393 754 fuit
1416 721 1603 766 magister.
1650 722 1745 756 Nam
1770 721 2016 766 praedecessor

398 789 483 811 suus
507 777 569 811 isse
602 778 687 811 ante
722 788 807 810 eum
836 777 1014 820 magister
1042 776 1173 820 palatii
1202 776 1304 820 prius
1334 788 1429 821 saepe
1461 788 1503 811 ac
1533 776 1681 821 publice
1712 776 1932 821 astipulatus
1963 778 2019 811 est

398 833 619 867 innocentiae
637 834 649 876 ΙΙ
666 832 954 866 Reuchlinianae.
994 831 1042 865 Et
1066 831 1221 866 Oculare
1246 832 1437 876 speculum
1461 833 1550 866 tunc
1575 832 1696 866 denuo
1720 832 1878 866 iusserat
1892 832 2017 866 Romae

398 888 562 933 imprimi
585 889 763 932 tanquam
779 899 853 922 non
879 887 1135 922 scandalosum
1152 888 1217 922 sed
1232 888 1351 932 magis
1368 887 1637 923 aedificativum.
1671 888 1853 923 Caeterum
1870 887 2017 932 quando

398 945 475 978 haec
502 945 589 978 vota
612 945 669 977 tot
694 945 732 977 et
755 945 830 977 tam
855 943 1054 977 illustrium
1080 954 1122 977 ac
1145 943 1406 987 praeclarorum
1429 944 1620 978 hominum
1645 943 1841 978 audiverat
1862 943 1900 977 F.
1918 943 2016 977 Iaco-

399 1001 466 1033 bus
496 999 780 1043 1)1·aedicat01·u111
810 999 1022 1042 inquisitor,
1053 1010 1139 1033 mox
1170 1000 1208 1033 et
1238 999 1375 1032 auxilio
1403 999 1607 1041 fautorum,
1640 1001 1678 1033 et
1707 1000 1888 1043 praeterea
1915 1009 2016 1032 more

399 1056 508 1090 curiae
546 1055 761 1089 mandatum
798 1055 930 1087 summi
966 1054 1151 1097 pontificis
1180 1054 1447 1098 impetraverat
1477 1054 1522 1087 de
1559 1054 1844 1098 supersedendo.
1896 1053 2017 1087 Time-

401 1113 490 1145 bant
513 1112 611 1144 enim
636 1112 723 1143 tunc
748 1110 920 1143 lacobitae
946 1120 1073 1143 omnes
1096 1120 1142 1143 ne
1167 1109 1465 1144 reverendissimi
1490 1109 1629 1143 domini
1661 1109 1801 1143 iudices
1826 1109 2017 1153 apostolici

399 1166 638 1201 commissarii
662 1167 719 1200 tot
743 1167 781 1199 et
804 1166 992 1198 tantorum
1016 1165 1178 1198 virorum
1203 1166 1292 1199 vota
1315 1165 1504 1199 imitantes
1528 1176 1612 1199 mox
1637 1165 1834 1199 diffinitive
1858 1176 2017 1209 pronun—

399 1223 555 1263 ciarent,
588 1222 641 1255 ita
665 1221 864 1254 discessum
897 1221 991 1254 est.“
1038 1220 1091 1253 Ex
1116 1221 1248 1255 incerti
1273 1221 1378 1265 epist.
1395 1220 1521 1255 Romae
1548 1224 1613 1263 (m.
1632 1221 1718 1265 Apr.
1737 1232 1768 1255 a.
1787 1225 1882 1256 1521.
1901 1222 1943 1255 ut
1965 1221 2017 1255 vi-

399 1278 520 1321 detur)
547 1277 685 1320 scripta
700 1276 760 1310 hic
784 1276 886 1310 locus
901 1276 973 1310 huc
989 1276 1154 1320 pertinet
1171 1276 1363 1319 (Riederer
1377 1276 1535 1311 Nachrr.
1553 1276 1580 1310 I.
1597 1289 1632 1321 p.
1648 1278 1754 1321 180.):
1781 1276 2019 1319 „Accedebat

399 1334 575 1368 Silvester
599 1332 661 1365 ille
686 1332 845 1366 Prierias
870 1332 908 1365 et
930 1332 1011 1365 tota
1042 1331 1326 1375 praedicatorum
1350 1332 1480 1374 factio,
1511 1333 1697 1376 praecipue
1723 1331 1921 1377 Capm'onis
1950 1332 2017 1365 ini-

399 1390 495 1431 mici,
522 1389 585 1432 qui
610 1387 762 1421 nimiam
787 1387 977 1421 Pontificis
1009 1387 1215 1421 bonitatem
1240 1387 1474 1429 incusabant,
1501 1385 1705 1422 asserentes
1729 1388 1759 1421 si
1782 1388 1927 1432 pridem
1952 1387 2017 1422 Ca-

399 1445 544 1489 pnionis
575 1443 721 1477 ausibus
753 1443 813 1476 via
837 1443 940 1486 regia
971 1443 1173 1484 obviasset,
1204 1454 1393 1486 nunquam
1422 1443 1625 1477 Martinum
1657 1443 1895 1487 [Lutherum]
1927 1443 2018 1477 talia

399 1501 508 1533 fuisse
540 1511 731 1540 ausurum,
764 1499 906 1541 hacque
931 1498 1120 1531 occasione
1146 1499 1367 1532 sententiam
1393 1500 1521 1533 contra
1542 1499 1711 1533 libellum
1737 1498 1933 1543 Capnionis
1958 1510 2016 1533 ex-

398 1557 601 1598 torserunt,
640 1554 807 1598 quamvis
843 1554 969 1598 paullo
1009 1555 1093 1587 ante
1125 1553 1297 1587 Pontifex
1333 1554 1509 1597 quosdam
1547 1555 1761 1589 exhortatus
1796 1555 1939 1597 fuisset,
1977 1556 2019 1588 ut

399 1611 550 1645 Talmut
572 1611 839 1654 imprimerent,
867 1620 907 1643 ac
932 1609 1016 1643 ideo
1040 1609 1246 1654 privilegiis
1271 1610 1492 1643 exornasset.
1539 1609 1673 1644 Tulere
1705 1610 1845 1644 factum
1869 1621 2016 1654 quoque

397 1667 492 1700 illud
523 1667 631 1700 multi
660 1666 748 1699 boni
779 1665 1031 1710 indignissime
1063 1667 1242 1709 tanquam
1271 1665 1420 1709 penitus
1450 1665 1643 1708 iniustum,
1675 1665 1865 1703 Pontificis
1889 1665 2016 1711 digna-

398 1723 492 1757 tioni
519 1724 557 1756 et
581 1721 747 1766 aequitati
773 1721 1014 1763 contrarium3
1042 1721 1106 1754 sed
1131 1721 1222 1755 vicit
1243 1732 1329 1765 pars
1354 1721 1525 1755 deterior.
1563 1720 1753 1755 Credimus
1777 1722 1902 1756 tamen
1925 1733 2016 1766 prae-

400 1778 581 1812 dicatores
606 1777 734 1810 divina
756 1777 810 1810 ira
836 1778 873 1810 et
897 1776 969 1810 suis
994 1776 1192 1810 sceleribus
1217 1776 1262 1810 ad
1288 1787 1395 1811 omne
1421 1776 1523 1810 nefas
1547 1776 1755 1821 praecipites
1780 1777 1903 1812 ferri.“

333 1895 351 1924 3,

331 1950 351 1979 4
374 1946 503 1979 melius
527 1946 601 1989 ete]
628 1944 672 1977 ΙΙ.
687 1944 776 1988 Reg.
794 1957 887 1978 ΗΝ.
909 1949 959 1978 14.
985 1944 1011 1978 l.
1028 1943 1189 1988 Paralip.
1208 1957 1279 1979 xx1.
1295 1949 1345 1979 13.

332 2006 349 2035 7
376 2002 464 2035 (leus
488 2001 561 2044 etc]
589 1999 752 2034 Christus
777 2002 832 2034 est
856 2000 1001 2034 veritas.
1027 2000 1053 2034 I.
1072 2000 1196 2034 Ioann.
1221 2013 1253 2034 v.
1271 2006 1301 2035 6.

331 2062 351 2091 Ο
378 2056 453 2099 Ozgj.
471 2057 534 2091 col.
553 2056 597 2100 ij]
623 2056 704 2090 Def.
723 2055 812 2100 Pep.
830 2068 864 2100 p.
886 2059 959 2090 169.
977 2068 1011 2090 v,
1025 2060 1168 2090 21...24.

309 2116 393 2156 Pag.
413 2113 504 2149 ⁴234.

312 2174 349 2202 11
380 2169 453 2212 Oejj.
471 2168 578 2213 coI.j]
604 2168 693 2202 ibid.
710 2180 746 2212 p.
766 2172 838 2202 170.
856 2180 889 2202 V.
904 2172 956 2203 26.
971 2180 1022 2213 sq.

313 2229 350 2258 14
376 2225 572 2267 imperator
596 2225 635 2257 in
659 2225 809 2267 epistola
831 2235 898 2258 sua
917 2225 967 2258 ad
976 2226 1128 2270 papam]
1156 2225 1189 2259 d.
1207 2229 1260 2260 23.
1279 2225 1357 2261 Oct.
1378 2227 1423 2269 (a.
1443 2228 1553 2269 1514.)
1571 2225 1669 2260 data.
1700 2226 1744 2260 cf.
1763 2224 1894 2270 Consp.
1912 2226 2014 2260 chro-

398 2280 470 2314 nol.
491 2292 526 2323 p.
546 2283 619 2313 134.
666 2279 751 2314 Haec
777 2282 847 2314 est:

443 2337 711 2369 Maximilianus
737 2338 856 2371 Caesar
887 2339 1128 2371 Romanorum
1157 2340 1360 2381 imperator.
1406 2339 1458 2370 Ad
1490 2339 1647 2371 Leonem
1674 2339 1861 2371 Decimum
1890 2340 2015 2371 Ponti-

400 2393 500 2425 ficem
515 2393 717 2425 Maximum.
745 2393 961 2426 Beatissime
980 2396 1099 2435 Pater,
1125 2394 1277 2426 Domine
1303 2395 1617 2427 excellentissime.
1655 2395 1758 2426 Licet
1783 2395 1871 2426 alias
1895 2395 2016 2427 Beati-

400 2449 484 2481 tudo
510 2450 640 2481 Vestra
665 2460 807 2481 causam
832 2451 1009 2491 quandam
1038 2451 1136 2482 inter
1160 2449 1419 2490 honorabilem,
1449 2449 1606 2492 fidelem,
1637 2451 1739 2482 nobis
1766 2450 1934 2482 dilectum
1957 2452 2015 2482 Io—

398 2506 554 2537 hannem
571 2505 747 2537 Reuchlin
773 2516 835 2538 seu
853 2505 1082 2547 Capnionem,
1100 2505 1353 2538 Consiliarium
1376 2509 1547 2546 nostrum,
1571 2511 1606 2538 et
1623 2507 1793 2548 quosdam
1809 2506 2015 2548 Theologiae

400 2561 621 2603 professores
647 2562 757 2593 studii
782 2561 1023 2603 Coloniensis,
1049 2572 1155 2604 super
1178 2562 1378 2603 quaestione
1403 2561 1445 2593 de
1468 2562 1570 2594 libris
1593 2562 1784 2595 Hebraicis
1809 2563 2016 2595 comburen-

399 2618 452 2649 dis
476 2621 691 2658 vertentem,
717 2618 915 2649 venerabili
940 2619 1106 2660 episcopo
1133 2617 1297 2659 Spirensi
1320 2618 1481 2660 Principi
1506 2618 1781 2660 Consanguineo
1806 2622 1930 2650 nostro
1955 2618 2014 2650 de-

399 2677 483 2705 voto
509 2673 638 2705 dilecto
663 2674 891 2706 decidendam
915 2674 1146 2712 commiserit,
1181 2678 1216 2705 et
1240 2673 1410 2716 praefatus
1436 2673 1599 2715 Capn’ion
1624 2679 1766 2706 servata
1791 2675 1880 2707 iuris
1903 2674 2014 2706 forma

400 2739 459 2770 per
484 2730 628 2761 eundem
655 2729 859 2771 Spirensem
884 2734 1052 2772 tanquam
1076 2729 1315 2761 Beatitudinis
1340 2730 1481 2762 Vestrae
1514 2729 1806 2762 Commissarium
1828 2729 2014 2762 absolutus

400 2784 517 2817 fuerit.
564 2786 638 2817 Nos
669 2797 809 2827 quoque
841 2797 905 2828 pro
936 2785 1182 2827 pacificatione
1219 2786 1324 2818 istius
1355 2786 1495 2826 negocii
1524 2786 1667 2827 utrique
1702 2786 1797 2827 parti
1831 2785 2015 2818 silentium

400 2842 680 2883 imposuerimus.
727 2841 968 2874 Nihilominus
1001 2841 1244 2873 intelleximus
1274 2841 1444 2883 praefatos
1470 2842 1696 2875 adversarios
1721 2841 1929 2874 Consiliarii
1952 2852 2014 2873 no-

401 2898 465 2928 stri
489 2897 684 2939 Capnionis
709 2908 837 2930 novam
862 2898 1042 2930 actionem
1065 2898 1103 2928 in
1127 2897 1236 2937 Urbe,
1261 2900 1295 2928 et
1320 2897 1415 2939 apud
1437 2897 1699 2929 Beatitudinem
1714 2897 1888 2939 Vestram,
1914 2896 2014 2929 nulla

401 2956 517 2984 tamen
541 2953 759 2994 interposita
785 2953 845 2994 (ut
868 2954 943 2985 fieri
967 2953 1080 2994 solet)
1105 2951 1265 2994 legitima
1290 2953 1545 2995 appellatione,
1573 2956 1697 2985 contra
1720 2954 1838 2995 ipsum
1861 2953 2012 2995 Capnio-

402 3018 479 3039 uem
506 3009 708 3050 instituere,
733 3013 769 3041 et
795 3012 903 3042 etiam
927 3014 1057 3053 praeter
1083 3010 1176 3041 viam
1201 3009 1413 3042 ordinariam
1438 3012 1472 3040 et
1496 3010 1633 3050 regiam
1651 3006 1816 3051 iusticiae,
1843 3018 1946 3051 quam
1971 3018 2012 3041 ex

308 1950 327 1979 ‘2

308 2006 327 2035 2
