2119 3522
607 261 658 283 ΕΡ.
677 259 718 284 31.
750 261 1014 283 WILLIBRORDVS
1038 260 1152 282 NICETI
1177 260 1309 283 COLPIO.
1718 241 1814 286 59].

98 320 184 361 Pag.
203 318 268 354 47.
1457 318 1542 359 Pag.
1556 319 1610 350 47.
1628 328 1682 350 vv.
1696 324 1819 350 17...36.

189 383 272 406 cum
298 371 344 405 ad
368 372 437 406 hoc
462 372 596 406 natura
619 371 790 413 inclinet,
818 373 1015 415 peccatum
1039 383 1113 406 non
1138 373 1209 414 est,
1235 372 1396 406 maxime
1422 382 1505 406 cum
1527 372 1697 405 tentatur
1716 382 1817 405 exer-

188 438 283 462 cens.
324 429 374 471 80)
400 427 500 471 (111οᾶ
524 428 562 461 111
588 427 796 461 elevatione
822 429 986 471 corporis
1002 428 1086 462 Iesu
1104 428 1238 462 Christi
1260 439 1333 462 non
1359 427 1499 462 debent
1515 437 1723 472 assurgere,
1749 437 1818 461 nec

188 483 310 517 eidem
341 483 590 517 reverentiam
622 482 797 517 exhibere
822 509 829 516 .
851 509 858 517 .
881 510 887 517 .
909 510 916 517 .
952 483 1036 518 Non
1066 483 1170 517 nulla
1201 483 1315 517 etiam
1340 484 1415 518 alia
1439 483 1505 517 sub
1531 483 1705 517 simulata
1729 494 1818 527 qua-

189 539 275 573 dam
308 539 515 573 sanctitatis
544 539 668 582 specie
701 538 846 581 dicunt,
882 538 1025 573 faciunt
1056 540 1093 573 et
1125 539 1379 582 committunt,
1418 550 1499 583 quae
1528 539 1652 573 oculos
1684 539 1819 573 divinae

187 594 391 628 maiestatis
423 593 617 628 offendunt
647 594 686 627 et
715 604 829 638 grave
860 594 898 628 in
929 606 967 628 se
999 596 1194 629 continent
1223 595 1431 639 periculum
1460 595 1676 629 animarum.
1726 594 1817 629 Cum

192 677 200 685 .
216 677 222 683 .
238 676 245 684 .
268 649 481 683 huiusmodi
512 650 651 683 sectam
676 649 938 684 detestabilem
968 651 1007 683 et
1030 651 1237 693 praemissos
1270 651 1385 695 ipsius
1411 651 1652 685 exsecrandos
1678 661 1818 685 errores

193 732 223 740 ..
248 705 451 749 exstirpare
483 706 529 739 ab
561 705 718 739 ecclesia
742 705 926 739 catholica
959 706 1165 739 necessario
1196 706 1416 749 habeamus,
1531 707 1750 740 damnamus
1781 707 1820 740 et
1887 708 1891 711 ’

187 761 428 806 reprobamus
458 761 608 795 0111111110
632 789 639 795 .
661 788 668 796 .
689 788 697 796 .
719 788 726 796 .
762 761 876 795 Porro
909 761 1109 794 dioecesani
1141 762 1179 795 et
1208 762 1357 795 illarum
1387 763 1551 806 partium
1582 762 1818 805 inquisitores

186 817 368 851 haereticae
392 817 606 861 pravitatis,
638 817 677 850 in
708 816 843 860 quibus
867 809 1055 860 Beguardi
1087 818 1124 851 et
1147 817 1324 862 Beguinae
1353 818 1565 852 huiusmodi
1590 828 1817 852 commoran-

184 874 262 915 tur,
289 884 395 906 suum
422 872 585 906 officium
612 873 709 906 circa
733 882 795 905 eos
820 871 1021 916 diligenter
1046 874 1260 915 exerceant,
1287 900 1294 906 .
1309 900 1315 906 .
1331 900 1338 907 .
1360 874 1399 906 in
1422 873 1505 907 illos
1522 884 1610 907 vero
1635 883 1726 916 quos
1744 872 1819 906 cul-

185 928 329 972 pabiles
353 928 579 972 repererint,
613 927 684 961 nisi
716 927 893 961 abiuratis
924 928 1055 971 sponte
1086 928 1273 972 praedictis
1304 929 1488 963 erroribus
1512 929 1758 973 poenituerint
1782 929 1821 962 et

187 983 477 1018 satisfactionem
503 983 739 1018 exhibuerint
763 983 1056 1028 competentem,
1084 983 1250 1018 debitam
1276 985 1474 1018 exerceant
1497 984 1720 1018 ultionem“.

93 1044 135 1074 22
162 1039 361 1083 Lolharcli]
394 1038 592 1081 ‘Lollardi,
618 1039 785 1074 Lullardi
808 1067 815 1075 .
836 1069 844 1074 .
867 1040 1131 1083 nuncupantur
1154 1040 1319 1074 haeretici
1352 1040 1521 1084 quidam,
1555 1039 1619 1083 qui
1645 1040 1711 1073 sub
1736 1039 1818 1073 init.

183 1106 264 1130 saec.
277 1107 348 1129 xrv.
361 1095 400 1128 in
419 1094 619 1129 Germania
636 1096 674 1129 et
690 1095 820 1140 Belgio
839 1096 910 1130 orti
928 1096 1022 1129 sunt.
1071 1095 1144 1130 Ioa.
1162 1095 1380 1131 Hocsemius
1397 1107 1428 1130 a.
1449 1100 1563 1131 1309.:
1591 1122 1611 1138 „
1624 1095 1767 1129 Eodem
1785 1106 1816 1129 a.

184 1151 336 1196 quidam
352 1151 556 1195 hypocritae
573 1152 766 1196 gyrovagi,
787 1151 851 1195 qui
864 1151 1027 1186 Lollardi
1044 1152 1121 1186 sive
1140 1151 1260 1186 Deum
1277 1152 1472 1186 laudantes
1490 1152 1732 1193 vocabantur,
1751 1162 1818 1195 per

183 1207 420 1241 Hannoniam
446 1208 484 1241 et
507 1206 749 1241 Brabanti'am
775 1207 954 1251 quasdam
979 1207 1154 1242 mulieres
1181 1208 1325 1243 nobiles
1350 1208 1581 1252 deceperunt
1605 1208 1674 1242 etc.
1722 1207 1816 1241 Trit-

183 1263 327 1297 hemius
353 1263 406 1297 ait
428 1263 482 1296 ita
506 1262 715 1307 appellatos
740 1274 762 1297 a
787 1262 964 1298 Gualtero
990 1262 1169 1306 Lolhard,
1197 1263 1382 1298 Germano
1408 1263 1582 1308 quodam.
1609 1263 1707 1308 [vide
1733 1273 1817 1297 con-

183 1319 242 1352 tra
259 1318 446 1352 Schrockh
464 1317 750 1362 Kirchengesch.
767 1312 933 1353 XXXIII.
951 1331 987 1363 p.
1007 1320 1094 1363 167.]
1143 1318 1296 1354 Liliardi
1321 1319 1495 1354 dicuntur
1517 1319 1557 1353 in
1575 1319 1727 1354 Geneal.
1752 1318 1817 1353 Co-

182 1375 260 1409 mit.
278 1373 462 1408 Flandriae
488 1374 535 1408 ad
560 1384 591 1408 a.
612 1378 708 1408 1302.
739 1402 747 1409 .
763 1402 769 1408 .
784 1402 791 1408 .
815 1374 978 1409 Wicleffi
1004 1376 1118 1410 etiam
1143 1375 1388 1410 sectatoribus
1412 1375 1451 1409 id
1474 1375 1634 1410 nominis
1657 1375 1817 1409 inditum

183 1430 222 1464 in
253 1430 400 1474 Anglia.
452 1428 807 1475 Th01n.Walsingh.
832 1441 864 1465 a.
884 1434 980 1465 1377.
1035 1431 1224 1465 Lollardia
1263 1431 1412 1466 haeresis
1442 1431 1697 1473 Wicleffiana,
1735 1442 1816 1475 quae

184 1486 359 1531 Angliam
391 1485 454 1519 diu
486 1485 626 1519 infecit.
672 1485 906 1520 Provinciale
940 1486 1112 1524 Cantuar,
1132 1487 1219 1521 eccl.
1236 1487 1300 1521 lib.
1319 1491 1349 1521 5.
1367 1487 1424 1520 tit.
1443 1489 1498 1521 5.“
1524 1486 1714 1531 Ducange.
1762 1486 1816 1520 De

183 1541 389 1576 Lollhardjs
406 1540 604 1575 Wiclefitis
629 1541 714 1575 vide
739 1541 927 1576 Schrockh
951 1542 1115 1577 XXXIV.
1134 1555 1169 1587 p.
1188 1547 1264 1577 552.
1282 1555 1360 1587 sqq.
1379 1544 1417 1576 et
1439 1543 1485 1576 de
1511 1543 1555 1576 iis
1580 1544 1643 1586 qui
1669 1554 1700 1577 a.
1721 1546 1817 1576 1519.

183 1599 221 1631 111
238 1598 375 1643 Anglia
393 1597 439 1631 ad
457 1598 589 1642 capitis
606 1597 829 1641 supplicium
847 1598 1014 1633 damnati
1031 1600 1131 1641 sunt,
1158 1598 1258 1633 idem
1279 1626 1286 1634 .
1301 1626 1308 1634 .
1324 1626 1331 1633 .
1355 1598 1642 1643 Kirchengesch.
1656 1598 1727 1632 seit
1752 1597 1818 1631 der

183 1654 346 1689 Reform.
364 1653 409 1687 II.
432 1665 468 1698 p.
486 1656 562 1688 512.
586 1678 629 1681 —
659 1652 850 1688 Lollardos
876 1665 898 1688 a
921 1654 1102 1697 lollando,
1134 1655 1320 1698 lullando,
1353 1666 1480 1699 pressa
1507 1654 1817 1697 balbutienteque

184 1721 274 1745 voce
299 1710 437 1745 naenias
461 1709 759 1753 libitinariasque
784 1721 913 1754 preces
944 1710 1111 1745 canendo
1142 1710 1473 1753 murmurandove,
1505 1721 1641 1745 nomen
1665 1710 1816 1752 habere,

184 1765 294 1801 hodie
320 1766 525 1800 communis
551 1765 675 1809 opinio
702 1766 767 1800 est.
809 1766 853 1801 cf.
873 1766 1061 1801 Schrockh
1077 1767 1207 1802 XXIX.
1224 1780 1259 1812 p.
1278 1771 1355 1802 671.
1379 1767 1546 1801 XXXIII.
1562 1779 1598 1811 p.
1618 1769 1693 1801 168.
1733 1765 1818 1799 Alia

183 1822 356 1857 vocabuli
380 1822 501 1856 forma
525 1822 582 1855 est
604 1821 789 1864 Nolhard,
813 1822 996 1857 Nollhart.
1043 1824 1088 1858 cf.
1107 1828 1148 1859 73
1159 1825 1196 1859 ¹⁴.
1222 1824 1310 1868 ibiq.
1329 1823 1390 1857 cit.
1409 1822 1586 1858 Goedeke.

93 1883 138 1914 24
162 1877 371 1921 Discipulo]
403 1877 448 1912 cf.
466 1877 545 1912 Ind.
563 1878 683 1923 biogr.
700 1890 735 1922 p.
754 1882 830 1913 390.
848 1880 916 1913 art.
934 1879 1076 1914 Herolt.

139 1934 335 1970 Fascicuzo
359 1934 570 1978 temporum]
597 1934 641 1969 cf.
658 1934 749 1969 ibid.
766 1947 802 1979 p.
818 1939 895 1970 431.
913 1936 981 1969 art.
998 1935 1165 1970 Paratus

93 1995 136 2026 25
161 1990 376 2034 autenticis]
401 1991 425 2024 i.
444 2001 475 2024 e.
492 1990 530 2024 in
561 1990 694 2025 scholis
717 1991 1003 2035 praedicatorum
1033 1992 1221 2037 praecipue
1246 1992 1417 2037 receptis
1455 1991 1521 2035 (cf.
1545 1992 1658 2026 etiam
1683 1991 1816 2026 Petrus

184 2046 430 2089 Lombardus,
458 2057 571 2091 supra
595 2046 643 2081 ad
667 2048 749 2091 9²¹.)
1574 2048 1654 2091 [art.
1674 2047 1815 2081 Crotus.

138 2104 180 2137 ia
196 2102 338 2146 Fama]
357 2102 422 2136 ubi
440 2101 569 2136 Crotus
586 2102 675 2136 olim
693 2103 881 2138 docuerat.
907 2104 952 2138 cf.
965 2103 1071 2138 Hutt.
1086 2103 1181 2149 Opp.
1195 2105 1223 2139 I.
1240 2108 1338 2150 p.21.
1357 2105 1395 2139 et
1407 2104 1486 2138 Ind.
1500 2104 1619 2148 biogr.
1632 2108 1753 2147 p.353.
1763 2114 1815 2146 sq.

94 2162 136 2193 26
161 2158 265 2193 Sicut
291 2159 399 2192 ctiam
424 2158 468 2202 q]
494 2158 599 2192 Idem
625 2159 660 2202 (i.
679 2170 710 2193 e.
728 2159 828 2203 quod
852 2160 1020 2194 invenire
1045 2171 1119 2194 non
1144 2161 1282 2205 potuit)
1308 2161 1435 2195 evenit
1459 2160 1607 2194 cuidam
1632 2171 1658 2193 s.

94 2219 136 2249 27
162 2214 373 2259 rcyistrum]
408 2213 520 2248 ‘liber
549 2214 613 2258 (1111
643 2225 766 2248 rerum
791 2216 980 2260 gestarum
1005 2217 1223 2251 memoriam
1248 2217 1445 2252 continet'.
1478 2216 1635 2251 Gemma
1659 2227 1694 2260 g.
1743 2215 1816 2250 Sed

186 2271 222 2304 h.
239 2270 263 2304 l.
282 2271 339 2305 est
355 2270 546 2315 catalogus
569 2270 760 2305 librorum.

140 2326 185 2361 de
207 2326 406 2371 yeneloyia]
433 2327 514 2370 (pro
540 2326 775 2372 genealogia)
800 2327 823 2361 i.
842 2338 872 2361 e.
890 2338 1045 2372 genere,
1072 2329 1204 2373 stirpe,
1230 2329 1383 2362 familia.

94 2387 136 2418 29
161 2383 251 2427 quia
275 2410 282 2416 .
302 2410 308 2416 .
328 2410 334 2416 .
359 2383 523 2427 monast]
565 2382 683 2417 Locus
713 2384 937 2428 impotentia
967 2384 1157 2429 cogitandi
1186 2384 1409 2428 dicendique
1433 2384 1599 2429 insignis.
1646 2383 1815 2418 Fortasse

183 2437 465 2481 Willibrordus,
498 2438 528 2472 si
552 2439 737 2483 vertigine
763 2440 955 2484 correptus
979 2451 1052 2475 non
1077 2441 1223 2483 fuisset,
1250 2440 1476 2485 scripsisset:
1509 2440 1602 2474 Mihi
1626 2451 1714 2475 vero
1739 2441 1816 2484 ple-

184 2495 258 2537 bis,
285 2506 366 2539 quae
390 2494 638 2529 iurisdictioni
662 2496 878 2530 monasterii
902 2496 1019 2530 nostri
1042 2496 1192 2531 subdita
1216 2498 1287 2539 est,
1315 2508 1403 2531 cura
1427 2496 1622 2531 commissa
1633 2497 1711 2531 ·est.

140 2550 457 2594 communicantes]
486 2550 802 2594 ‘Communicare,
829 2579 858 2585 ..
881 2556 1084 2588 sacrament
1110 2553 1322 2596 ewpfahcu’.
1349 2552 1505 2587 Gemma
1528 2565 1563 2597 g.

140 2607 456 2651 superintendens]
483 2608 652 2651 superior
669 2607 842 2650 clericus,
869 2608 1105 2652 praepositus,
1133 2609 1179 2642 ad
1198 2620 1310 2652 quem
1327 2609 1495 2653 superior
1511 2608 1716 2642 iurisdictio
1734 2620 1815 2652 per-

186 2662 298 2705 tinet,
323 2662 426 2696 euius
450 2663 628 2697 vicariam
653 2664 800 2707 partem
825 2664 982 2708 scriptor
1006 2665 1153 2709 agebat.

95 2723 137 2754 31
165 2719 260 2762 quod
285 2745 292 2751 .
312 2745 318 2752 .
338 2746 344 2751 .
372 2718 595 2762 discissione]
628 2729 665 2752 se
690 2719 799 2752 huius
824 2720 1082 2754 controversiae
1108 2721 1333 2754 decisionem
1359 2720 1482 2754 animo
1507 2731 1572 2755 suo
1596 2720 1815 2765 religionem

185 2774 342 2815 inicere,
375 2785 413 2808 se
442 2785 510 2818 per
534 2775 799 2809 conscientiam
824 2786 927 2809 suam
951 2775 1046 2809 hanc
1071 2777 1314 2820 quaestionem
1339 2776 1543 2810 diiudicare
1567 2787 1642 2810 non
1666 2777 1815 2811 audere.

187 2829 397 2864 ‘descissio’
425 2831 464 2864 et
488 2830 687 2865 ‘discissio'
706 2841 773 2874 pro
794 2830 966 2865 ‘decisio’
985 2831 1086 2876 apud
1103 2832 1217 2866 medii
1234 2832 1303 2866 aevi
1320 2832 1517 2876 scriptores
1534 2843 1631 2877 saepe
1649 2832 1816 2867 offendit.

96 2889 139 2920 33
165 2885 421 2929 licentiatwa]
453 2885 638 2920 licentiati
668 2886 815 2930 gradus.
851 2886 990 2931 legitur
1020 2888 1133 2922 etiam
1158 2888 1196 2922 in
1220 2888 1332 2922 bullis
1355 2888 1575 2933 pontificum
1606 2890 1644 2923 et
1668 2889 1815 2923 statutis

185 2941 485 2976 universitatium
512 2942 774 2977 ‘licentiaturae
799 2943 966 2987 gmdus'.

96 3000 139 3032 34
162 2997 406 3033 materialiter
429 3026 436 3031 .
456 3025 462 3032 .
482 3025 488 3031 .
515 2999 686 3042 complet]
713 2999 758 3033 cf.
775 3009 887 3044 supra
911 2999 957 3033 ad
984 3001 1120 3035 16²5·2⁶.

97 3057 139 3087 36
166 3054 322 3089 Gratius
346 3081 352 3088 .
372 3081 379 3088 .
399 3082 405 3087 .
431 3055 601 3099 qratiam]
628 3055 673 3089 cf.
691 3055 738 3089 ad
758 3057 844 3089 11¹¹.
