2119 3522
273 173 297 216 ’7
308 173 364 216 76
782 184 1044 207 commTABws
1071 183 1117 206 AD
1142 185 1214 206 EPP.
1233 185 1262 206 0.
1280 185 1313 206 v.
1337 184 1414 206 von.
1432 184 1469 206 11.

270 248 354 287 rag.
375 245 465 281 293-

270 304 312 333 25
335 309 443 341 super
458 297 624 340 scholam]
643 296 717 330 Nos
736 295 847 330 neben
865 295 924 329 die
939 295 1086 337 Schale,
1103 306 1151 329 an
1170 295 1234 329 der
1249 295 1379 330 Schale
1398 295 1526 337 cop-bei,
1546 295 1707 330 scholam
1723 296 1975 342 neglegentes.

313 364 421 396 saper
518 352 617 395 socii]
644 351 665 384 i.
684 361 714 385 e.
732 351 891 384 maxime
917 350 1084 384 dissoluti
1108 350 1301 386 scholares.

270 415 311 444 2ss
335 408 490 451 sz'calz']
517 407 560 441 cf.
579 407 657 440 Ind.
674 406 792 450 biogr.
809 419 845 451 p.
862 410 937 441 475.
954 406 989 440 h.
1008 407 1074 440 art.

270 469 310 499 2¹7
337 464 379 498 de
404 462 506 496 modo
529 462 759 505 supponendi
782 490 788 496 .
811 489 817 495 .
840 462 1067 506 Alexandri]
1094 462 1135 495 In
1161 462 1376 506 quodlibeto
1395 463 1594 508 Erphurdii
1619 474 1649 498 a.
1670 468 1764 499 1515.
1789 465 1977 509 disputato

360 518 422 552 ‘de
440 518 604 563 generib.
619 517 804 552 ebriosor.'
828 518 980 553 concl.‘2.
999 517 1162 552 coi-0112.
1181 518 1252 561 (ed.
1266 518 1431 553 Zarnclce
1446 531 1482 563 p.
1493 520 1580 563 143.)
1594 519 1673 563 ipse
1689 519 1807 554 bonus
1819 519 1977 554 Alexan-

360 575 425 608 der
449 573 690 618 depravatur,
724 575 766 608 ut
797 573 967 607 videatur
997 573 1043 607 de
1068 573 1177 608 modo
1206 574 1440 618 supponendi
1463 574 1612 609 docere:
1643 574 1707 609 ille
1732 575 1778 610 de
1803 576 1977 620 genetivo

358 630 436 663 ΠΙΞ
455 629 586 663 declin.
604 629 794 673 praecipit:
827 629 908 664 onis
935 629 1051 663 habes
1081 640 1126 663 ex
1150 639 1187 671 ο,
1220 629 1283 663 sed
1314 629 1389 664 inis
1419 630 1463 664 do
1493 630 1639 674 perficit
1669 632 1707 665 et
1735 641 1779 675 90
1802 630 1977 666 Femineo

358 696 512 731 genere3
540 695 638 719 nemo
663 685 823 719 sociatur
846 685 1037 729 homoque,
1067 684 1166 719 Ordo
1190 684 1250 719 vel
1274 696 1415 730 mar-qo,
1439 686 1549 720 cardo
1572 697 1655 720 cum
1678 687 1840 729 turbine,
1864 687 1978 731 virqo,

359 742 418 776 Sic
443 742 482 775 et
505 741 640 784 apollo.
656 767 663 775 .
677 742 714 775 .‘·'
743 740 829 775 inde
861 740 1176 784 quodlibetarius:
1218 740 1460 783 „Alexander
1484 752 1590 783 vero,
1623 741 1684 775 dei
1707 741 1892 786 patientia
1915 753 1979 776 rex

358 797 557 842 provinciae
574 796 837 839 Barbarorum,
864 797 914 831 sic
939 796 1029 830 dicit
1050 796 1088 830 in
1111 796 1185 830 suis
1202 797 1525 831 constitutionibus
1552 797 1634 831 ‘Est
1649 797 1853 831 communis
1868 797 1978 831 homo

356 852 497 897 pariter
527 863 611 886 cum
642 852 786 897 virgine
816 852 948 894 latr0';
982 852 1047 886 ubi
1077 852 1168 887 dicit
1199 852 1303 897 glosa
1331 853 1504 887 notabilis
1536 853 1599 897 [cf.
1619 853 1664 888 ad
1689 854 1784 898 7³⁴]:
1823 852 1978 895 „Scien-

360 909 449 942 dum
480 908 580 952 quod
610 908 669 943 hic
701 908 833 942 author
864 909 970 953 ponit
999 908 1058 942 hic
1088 920 1203 942 unum
1233 908 1428 952 pulchrum
1452 908 1616 943 notabile
1643 908 1688 943 de
1714 909 1979 943 communitate

358 974 609 1009 personarum.
655 963 704 998 Et
726 964 802 998 haec
829 964 885 998 est
908 964 1093 998 sententia
1115 965 1214 998 recte
1233 964 1478 999 teutonizata:
1505 963 1615 998 Latro
1634 964 1698 999 der
1707 964 1980 1007 pfaffenknecht

358 1032 442 1054 cum
466 1020 611 1065 virgine
638 1021 702 1054 mit
726 1021 789 1054 cler
812 1020 943 1055 lco'chin
966 1021 1022 1054 est
1038 1019 1241 1054 communis
1258 1020 1367 1054 homo
1385 1020 1433 1054 ist
1457 1020 1517 1055 ein
1542 1020 1636 1054 recht
1653 1030 1753 1063 paar
1776 1029 1981 1054 zasatmnen

357 1076 497 1120 pariter
521 1087 571 1110 an
595 1076 693 1110 alten
716 1080 836 1118 orten,
862 1077 900 1110 et
923 1075 1065 1110 scilicet
1087 1075 1266 1119 intellege
1291 1075 1471 1120 implicite
1497 1075 1551 1109 ‘in
1569 1075 1732 1118 stabulo,
1758 1075 1796 1109 in
1817 1075 1978 1118 cellario,

357 1132 394 1165 in
420 1132 594 1176 coquina,
620 1132 658 1166 in
684 1133 861 1174 camera',
892 1131 1040 1175 quando
1066 1131 1207 1165 scilicet
1230 1131 1369 1165 lectum
1394 1131 1577 1166 faciunt“.

269 1193 308 1224 31
337 1188 426 1233 qaia
451 1191 500 1222 est
523 1198 613 1231 opas
638 1189 731 1232 nat]
766 1187 976 1222 Secundum
1007 1186 1118 1229 illud,
1156 1187 1255 1231 quod
1286 1187 1331 1221 de
1363 1187 1481 1222 brutis
1513 1187 1733 1221 animalibus
1758 1198 1887 1222 verum
1913 1188 1978 1229 est,

357 1244 543 1279 naturalia
567 1255 640 1278 non
666 1254 742 1278 esse
772 1243 906 1288 turpia.

269 1306 311 1336 3-3
338 1301 412 1336 nisi
429 1301 592 1344 propter]
619 1300 679 1334 vel
703 1299 821 1333 solum
846 1300 1008 1343 propter.
1051 1298 1103 1333 Cf.
1121 1298 1167 1333 ad
1186 1300 1274 1333 20²⁷.

268 1362 311 1392 35
337 1360 428 1392 retro
453 1356 621 1400 scriptus]
654 1367 673 1390 a
705 1355 859 1390 dextera
889 1355 936 1388 ad
961 1354 1146 1389 sinistram
1170 1356 1279 1399 puto,
1311 1356 1354 1389 ut
1377 1355 1550 1389 Hebraici
1574 1355 1675 1398 libri,
1708 1355 1981 1390 characteribus

358 1412 651 1447 necromanticis.

269 1473 310 1503 36
335 1469 438 1512 apacl
464 1469 598 1512 cinam]
625 1468 663 1501 in
687 1468 843 1502 taberna
868 1467 1025 1507 vinaria,
1053 1468 1093 1500 ut
1117 1477 1182 1501 nos
1208 1467 1297 1501 belm
1326 1466 1462 1501 Weine.

269 1529 311 1559 37
335 1525 395 1566 fat
420 1525 640 1568 curtisanzcs]
667 1524 710 1558 cf.
728 1535 763 1568 p.
781 1524 892 1557 29220.

270 1586 311 1616 39
339 1581 447 1615 ninas
465 1581 622 1624 pauper]
649 1579 693 1614 cf.
712 1579 759 1614 ad
781 1580 870 1614 40¹4.

271 1641 314 1670 40
339 1636 508 1670 remotius
530 1636 694 1680 veniant]
723 1635 842 1679 magis
865 1634 1080 1679 proficiunt,
1106 1634 1249 1669 felicius
1274 1634 1439 1669 succedit
1464 1635 1531 1677 eis,
1557 1636 1608 1670 sie
1631 1636 1791 1671 kommen
1813 1636 1944 1671 weiter.

271 1695 357 1736 Pag.
376 1693 466 1730 294.
927 1712 1327 1716 —————--—

274 1753 287 1782 1
315 1758 392 1782 ana
416 1747 526 1782 unica
545 1748 717 1791 persona]
744 1747 918 1791 quilibet,
949 1747 1172 1791 quicumque
1198 1747 1228 1781 is
1253 1749 1319 1782 est.

270 1808 289 1837 4
316 1814 396 1838 cam
417 1806 591 1846 potestate
615 1803 790 1847 tardasse]
817 1803 1000 1837 violenter
1024 1804 1202 1847 stuprare.

315 1859 472 1903 fuyavtt]
498 1860 713 1903 persecutus
740 1859 795 1892 est
818 1858 1037 1903 fugientem.

271 1920 289 1949 6
315 1914 461 1949 <danao
560 1915 648 1958 acl']
675 1915 719 1949 cf.
737 1926 770 1959 p.
787 1915 888 1950 20833
912 1915 977 1950 mit
1002 1915 1081 1950 clem
1105 1924 1138 1949 z,
1155 1943 1159 1948 .
1176 1943 1183 1950 .
1216 1916 1370 1950 (lranter
1395 1915 1521 1957 draus.

271 1975 290 2005 S
310 1981 377 2013 per
401 1980 530 2013 corpas
553 1972 668 2015 taam]
695 1970 858 2006 beilez'be!

271 2031 289 2060 9
315 2026 555 2071 dedicatione]
585 2027 759 2070 Kirmess,
787 2026 969 2061 Geschenk
993 2037 1059 2061 ear
1083 2026 1317 2062 Kirclzwethe.
1359 2026 1872 2062 efiDiefenb.Glossar.l1.v.

274 2086 313 2116 14
336 2081 468 2124 festam
491 2082 602 2127 Iocis]
629 2083 732 2117 Iael-
757 2083 833 2117 sive
859 2083 943 2117 Ial-
952 2082 1040 2125 fest,
1065 2083 1087 2117 i.
1107 2094 1137 2117 e.
1154 2083 1290 2117 festum
1315 2083 1521 2117 nativitatis
1546 2083 1710 2117 domini?
1736 2085 1778 2117 ut
1800 2094 1868 2127 pro
1892 2083 1983 2118 sala-

361 2138 412 2172 cis
443 2138 541 2172 illius
566 2138 737 2172 monachi
761 2139 1020 2181 Kz'rmessstack
1046 2138 1249 2173 confratres
1275 2138 1352 2173 eius
1376 2139 1558 2174 haberent
1583 2139 1643 2173 ein
1671 2138 1984 2181 Christkindchen,

361 2194 382 2227 i.
403 2205 433 2228 e.
451 2193 588 2228 donum
613 2194 706 2228 festo
731 2194 846 2229 nativ.
864 2193 945 2229 Chr.
964 2194 1110 2237 datum,
1144 2194 1243 2239 quod
1268 2194 1306 2228 in
1332 2194 1531 2230 Germania
1555 2195 1697 2229 boreali
1720 2195 1897 2238 Ialklapp
1921 2206 1984 2239 ap-

361 2249 533 2294 pellatur.
565 2249 697 2284 ‘Iovis’
723 2250 757 2283 h.
776 2250 798 2285 1.
822 2261 888 2295 pro
916 2250 1012 2285 ‘dei’
1038 2251 1201 2295 positum
1226 2261 1303 2285 esse
1328 2250 1493 2293 videtur,
1520 2252 1563 2285 ut
1586 2252 1624 2285 'm
1649 2250 1713 2285 illo
1738 2251 1897 2285 multum
1923 2251 1983 2285 de-

361 2306 508 2339 cantato
536 2304 681 2339 Ortvini
705 2316 814 2340 versu
842 2305 925 2340 ‘flet
949 2306 1045 2340 Iovis
1070 2306 1168 2340 alma
1191 2307 1357 2350 parens’.
1383 2306 1426 2340 cf.
1446 2306 1492 2341 ad
1510 2310 1551 2342 59
1561 2308 1599 2341 ³⁰.

320 2372 389 2394 non
414 2361 522 2395 habeo
547 2361 616 2395 siln'
635 2371 703 2403 pro
730 2362 835 2406 malo]
863 2372 995 2396 excuso
1022 2373 1099 2403 eos,
1127 2361 1274 2396 veniam
1300 2362 1352 2396 eis
1378 2361 1538 2396 dandam
1563 2373 1640 2396 esse
1666 2362 1757 2396 mihi
1782 2362 1939 2397 videtur.

275 2420 313 2450 16
334 2417 494 2460 peplum]
509 2416 676 2458 Sehleier,
690 2416 918 2460 Haapttach.
943 2417 1079 2459 velum,
1095 2417 1320 2459 flammeum,
1334 2417 1460 2452 ricam.
1487 2417 1531 2452 cf.
1544 2417 1714 2452 Diefenb.
1730 2417 1887 2453 Glossar.
1901 2418 1936 2453 h.
1952 2431 1983 2452 v.

361 2470 504 2512 πέπλος
529 2471 604 2506 sive
630 2470 790 2514 πέπλον,
816 2472 966 2516 peplus,
991 2473 1146 2517 peplum
1170 2473 1294 2507 laxam
1311 2474 1453 2508 vestem
1471 2473 1692 2508 muliebrem
1709 2473 1984 2518 militaremque

362 2527 568 2572 significare
595 2530 725 2562 notum
750 2530 815 2563 est.

319 2594 394 2617 nna
410 2582 596 2625 seminalis
614 2584 742 2629 imayo]
766 2585 825 2619 ein
838 2584 1045 2619 lVetbsbc'lcl.
1077 2585 1155 2620 Hoc
1168 2596 1241 2619 non
1258 2586 1430 2620 omittere
1445 2585 1608 2620 debebat
1623 2585 1814 2620 Straussius
1828 2585 1986 2629 (Hutten

362 2638 389 2673 Ι.
405 2650 440 2683 p.
459 2643 533 2673 252.
551 2641 626 2674 not.
644 2641 705 2682 2.),
732 2640 797 2674 ubi
820 2641 1015 2675 nonnullas
1039 2641 1243 2685 elegantias
1260 2641 1438 2676 sermonis
1456 2642 1639 2676 obscuror.
1658 2641 1766 2675 viror.
1781 2641 1984 2676 adnotavit.

275 2698 314 2728 17
340 2695 390 2729 eis
414 2695 541 2738 tenere]
570 2695 678 2729 ihnen
705 2696 838 2738 (staff,
863 2695 1004 2740 Stich-j
1029 2697 1170 2739 halten,
1195 2697 1274 2741 pati
1298 2708 1376 2732 rem
1401 2708 1608 2732 veneream.

276 2753 314 2784 18
339 2749 503 2794 collz'yere
527 2751 600 2795 ete]
632 2751 675 2785 cf.
693 2763 727 2795 p.
745 2754 921 2786 2489---ss-

275 2810 315 2839 19
342 2809 528 2850 rayantem
541 2806 727 2852 hincinde]
742 2807 818 2842 Hoc
833 2818 980 2852 quoque
995 2811 1080 2853 apte
1096 2809 1270 2843 convenit
1283 2809 1331 2842 ad
1340 2808 1575 2844 Glareanum.
1603 2809 1646 2844 cf.
1657 2809 1735 2843 Ind.
1745 2809 1861 2853 biogr.
1871 2809 1905 2843 h.
1915 2810 1983 2844 art.

275 2865 314 2894 22
342 2862 639 2907 cenefiwverant]
667 2863 710 2897 cf.
729 2863 776 2897 ad
794 2864 904 2898 21625.
928 2864 989 2898 lue
1016 2875 1178 2899 venerea
1202 2876 1263 2899 eas
1287 2865 1506 2900 infecerunt.

321 2917 356 2949 in
387 2918 602 2962 necessitate]
629 2919 833 2962 cupiditate
858 2920 1038 2954 incensus.

275 2975 316 3005 '23
336 2982 498 3015 pnrsyare
523 2974 634 3017 renes]
665 2973 707 3008 cf.
727 2974 773 3008 ad
799 2978 869 3008 14⁵.
