2119 3522
865 205 1102 228 WIMPHEMNG.
1744 186 1840 231 505

126 319 305 360 trivialeS,
333 319 378 351 ab
404 319 563 351 infantia
586 319 623 350 in
649 318 900 350 duodecimum
925 319 1046 350 aetatis
1073 328 1204 350 annum
1230 318 1423 360 permansi.
1472 318 1613 351 Mortuo
1639 322 1714 350 tum
1739 322 1843 360 patre

127 373 176 415 (a.
197 373 310 418 1464.)
327 375 542 417 Friburgum
561 375 690 406 missus
711 399 719 406 .
733 399 741 406 .
760 374 1025 416 philosophiam
1044 375 1281 415 quadriennio
1301 375 1435 408 audivi.
1482 375 1565 406 Mox
1585 400 1592 407 .
1607 399 1614 406 .
1634 375 1843 406 Erfurdiam

127 456 157 464 ..
185 430 271 464 adii.
319 432 408 464 Post
431 431 562 463 multos
586 439 728 462 menses
748 427 796 472 [a.
816 428 929 472 1469]
951 441 972 461 a
996 434 1126 471 patruo
1153 428 1352 473 [‚paroeho
1371 428 1558 473 Sulzensi]
1581 455 1610 463 ..
1630 441 1694 472 per
1716 430 1844 462 literas

126 497 247 526 vocor,
267 488 327 529 qui
344 487 432 519 mihi
450 487 491 518 de
507 485 679 518 beneficio
698 485 947 517 ecclesiastico
967 486 1150 526 providere
1169 487 1370 527 cogitabat.
1388 487 1514 518 videns
1532 490 1662 526 autem,
1682 496 1735 518 me
1752 490 1845 518 tene-

127 543 175 574 ris
194 542 313 575 adhuc
330 543 469 576 viribus
489 546 524 574 et
542 545 684 574 statura
703 541 981 583 imperfectiora,
1000 541 1101 572 iubet
1118 544 1158 572 ut
1176 542 1383 573 Erfordiam
1400 546 1577 583 repetam,
1597 543 1713 584 quoad
1731 543 1844 574 denuo

128 609 183 630 me
203 601 323 638 vocet,
344 609 388 630 ac
404 599 581 630 viaticum
599 600 759 639 praestat.
807 597 884 639 Ego
903 598 939 628 in
957 598 1037 638 ipso
1055 597 1185 629 itinere
1205 599 1307 639 gravi
1325 598 1447 630 morbo
1466 599 1632 630 laborare
1644 599 1759 640 coepi,
1785 600 1845 631 vix

128 654 269 696 Spiram
294 654 464 687 vehiculo
493 679 500 686 .
521 679 529 686 .
556 655 718 696 perveni.
750 663 924 685 accerseo
955 653 1226 694 ehyrurgicum3
1258 654 1287 685 is
1317 664 1373 685 me
1401 664 1422 685 a
1445 654 1515 685 fine
1544 655 1707 685 autumni
1732 665 1845 696 usque

127 710 173 741 ad
198 710 353 742 medium
378 710 582 742 decembris
599 709 737 741 mederi
755 709 890 741 frustra
906 709 1092 746 tentabat:
1113 733 1119 739 .
1136 733 1164 740 ..
1185 710 1240 741 vir
1259 710 1402 751 quidem
1420 710 1546 742 doetus
1567 734 1573 741 .
1590 735 1597 742 .
1617 710 1745 742 sedulo
1764 720 1846 742 sua-

126 766 204 807 det,
230 769 269 798 ut
294 792 301 799 .
323 791 331 799 .
356 766 642 807 Heidelbergam
666 765 877 807 proficiscar
905 790 912 798 .
934 790 940 796 .
969 766 1149 807 obsequor
1169 789 1176 796 .
1198 790 1204 795 .
1228 789 1236 796 .
1267 765 1516 807 Philosophiae
1541 766 1699 797 studium
1725 776 1845 808 prose-

127 832 226 864 quor.
252 823 456 864 magisterii
480 821 644 853 lauream
669 822 861 853 nanciscor
879 819 925 863 (a.
942 820 1055 862 1471.)
1080 845 1110 853 ..
1125 846 1132 852 .
1156 821 1428 853 Baccalaureus
1453 821 1600 853 tandem
1619 826 1700 863 post
1718 823 1847 854 solitos

127 878 272 910 labores
291 876 359 920 (uti
383 876 534 920 vocant)
552 877 729 909 formatus
756 876 870 909 evado
892 875 941 920 [a.
963 874 1077 919 1481.]
1090 876 1112 910 ἳ
1165 876 1335 908 Grassari
1361 877 1470 918 coepit
1495 880 1578 908 atra
1603 877 1682 908 lues
1699 878 1847 910 Heidel-

126 935 249 976 bergae
275 931 331 976 [a.
352 931 493 977 1491.],
525 932 632 976 pellit
665 937 701 965 et
729 935 977 975 praeceptores
1009 936 1045 964 et
1075 933 1294 974 discipulos,
1329 932 1436 964 datur
1466 933 1575 965 venia
1608 934 1750 965 cunctis
1780 945 1848 975 quo

127 989 243 1022 velint
273 990 442 1025 abeundi.
489 990 568 1032 Ego
600 990 757 1031 patriam
787 989 924 1029 inviso,
961 989 1037 1020 illic
1069 989 1274 1020 sententias
1295 1012 1329 1019 ..
1357 988 1532 1021 finiturus.
1580 989 1728 1021 Interea
1759 992 1848 1021 tem-

128 1046 226 1088 poris
259 1049 371 1078 vacat
401 1056 530 1078 munus
559 1045 799 1078 concionandi
824 1045 1005 1087 spirense.
1052 1045 1219 1077 Andreas
1245 1044 1528 1085 Brambaehius,
1561 1045 1715 1087 insignis
1746 1046 1848 1078 theo-

127 1102 233 1144 logus
257 1103 485 1142 neotericus,
520 1113 562 1134 ex
592 1112 726 1144 magna
754 1102 792 1133 in
816 1112 872 1133 me
900 1102 1054 1133 caritate
1081 1101 1151 1132 mei
1177 1100 1272 1142 apud
1297 1101 1556 1133 Nemetensem
1583 1102 1788 1134 antistitem
1814 1128 1820 1134 .
1842 1129 1848 1135 .

129 1159 222 1190 facit
246 1158 477 1190 mentionem.
526 1159 648 1190 Pestis
671 1159 734 1190 ubi
758 1159 796 1189 in
821 1158 976 1200 septimo
1001 1167 1125 1189 mense
1158 1157 1360 1197 deferbuit,
1391 1156 1678 1199 Heidelberg-am
1705 1168 1749 1189 ex
1773 1158 1849 1190 iure

128 1215 278 1247 iurando
310 1214 506 1256 collegii..
526 1218 699 1247 revertor.
748 1213 913 1246 Andreas
942 1214 1062 1254 iubet,
1094 1216 1134 1244 ut
1161 1223 1284 1245 secum
1311 1212 1453 1255 Spiram
1481 1213 1526 1245 ad
1550 1213 1747 1246 Praesulem
1771 1225 1851 1256 per-

129 1281 224 1313 gam.
271 1271 480 1303 Metuebam
512 1281 596 1312 ego,
628 1280 682 1302 me
713 1270 827 1301 tantis
861 1269 1045 1302 cathedrae
1076 1269 1262 1302 laboribus
1288 1269 1324 1300 in
1350 1273 1422 1300 tam
1448 1270 1614 1311 spatiosa
1639 1279 1747 1302 sacra
1772 1270 1850 1302 aede

128 1327 305 1368 imparem
336 1326 433 1366 fore,
466 1327 525 1358 0111
556 1326 687 1368 fragile
720 1336 847 1368 corpus
878 1336 1076 1367 vocemque
1109 1325 1281 1368 gracilem
1307 1329 1440 1357 natura
1464 1325 1638 1358 dedisset.
1685 1326 1851 1359 Andreas

128 1383 263 1423 instat,
287 1385 328 1414 ut
352 1382 482 1414 saltem
509 1382 555 1414 ad
580 1385 721 1425 tempus
747 1382 892 1414 labores
918 1382 1000 1414 illos
1027 1383 1175 1414 subeam
1200 1406 1207 1414 .
1223 1406 1230 1414 .
1246 1407 1253 1414 .
1278 1380 1365 1412 Cum
1385 1381 1501 1413 adhuc
1524 1382 1756 1422 vacillarem,
1781 1383 1851 1414 An-

128 1439 235 1471 dreas
266 1441 306 1470 ut
330 1449 437 1472 verus
464 1440 585 1470 fautor
610 1439 663 1470 ait
688 1437 868 1470 ‘Obsecro
896 1441 951 1479 te,
979 1439 1028 1470 mi
1053 1438 1207 1479 Iacobe,
1236 1441 1275 1469 ut
1299 1448 1426 1469 munus
1452 1438 1520 1469 hoc
1546 1449 1608 1479 pro
1634 1442 1696 1469 tuo
1722 1438 1850 1470 saltem

128 1494 265 1527 honore
291 1495 543 1538 amplectaris,
570 1495 703 1537 quippe
731 1495 791 1535 qui
817 1505 838 1526 a
865 1495 1180 1536 competitoribus,
1205 1497 1246 1525 ut
1270 1493 1337 1525 tibi
1360 1493 1615 1535 impedimento
1634 1494 1770 1534 forent,
1798 1495 1851 1526 in·

130 1551 290 1583 famatus
321 1561 359 1583 es
390 1554 425 1584 te
450 1561 523 1583 non
554 1561 598 1583 ex
628 1550 803 1592 legitimis
828 1551 1057 1592 parentibus,
1090 1550 1153 1582 sed
1180 1550 1370 1582 sacerdote
1396 1553 1519 1581 natum
1547 1548 1657 1582 esse’.
1706 1550 1852 1582 Rumori

129 1607 212 1639 111110
237 1617 386 1639 eausam
411 1607 555 1639 dedisse
582 1617 680 1647 reor,
706 1607 799 1649 quod
824 1610 954 1649 patruo
980 1617 1142 1649 persaepe
1160 1604 1269 1648 (quod
1295 1609 1331 1638 et
1356 1607 1480 1648 nepoti
1504 1615 1583 1637 meo
1608 1605 1653 1637 ad
1672 1617 1727 1638 me
1747 1606 1852 1638 fami-

129 1663 221 1695 liare
253 1663 322 1705 est)
355 1663 519 1696 scribens
552 1664 595 1695 ob
629 1663 890 1705 amplissimam
922 1663 1156 1705 largitionem
1182 1673 1284 1695 suam
1309 1666 1450 1705 patrem
1475 1663 1593 1705 ipsum
1618 1663 1655 1693 in
1682 1663 1853 1704 epistola-

130 1729 207 1751 rum
243 1730 406 1752 mearum
443 1719 815 1762 suprascriptionibus
844 1730 1027 1752 vocarem.
1083 1720 1159 1761 Ego
1192 1718 1459 1760 aliquantulum
1493 1719 1763 1759 stomachatus,
1808 1719 1853 1750 ad

131 1776 258 1808 matris
282 1786 373 1808 meae
397 1776 663 1808 honestissimae
691 1776 824 1808 famam
850 1776 1172 1818 integritatemque
1203 1775 1468 1807 defensandam
1494 1786 1537 1807 30
1561 1775 1741 1807 maculam
1766 1775 1852 1807 mihi

130 1831 226 1864 falso
255 1832 414 1864 inustam
447 1832 639 1865 eluendam
665 1832 807 1875 Spiram
839 1843 950 1874 pergo
1043 1843 1158 1875 saepe,
1197 1832 1336 1872 fateor,
1374 1833 1496 1863 animo
1524 1831 1731 1871 volvebam,
1768 1841 1854 1872 quo-

131 1899 215 1920 nam
246 1891 355 1931 pacto
387 1889 432 1920 ad
458 1889 809 1932 Heidelbergensem
836 1888 1063 1921 academiam
1093 1889 1231 1921 reverti
1256 1898 1416 1929 possem,
1456 1888 1520 1920 sed
1545 1890 1621 1919 tum
1646 1887 1852 1920 Ludovicus

130 1944 284 1987 praesul,
316 1948 391 1976 tum
416 1944 597 1986 Georgius
622 1943 829 1988 Gemmiger
860 1946 1077 1988 praepositus
1108 1945 1289 1988 Spirensis
1320 1945 1356 1976 in
1386 1943 1562 1976 decimum
1595 1947 1758 1985 quartum
1792 1954 1853 1975 an-

131 2011 215 2032 num
246 2011 303 2032 me
335 2001 574 2034 distinebant.
622 2002 787 2034 Hoccine
819 2005 878 2033 est
907 2011 981 2033 una
1010 2002 1049 2033 in
1079 2003 1167 2034 urbe
1199 2002 1260 2033 diu
1289 2011 1436 2033 manere
1467 2010 1538 2032 non
1568 2000 1698 2041 posse?
1745 2000 1855 2031 Venit

131 2057 276 2089 interea
304 2054 357 2099 [a.
377 2054 496 2100 1497]
524 2057 665 2100 Spiram
692 2057 971 2100 Christophorus
997 2058 1252 2098 Utenhemius,
1292 2068 1313 2089 a
1343 2067 1399 2088 me
1425 2056 1638 2096 sciscitans,
1674 2056 1706 2087 si
1731 2066 1852 2088 secum

133 2113 181 2145 ad
211 2113 444 2145 solitudinem
476 2113 659 2154 quandam
691 2113 862 2147 secedere
893 2124 1110 2156 possem
1138 2113 1388 2156 adstipulabar
1418 2123 1498 2144 cum
1528 2112 1661 2154 gaudio
1687 2137 1717 2144 ..
1743 2115 1853 2155 atque

132 2169 390 2209 subiiciebam,
419 2169 548 2202 similis
573 2170 659 2202 vitae
686 2170 842 2202 cultores
867 2170 963 2202 haud
988 2170 1113 2212 procul
1140 2182 1161 2203 a
1185 2169 1421 2212 Moguntiaco
1446 2169 1483 2200 in
1507 2168 1605 2201 valle
1631 2169 1757 2201 Mariae
1782 2180 1853 2201 una

134 2225 356 2258 conversari.
415 2225 574 2258 Audiens
605 2226 640 2257 id
673 2225 954 2268 Christophorus
985 2231 1107 2269 rogat,
1145 2231 1186 2259 ut
1217 2237 1356 2259 omnem
1393 2224 1536 2257 illorum
1566 2226 1856 2257 conversationis

133 2284 295 2314 tenorem
322 2282 518 2324 experirer.
572 2282 773 2323 Descendi,
808 2286 844 2314 et
876 2294 897 2315 a
922 2286 1026 2324 patre
1054 2283 1227 2316 illorum.
1250 2291 1528 2324 ..quaecunque
1561 2281 1604 2313 de
1636 2291 1777 2322 somno,
1810 2282 1854 2314 dc

132 2337 280 2379 vigilia,
314 2337 357 2370 de
383 2337 586 2379 alimentis,
621 2338 665 2370 de
691 2349 728 2370 re
753 2338 896 2379 divina,
931 2339 974 2371 de
1000 2339 1204 2380 laboribus,
1237 2339 1281 2371 de
1306 2338 1464 2371 lectione
1494 2340 1578 2379 post
1602 2337 1793 2379 prandium
1820 2342 1856 2369 et

134 2393 217 2426 aliis
248 2393 286 2426 id
312 2404 424 2436 genus
456 2395 690 2435 sciscitabar,
728 2394 939 2427 fidelissime
969 2396 1167 2428 imbuebar.
1218 2395 1360 2438 Spiram
1392 2394 1453 2426 vix
1485 2403 1653 2426 reversus
1684 2404 1778 2434 sum,
1818 2397 1854 2425 et

134 2461 219 2483 0000
236 2450 429 2493 Philippus
453 2451 625 2493 princeps
650 2451 788 2483 elector
804 2452 1119 2484 mansuetissimus
1137 2452 1352 2484 decreverat
1376 2451 1413 2482 111
1431 2461 1494 2483 suo
1513 2449 1710 2491 Gymnasio
1729 2450 1854 2482 lectio-

134 2517 199 2539 nes
229 2517 344 2539 novas
376 2508 414 2538 in
445 2507 625 2547 oratoria,
656 2508 694 2539 in
724 2508 890 2550 poetica,
921 2510 959 2539 in
985 2508 1123 2540 Graecis
1154 2509 1273 2540 literis
1304 2507 1407 2548 (cum
1432 2507 1646 2548 legistarum
1672 2505 1853 2547 collegio)

134 2563 343 2603 instituere,
380 2573 575 2604 persuasus
606 2573 661 2594 me
689 2587 725 2595 ..
751 2563 798 2595 ad
831 2574 910 2595 eam
948 2575 1022 2597 rem
1058 2564 1301 2597 inchoandam
1333 2573 1404 2595 non
1434 2562 1525 2594 nihil
1558 2562 1705 2593 efficere
1736 2572 1853 2604 posse.

135 2619 370 2661 quamobrem
395 2644 402 2651 .
418 2644 426 2652 .
451 2619 608 2651 Iacobus
633 2618 880 2662 (Merboldus)
907 2630 985 2662 ore,
1014 2624 1050 2652 et
1074 2621 1124 2652 Io.
1144 2620 1303 2662 Vigilius
1329 2644 1359 2651 ..
1384 2619 1519 2650 litteris
1544 2618 1633 2649 mihi
1658 2617 1855 2659 persuade-

133 2676 243 2715 bant,
269 2678 308 2706 ut
332 2674 619 2717 Heidelbergam
641 2700 648 2707 .
663 2700 670 2706 .
691 2676 847 2707 redirem
942 2676 1229 2718 Heidelbergam
1255 2678 1418 2708 revertor
1445 2672 1512 2717 [id.
1531 2674 1629 2715 Sept.
1650 2684 1681 2704 a.
1703 2675 1799 2706 1498.
1820 2677 1855 2704 et

135 2732 181 2763 ad
205 2731 409 2774 regentium
441 2735 478 2763 et
504 2731 551 2762 ad
582 2731 713 2762 artium
739 2732 956 2764 facultatem
985 2742 1108 2764 rursus
1133 2735 1302 2774 receptus
1330 2734 1384 2763 est
1408 2727 1481 2773 W.]
1591 2729 1680 2760 Cum
1705 2729 1855 2761 Heidel—

135 2788 256 2828 bergae
283 2786 403 2819 divum
428 2787 687 2828 Hieronymum
718 2798 761 2819 ac
791 2788 866 2820 alia
893 2787 1057 2829 quaedam
1084 2789 1119 2819 in
1145 2789 1290 2819 tertium
1318 2797 1447 2818 annum
1473 2785 1596 2828 palam
1621 2786 1854 2827 interpretor,

224 2915 258 2958 8)
277 2917 317 2948 A.
339 2916 435 2948 1481.
455 2915 608 2948 Iacobus
632 2916 925 2958 WVimphelingus
950 2915 993 2947 de
1019 2915 1238 2956 Sletzstadt,
1265 2917 1399 2948 Rector
1423 2925 1502 2948 ccv.
1521 2915 1598 2946 Art.
1615 2914 1767 2957 Magist.
1786 2915 1854 2946 Pa-

225 2973 298 3015 gin.
318 2972 437 3004 bacal.
456 2972 493 3004 in
509 2972 614 3014 vigil.
633 2972 668 3006 S.
685 2973 812 3005 Thom.
833 2972 984 3007 electus.
1033 2972 1176 3005 Schwab
1195 2972 1284 3015 Syll.
1298 2973 1420 3005 Rectt.
1438 2971 1590 3004 Heideb.
1609 2982 1642 3014 p,
1656 2973 1710 3004 72.
1727 2974 1762 3003 et
1775 2971 1855 3004 Act.

225 3029 322 3065 univ.
339 3028 509 3062 Heidelb.
526 3028 593 3061 111.
612 3028 675 3061 fol.
694 3030 769 3062 235.
789 3040 846 3072 ap.
866 3029 1041 3061 Hoeusser.
1058 3039 1091 3071 p.
1107 3029 1163 3060 46.
