2119 3522
666 216 754 240 EP.S.
786 217 944 240 MATHEVS
968 219 1071 240 FINCK
1096 219 1252 241 oR'rva.
1718 202 1812 246 665

102 274 185 314 Pag.
205 273 293 309 197.
1187 277 1362 317 Pag.197.
1382 288 1410 308 v.
1426 284 1457 309 12
1476 303 1482 308 .
1498 302 1526 308 ..
1546 278 1631 317 Pag.
1653 278 1725 309 198.
1744 289 1774 309 v.
1788 285 1813 308 6.

102 332 145 362 30
168 328 250 362 Rex
269 355 276 362 .
291 355 298 362 .
315 329 513 372 .1›at1·2·am]
540 329 679 363 Eodem
704 330 780 363 fere
806 330 985 373 tempore,
1013 341 1085 373 quo
1110 329 1266 364 Romam
1290 329 1364 364 Leo
1389 330 1432 364 X.
1460 331 1518 369 (cf.
1537 330 1583 364 ad
1611 332 1728 374 x·.23.>,
1761 330 1813 364 di-

190 385 300 418 misso
326 395 370 418 ex
394 395 530 429 magna
554 385 660 429 parte
686 384 850 419 exercitu
874 385 912 418 in
931 384 1090 419 Galliam
1115 396 1283 420 reversus
1309 387 1364 420 est
1380 385 1606 420 Franciscus.
1632 386 1705 420 Sed
1730 397 1813 420 cum

190 439 350 474 Finckus
374 440 526 475 scribat:

145 496 224 530 vult
242 500 392 539 portare
415 497 531 541 mayz's
549 497 727 540 populum
753 498 827 542 etc]
854 497 1079 531 adducturus
1095 498 1273 532 maiorem
1291 497 1506 540 exercitum,
1532 499 1611 533 mccl
1626 499 1702 532 will
1717 499 1816 532 mehr

196 551 284 586 Volso
313 552 579 594 heranfz‘llwcn,
611 554 739 596 aperte
770 564 836 587 ver
860 564 890 587 a.
911 557 1006 588 1516.
1023 553 1179 595 indicat,
1214 564 1287 597 quo
1318 553 1593 588 Maximilianus
1623 554 1712 598 imp.
1730 566 1814 588 cuni

190 608 263 642 suis
289 612 410 650 15,000
435 608 637 642 auxiliariis
661 608 858 651 Helvetiis,
892 613 980 643 5000
1011 609 1198 652 equitibus
1223 608 1417 643 Germanis
1448 611 1486 643 et
1518 614 1638 651 10,000
1663 609 1814 644 Germa-

189 664 280 698 nicis
297 664 580 708 Hispanicisque
607 664 792 708 equitibus
810 664 924 708 Alpes
940 664 1180 706 transcendit,
1201 664 1326 699 Gallos
1344 665 1573 709 expulsurus,
1600 665 1699 709 quod
1716 665 1813 700 male

190 720 404 755 successisse
421 720 639 764 imperatori
664 721 819 761 constat,
844 721 887 753 ut
903 730 1024 763 neque
1048 721 1126 754 tam
1154 723 1307 765 ‘magna
1323 722 1475 765 guerra’
1501 721 1602 755 facta
1617 721 1675 763 sit,
1702 731 1814 765 quam

188 775 347 810 Finckns
371 787 417 810 ne
443 776 540 810 foret
564 776 751 810 timuerat.
777 775 821 809 cf.
839 775 933 809 infra
959 787 994 819 p.
1012 777 1178 810 2092-S‘1‘1·

98 836 140 866 32
165 832 364 876 aumiliare]
392 832 524 866 Activo
549 832 768 876 scriptorem
793 842 899 864 usum
926 841 1003 864 csse
1029 833 1121 875 puto
1146 843 1219 866 non
1244 833 1286 866 ut
1311 832 1476 866 obsoleto
1494 833 1608 866 verbo
1633 833 1812 871 uteretur,

187 888 253 922 sed
276 889 319 921 ut
342 888 438 922 male
462 887 591 922 Latine
616 887 805 921 scriberet.

98 948 140 978 33
166 943 215 977 da
232 944 330 988 pac]
355 943 603 978 Ecclesiastici
628 956 659 977 L.
676 948 728 978 25.
755 943 851 985 „det
869 970 876 977 .
896 971 901 976 .
922 971 927 976 .
946 943 1026 977 fieri
1050 953 1182 986 pacem
1206 943 1244 976 in
1271 943 1400 976 diebus
1425 944 1558 977 nostris
1577 971 1583 977 .
1603 947 1641 977 .“

98 1003 141 1034 34
164 1011 238 1034 non
263 1004 313 1034 est
420 1000 638 1043 curtisanis]
672 999 899 1034 Germanicis
931 999 1073 1033 clericis
1103 998 1230 1033 Romae
1261 998 1444 1032 beneficia
1475 999 1713 1043 aucupaturis
1750 1001 1815 1033 aut

189 1056 290 1100 apud
314 1056 453 1091 curiam
471 1067 538 1100 pro
564 1056 705 1090 iustitia
721 1055 881 1100 gratiam
900 1055 1079 1098 empturis
1095 1075 1138 1078 —
1155 1065 1241 1088 nani
1258 1053 1367 1087 huius
1384 1054 1486 1088 modi
1504 1053 1716 1089 Curtisanos
1734 1055 1816 1088 vult

186 1112 220 1146 h.
238 1112 261 1146 l.
279 1112 439 1147 Finckus
464 1133 506 1136 —
531 1123 603 1146 non
629 1112 748 1146 solum
771 1112 809 1144 in
840 1111 974 1144 itinere
999 1110 1165 1144 Romano
1197 1110 1243 1143 ab
1270 1110 1493 1144 exercitibus
1518 1109 1814 1145 Mediolanenses

187 1168 521 1212 Lombardicasque
548 1170 586 1202 et
608 1167 706 1212 ipsas
730 1166 940 1212 pontificias
963 1166 1134 1210 regiones
1151 1167 1217 1199 aut
1239 1165 1501 1199 infestantibus
1527 1169 1591 1199 aut
1614 1165 1814 1200 defenden-

186 1224 286 1258 tibus
315 1224 523 1258 timendum
549 1225 620 1265 est,
654 1223 718 1257 sed
743 1224 781 1257 et
804 1223 843 1256 in
872 1222 954 1266 ipsa
978 1221 1069 1255 urbe
1095 1223 1133 1255 et
1157 1221 1259 1255 curia
1288 1220 1359 1265 piae
1385 1220 1602 1255 venationes
1628 1223 1665 1256 et
1689 1233 1813 1256 causa-

186 1292 267 1313 rum
293 1279 381 1314 fidei
404 1280 592 1324 profectus
616 1279 869 1323 inpediuntur.

97 1341 139 1370 35
166 1336 349 1380 vacantia]
374 1335 599 1370 beneficium
625 1335 914 1369 ecclesiasticum
940 1344 1092 1375 vacans,
1122 1333 1246 1367 denuo
1273 1333 1383 1367 alicui
1409 1333 1691 1376 conferendum,
1724 1346 1814 1378 prae-

185 1392 309 1426 benda
332 1402 466 1433 vacua,
498 1391 663 1433 VcccanZ,
689 1391 876 1434 erlecliqtes
892 1390 979 1423 Amt
1005 1393 1065 1423 etc.

97 1451 139 1483 36
163 1448 387 1482 beneficium
413 1449 581 1482 curatum
607 1449 663 1481 est
679 1457 838 1491 quocum
864 1457 951 1480 cura
977 1445 1183 1479 animarum
1201 1445 1400 1479 coniuncta
1425 1446 1490 1485 est,
1517 1445 1595 1479 sine
1613 1457 1687 1489 qua
1703 1446 1814 1480 bene—

186 1503 311 1538 ficium
336 1503 504 1548 simplex,
530 1514 604 1538 non
630 1503 799 1537 curatum
826 1502 892 1538 est.
920 1501 963 1535 cf.
981 1501 1055 1535 titt.
1073 1500 1128 1534 De
1154 1500 1365 1544 praebendis
1391 1501 1429 1534 et
1453 1500 1710 1545 dignitatibus

142 1560 185 1594 cle
209 1560 289 1594 iure
308 1561 421 1604 patr]
446 1559 469 1593 i.
488 1570 518 1594 e.
536 1559 613 1594 sive
639 1571 659 1594 a
684 1560 840 1603 patrono
859 1558 936 1592 sive
962 1568 983 1591 a
999 1556 1250 1601 superioribus
1273 1556 1531 1590 ecclesiasticis
1549 1556 1814 1591 conferendum

187 1615 244 1649 sit.
277 1615 321 1649 cf.
339 1615 414 1649 titt.
430 1615 486 1649 De
511 1615 591 1650 iure
617 1616 845 1660 patronatus.

97 1676 138 1706 37
164 1672 274 1716 nnnc]
301 1671 444 1715 corrige
470 1682 514 1705 ex
533 1671 588 1706 ed.
606 1671 722 1715 princ.
742 1674 825 1714 ‘pro
850 1671 980 1707 nunc’,
1005 1670 1124 1704 altera
1139 1668 1248 1702 huius
1264 1668 1380 1712 partis
1406 1668 1520 1702 editio
1540 1670 1599 1712 (5.)
1619 1669 1721 1703 omis.
1734 1680 1814 1712 pro.

144 1729 253 1762 habeo
279 1729 357 1762 booz.
377 1728 508 1772 emper]
534 1727 630 1762 bene
656 1727 768 1761 didici
793 1727 892 1761 artes
917 1725 1291 1770 opportunitatesque
1318 1724 1532 1768 obrependi.

98 1787 186 1828 Pag.
203 1785 293 1821 198.

99 1845 112 1873 1
141 1840 337 1875 sollicitare
360 1840 474 1884 vobis]
500 1840 522 1874 i.
542 1851 571 1874 e.
589 1851 656 1884 pro
682 1840 796 1873 vobis.
844 1839 930 1872 Eius
958 1838 1059 1872 modi
1084 1837 1366 1871 sollicitatorum
1391 1837 1496 1880 quasi
1520 1837 1672 1881 propria
1696 1847 1753 1870 ars
1779 1839 1817 1871 ct

187 1895 275 1930 ordo
301 1895 382 1937 fuit,
410 1907 612 1940 eorumque
639 1906 760 1940 operae
786 1895 957 1929 mercede
983 1893 1297 1928 conducebantur.

98 1957 116 1987 3
142 1953 283 1996 colleyit
302 1980 309 1986 .
325 1979 332 1985 .
348 1980 355 1987 .
375 1953 561 1996 articulos]
587 1953 724 1996 praeter
748 1962 809 1986 eos
835 1951 880 1985 de
906 1950 1040 1994 quibus
1064 1950 1138 1983 iam
1164 1949 1239 1991 diu,
1265 1949 1304 1982 et
1325 1948 1363 1981 in
1389 1948 1615 1993 Tungrensis
1639 1949 1815 1983 Articulis

189 2008 374 2053 [Ind.scrr.
389 2012 486 2053 p.78.
501 2009 604 2051 n.X1.]
622 2009 663 2042 ut
678 2007 860 2042 haereticis
878 2006 1093 2041 criminatus
1112 2006 1191 2039 erat
1203 2004 1459 2045 Hoohst-1·atus‚
1476 2004 1613 2047 quique
1631 2003 1816 2048 prioribus

188 2066 287 2098 certe
313 2075 386 2099 non
411 2064 582 2098 iustiores
606 2064 746 2108 reperti
763 2065 858 2103 sunt,
885 2063 984 2107 quod
1003 2061 1189 2095 derisoriis
1213 2060 1337 2094 verbis
1364 2062 1420 2094 ‘et
1443 2061 1527 2093 sunt
1548 2087 1554 2093 .
1571 2086 1577 2092 .
1593 2086 1600 2094 .
1620 2060 1716 2094 sicut
1732 2060 1814 2094 alii’

188 2120 353 2165 epistolae
386 2122 513 2155 auctor
548 2120 742 2164 significat.
799 2119 972 2154 Ceterum
1009 2118 1135 2151 {estate
1168 2128 1199 2150 a.
1226 2120 1321 2151 1516.
1345 2127 1488 2150 summo
1529 2115 1732 2150 certamine
1770 2117 1814 2150 ab

187 2178 344 2220 utraque
369 2178 475 2221 parte
500 2176 710 2210 laboratum
737 2186 831 2216 esse,
857 2175 936 2219 ipse
962 2173 1173 2218 Groningus
1196 2172 1394 2206 Reuchlini
1418 2172 1558 2206 amicus
1583 2172 1621 2205 et
1645 2171 1816 2206 defensor

187 2232 353 2267 Hutteno
379 2232 535 2277 scripsit.
562 2232 606 2266 cf.
625 2231 755 2276 Consp.
775 2230 936 2265 chronol.
954 2242 990 2274 p.
1010 2234 1083 2264 141.
1102 2229 1135 2264 d.
1154 2233 1207 2263 29.
1227 2228 1384 2273 [corrige
1402 2228 1468 2272 31.]
1487 2227 1575 2262 Dec.
1594 2238 1624 2261 a.
1644 2231 1740 2261 1516.

99 2293 118 2323 5
143 2292 193 2323 est
218 2288 258 2322 F
259 2289 431 2333 lorenticc]
458 2288 502 2322 cf.
521 2299 631 2333 supra
657 2287 703 2322 ad
731 2288 840 2321 19723.
861 2287 898 2320 et
922 2286 1019 2320 infra
1042 2298 1078 2330 p.
1096 2286 1208 2320 20920·
1227 2287 1303 2319 269.
1321 2287 1504 2328 v.16.sqq.

143 2346 259 2389 carta]
286 2346 399 2385 corta,
426 2345 537 2379 cortis
563 2345 597 2388 [a
619 2344 758 2385 cohors
778 2343 894 2384 chors,
914 2343 1017 2387 cors],
1044 2342 1135 2383 Hos,
1159 2351 1233 2375 non
1250 2341 1300 2376 id.
1320 2340 1418 2384 quod
1436 2339 1556 2376 Curia.
1583 2339 1635 2373 Ut
1650 2340 1816 2374 nostrum

187 2400 283 2442 Hof,
307 2400 428 2435 varias
453 2400 741 2446 significationes
766 2399 889 2433 habet.
922 2398 966 2432 cf.
984 2397 1163 2442 Ducange
1189 2408 1267 2431 voc.
1286 2397 1415 2431 Coi-tis.
1442 2395 1531 2429 Diez
1556 2394 1648 2430 WB.
1674 2395 1815 2438 „Corte

175 2457 227 2490 it.
252 2467 303 2499 sp.
323 2467 404 2501 129„
430 2468 488 2500 pr.
508 2459 603 2498 cort,
634 2457 680 2499 fr.
700 2467 804 2497 cour,
837 2455 916 2489 wal.
936 2454 1039 2488 curte
1069 2453 1152 2495 hof}
1189 2480 1196 2487 .
1212 2480 1242 2488 ..
1261 2453 1525 2497 Ablez'twnyen,
1558 2452 1618 2486 die
1647 2452 1722 2486 sich
1754 2452 1818 2486 der

190 2524 274 2546 rom.
292 2513 497 2558 becleutzmg]
520 2513 747 2555 ‘fiirstlicher
770 2512 850 2553 hof’
877 2511 1129 2553 anschlz'essem,
1161 2510 1247 2544 sind
1271 2519 1299 2542 Ξ.
1318 2509 1346 2543 b.
1366 2509 1404 2542 it.
1423 2509 1582 2549 cortese‚
1613 2518 1666 2550 sp.
1685 2508 1815 2549 cortes⁷

189 2568 234 2610 fr.
254 2568 425 2610 courtois,
451 2569 642 2613 yleichsam
667 2568 861 2608 cortensis3
887 2568 1035 2601 hieraus
1058 2576 1110 2609 sp.
1129 2566 1337 2606 cortesano‚
1363 2564 1409 2606 fr.
1429 2563 1624 2604 eourfflsan,
1651 2563 1691 2596 it.
1709 2563 1816 2597 corti-

189 2625 317 2669 giemo,
349 2625 503 2669 ho'flz'ny,
534 2625 641 2659 sehon
671 2624 721 2657 im
752 2623 926 2665 frz'o'heren
954 2623 1054 2656 mlat.
1079 2621 1283 2656 cortisanus
1315 2621 1399 2664 (wie
1423 2620 1462 2653 it.
1482 2618 1718 2663 Parmigiano
1750 2630 1818 2653 aus

189 2680 432 2722 Parmensis);
456 2681 510 2714 vb.
527 2681 566 2713 it.
585 2679 828 2723 corteggiare,
847 2689 899 2721 sp.
918 2677 1088 2722 cortejar,
1108 2688 1168 2720 pr.
1187 2676 1346 2720 cortejar
1362 2687 1397 2710 u.
1416 2676 1592 2716 cortezar,
1618 2674 1665 2716 fr.
1683 2675 1817 2709 courti-

189 2748 247 2771 ser
272 2738 341 2771 den
365 2736 434 2778 hof
450 2736 620 2776 machem·
643 2735 752 2768 sub-st.
770 2735 808 2767 it.
827 2733 1018 2778 corteggio
1044 2732 1193 2777 (jefolye,
1218 2732 1332 2766 daher
1354 2732 1401 2773 fr.
1421 2731 1613 2775 cortege“.

146 2803 219 2827 non
251 2793 385 2827 debetis
416 2792 602 2835 dubitare]
637 2789 774 2824 Contra
805 2789 1015 2833 Groningus
1047 2788 1094 2822 ad
1126 2802 1155 2822 v.
1169 2798 1194 2822 3.
1214 2788 1292 2830 cit.,
1330 2787 1394 2831 qui
1428 2787 1585 2821 ‘certam
1610 2786 1816 2822 Reuchlino

188 2847 377 2892 promittit
399 2846 626 2881 victoriani’.

100 2908 120 2939 6
143 2904 325 2948 similiter]
351 2902 522 2937 vicissim.
