2119 3522
739 223 942 247 GLAREANVS
967 237 974 246 .
990 238 997 245 .
1012 238 1019 245 .
1047 223 1202 246 GRATIVS.
1733 205 1793 249 38
1804 206 1825 248 1

112 338 330 376 sessionem
361 337 417 375 ibi
447 352 594 389 magna
625 352 714 376 cum
743 338 866 376 laude
897 337 1016 389 obiit3
1059 339 1124 376 hic
1154 339 1196 376 in
1226 338 1474 389 Zvinglium,
1509 339 1620 376 cuius
1653 338 1829 376 ecclesiae

112 394 380 432 reformandae
421 400 588 433 conatus
636 395 730 432 olim
775 394 1018 445 probaverat
1063 401 1184 446 atque
1232 394 1490 442 defenderat,
1540 395 1718 446 graviter
1753 395 1832 432 fuit

110 451 308 488 invectus.
353 450 519 489 tandem
557 465 646 488 cum
684 464 766 488 rem
804 451 1025 489 litei-ariam
1066 452 1133 489 diu
1171 465 1269 489 voce
1309 457 1349 489 et
1387 451 1544 502 scriptis
1584 451 1828 498 adiuvasset,

110 512 227 545 aetate
267 513 306 544 01
342 507 548 544 laboribus
580 507 797 545 exhaustus
837 507 930 544 fatis
965 508 1163 545 concessit
1195 507 1233 545 (1.
1252 508 1316 544 28.
1333 507 1451 546 Μ311.
1468 521 1503 545 a.
1524 508 1673 546 1563.“
1731 507 1830 545 Haec

109 561 283 600 Athenae
304 563 489 600 Rauricae
513 561 741 612 (Herzogii)
766 576 805 612 p.
825 563 919 600 247.
940 576 1047 614 sqq,
1081 563 1151 601 ubi
1181 564 1331 613 scripta
1355 576 1516 613 quoque
1544 564 1620 601 viri
1642 577 1830 614 magnam

110 625 264 668 partem
296 620 416 656 etiam
447 632 555 656 nunc
585 619 701 656 utilia
730 618 964 656 indicantur
994 633 1034 670 p.
1053 620 1145 658 250.
1163 617 1259 669 5(].13
1317 619 1453 657 Vitam
1484 619 1679 657 Glareani
1710 633 1828 670 pecu-

46 668 50 672 ’
108 675 198 711 liari
219 675 321 713 libro
343 674 535 725 Friburgi
557 688 593 714 a.
611 676 730 714 1837.
751 675 859 711 edito
883 675 1094 726 descripsit
1115 675 1244 712 Henr.
1269 674 1501 722 Schreiber,
1533 689 1653 726 quem
1675 676 1727 714 ad
1748 689 1828 713 ma-

108 744 183 768 nus
215 745 298 768 non
329 730 479 778 habeo,
514 731 666 768 contuli
697 736 830 768 autem
860 729 1194 768 133111310011011114
1225 736 1264 768 01
1294 729 1545 770 Adamum'‘¹.

197 802 347 843 prodiit:
382 802 565 842 „Excidit
591 801 677 832 mihi
704 805 789 833 ante
817 811 929 833 annos
956 801 1096 843 aliquot
1122 800 1268 833 libellus
1295 801 1338 832 de
1364 802 1591 843 supputandi·
1610 812 1693 842 3511,
1725 813 1827 844 quem

196 858 346 899 primum
374 858 531 889 Lutetiae
561 857 643 889 olim
677 857 766 888 meis
798 857 1023 888 auditoribus
1049 856 1250 896 Helvetiis,
1286 857 1346 897 qui
1377 866 1450 888 una
1482 868 1620 889 mecum
1646 857 1829 899 stipendio

196 913 380 944 alerentur
405 912 523 954 regio:
550 911 691 943 Deinde
716 911 872 943 Basileae
901 923 942 943 ac
962 913 1134 954 Friburgi
1161 912 1356 954 praelegere
1383 922 1642 945 consueveram
1750 914 1829 944 Fri-

196 968 300 1010 burgi
325 969 502 1010 Brisgoiae
533 979 627 1000 311110
655 979 675 999 3
701 967 785 1000 Chr.
804 973 901 1001 nat0.
923 978 1162 1000 M.1).xxxvu1.
1181 967 1352 999 Calendis
1374 967 1529 1001 Iuniis.“
1578 969 1683 1000 Denis
1706 977 1739 1009 p.
1753 969 1828 1000 663.

198 1025 251 1062 13)
272 1023 329 1056 Cf.
348 1025 457 1055 etiam
475 1025 580 1055 Denz's
597 1034 631 1065 p,
647 1025 721 1055 254.
741 1025 818 1056 386.
944 1025 998 1064 14)
1019 1025 1235 1066 Prosopogr.
1255 1024 1321 1055 III.
1342 1034 1375 1065 1).
1394 1025 1468 1057 126.
1485 1034 1538 1065 sq.
1660 1024 1715 1064 15)
1736 1024 1829 1055 Vitae

178 1080 407 1116 ,Germanon
426 1080 673 1122 philosophor.
701 1080 875 1122 IIdlberg.
896 1080 993 1114 1615.
1011 1079 1056 1111 80.
1074 1090 1106 1121 p,
1124 1081 1317 1112 236...240.

107 1162 303 1192 GRATIVS
329 1153 390 1203 (cle
413 1154 574 1204 Graes),
608 1153 821 1200 Ortvinus,
852 1155 894 1191 in
919 1155 1007 1191 vico
1029 1154 1236 1192 Holtwick
1257 1168 1384 1205 prope
1408 1154 1680 1192 Coesfeldiam
1697 1154 1828 1192 West-

105 1211 251 1261 phaliae
290 1217 427 1257 1131115,
468 1211 541 1248 sed
576 1210 889 1248 Daventriensis
928 1211 1168 1260 cognomine
1208 1224 1289 1248 non
1329 1211 1458 1248 solum
1496 1211 1604 1249 inter
1641 1210 1829 1248 obscuros

105 1268 211 1304 viros
244 1268 504 1305 clarissimus:
544 1268 781 1304 Daventriae
813 1267 921 1303 enim
952 1281 975 1304 a
1006 1273 1150 1317 patruo
1181 1267 1339 1305 Ioanne
1372 1267 1420 1305 de
1455 1266 1583 1305 Graes
1616 1265 1829 1304 educatus¹

104 1323 281 1373 Hegium
311 1329 600 1374 praeceptorem
630 1323 790 1369 habuit,
825 1323 962 1373 ibique
994 1323 1111 1359 bonis
1142 1323 1287 1360 litteris
1319 1337 1401 1360 non
1432 1324 1636 1361 infelicem
1667 1336 1830 1373 operam

106 1379 219 1417 dedit
250 1392 375 1430 usque
409 1379 504 1417 dum
536 1378 716 1417 Coloniae
750 1379 995 1416 domicilium
1026 1392 1245 1429 numquam
1276 1385 1418 1429 postea
1448 1385 1645 1417 mutatum
1674 1380 1827 1429 figeret,

105 1449 212 1473 anno
240 1437 358 1473 1501.
380 1441 534 1473 rectore
568 1435 751 1473 Gerardo
783 1435 1139 1473 Harderovicense
1178 1436 1220 1471 in
1258 1435 1508 1472 matriculam
1553 1436 1828 1473 universitatis

107 1491 363 1529 Coloniensis
397 1493 614 1542 inscriptus
647 1498 706 1529 est
746 1490 988 1538 „Ortwinus
1021 1491 1070 1528 de
1102 1492 1329 1529 Daventria
1361 1492 1509 1529 iuravit
1537 1492 1589 1529 ad
1621 1498 1726 1529 artes
1761 1521 1768 1530 .
1791 1522 1797 1529 .
1820 1523 1827 1530 .

104 1547 340 1599 paupe1·“‘³;
382 1562 489 1586 311110
522 1549 642 1587 1502.
664 1548 972 1593 baccalaureus,
1014 1561 1122 1585 anno
1156 1549 1275 1585 1506.
1297 1548 1489 1598 magister
1527 1548 1674 1594 factus,
1719 1561 1827 1586 311110

107 1606 227 1642 1507.
251 1604 302 1642 3(1
334 1605 537 1642 facultatis
570 1605 747 1654 regentis
777 1604 991 1641 concilium
1022 1604 1129 1641 lunae
1152 1610 1242 1654 post
1263 1604 1539 1641 visitationem
1561 1604 1698 1641 Mariae
1720 1617 1827 1642 rece-

103 1666 216 1710 ptus,
256 1661 384 1698 bursae
418 1660 590 1698 Cucanae
629 1661 833 1711 professor
868 1661 946 1697 fuit
976 1674 1012 1697 a.
1039 1661 1179 1707 1509„
1221 1660 1544 1710 quodlibetarius
1585 1660 1830 1698 declamator

104 1717 254 1754 electus
287 1723 346 1754 est
376 1731 410 1755 a.
439 1715 588 1754 1511.³.
651 1716 952 1766 Quentellianae
993 1717 1163 1753 officinae
1202 1716 1507 1767 typographicae
1545 1717 1759 1767 praesidem
1790 1723 1829 1755 et

104 1780 367 1811 correctorem
399 1787 488 1811 eum
519 1774 727 1823 praefuisse
751 1773 1006 1823 Cratepolius
1038 1774 1153 1810 testis
1186 1779 1263 1819 est,
1298 1779 1338 1811 et
1361 1773 1658 1823 Oaprimulgius
1689 1779 1828 1810 noster

101 1842 136 1875 p.
157 1828 315 1876 11⁷·S‘1⁴1·,
350 1830 423 1867 sed.
455 1835 493 1867 et
524 1830 612 1867 aliis
644 1830 774 1866 minus
805 1829 1012 1867 litterariis
1043 1830 1216 1879 negotiis
1239 1830 1281 1866 in
1304 1829 1373 1866 illa
1396 1829 1512 1866 domo
1536 1828 1721 1867 Gratium
1740 1842 1827 1868 sese

102 1886 288 1923 intulisse
320 1886 500 1936 epistolae
524 1884 573 1923 O.
592 1886 661 1932 V.,
695 1898 785 1936 quae
817 1886 954 1936 paucis
987 1882 1190 1936 exceptis*
1222 1886 1273 1923 ad
1306 1899 1396 1923 eum
1423 1886 1581 1936 scriptae
1605 1885 1824 1936 finguntur,

102 1943 251 1993 passim
273 1942 463 1992 produnt.
508 1956 615 1979 anno
642 1943 760 1979 1514.
781 1940 998 1979 Ortvinum
1029 1941 1178 1992 gradus
1211 1943 1251 1978 in
1284 1955 1397 1980 sacra
1418 1942 1625 1991 theologia
1646 1941 1827 1979 nondum

108 1999 299 2049 adeptum
321 2000 446 2036 fuisse
468 1998 735 2049 Vickelphius
758 1998 790 2038 Ι.
815 2000 881 2035 23.
906 1998 1040 2044 docet,
1076 2011 1209 2049 neque
1239 2012 1347 2036 anno
1372 1999 1512 2045 1515.,
1547 1999 1579 2035 si
1601 2011 1726 2048 penes
1747 2011 1827 2036 me-

104 2055 247 2092 011οἰ11εο
278 2056 394 2105 quasi
426 2055 631 2093 doctorem
651 2055 864 2092 Nicolaum
889 2053 939 2103 (p.
959 2052 1038 2103 65⁹)
1062 2055 1161 2092 fides
1193 2061 1265 2092 est.
1327 2053 1440 2092 Obiit
1463 2053 1642 2092 Coloniae
1664 2066 1720 2091 XI.
1742 2054 1826 2093 kal.

195 2154 226 2194 1)
253 2154 426 2186 Ortvinus
451 2154 528 2196 ipse
555 2154 597 2186 de
625 2165 663 2186 se
689 2164 799 2196 puero
826 2154 922 2185 haee:
950 2154 1021 2194 „Id
1047 2153 1142 2194 quod
1168 2153 1253 2186 olim
1279 2153 1443 2185 dominus
1470 2153 1624 2186 Ioannes
1650 2154 1692 2186 de
1712 2153 1826 2186 Graes

192 2210 247 2241 vir
273 2210 347 2242 alto
380 2214 486 2242 natus
512 2211 688 2251 sanguine
715 2215 751 2242 et
775 2221 875 2241 meus
901 2210 961 2250 (ut
987 2210 1060 2241 dixi
1087 2208 1129 2253 [7
1148 2221 1257 2252 pagg.
1277 2207 1408 2252 ante])
1440 2213 1592 2252 patruus
1624 2220 1733 2251 quum
1760 2210 1826 2242 ali-

193 2266 334 2308 quoties
371 2266 487 2298 secum
520 2266 771 2308 cogitauisset:
814 2277 868 2297 me
901 2267 960 2307 qui
992 2267 1119 2298 unicus
1151 2267 1316 2299 Federici
1350 2266 1472 2297 fratris
1507 2265 1557 2297 sui
1588 2265 1685 2298 filius
1718 2265 1824 2299 essem

193 2323 289 2364 patri
315 2324 464 2364 primum
491 2333 570 2354 meo
597 2322 893 2354 subtrahendum:
922 2333 963 2354 ac
990 2323 1119 2355 deinde
1147 2324 1336 2364 (tanquam
1364 2323 1423 2363 qui
1449 2323 1570 2354 omnia
1594 2322 1693 2364 prius
1720 2333 1824 2364 expe-

192 2379 347 2411 rimento
374 2378 573 2418 didicerat)
600 2378 725 2410 studiis
757 2378 1050 2420 praeclarioribus
1078 2379 1314 2412 erudiendum
1346 2378 1552 2410 destinauit.
1600 2380 1732 2411 Verum
1764 2378 1825 2410 ubi

192 2436 326 2467 virtute
354 2436 444 2468 duce
473 2438 509 2467 et
534 2435 680 2467 fortuna
707 2436 835 2468 comite
864 2446 884 2466 a
911 2435 970 2467 suo
998 2435 1180 2477 superiore
1206 2434 1388 2467 montanis
1408 2435 1443 2466 in
1462 2434 1666 2466 Dauentria
1684 2435 1825 2467 cluibus

192 2491 314 2533 pastor
341 2491 512 2523 offeretur
538 2494 623 2530 [sic]:
654 2502 816 2533 annoque
843 2491 1008 2533 sequenti
1034 2496 1070 2524 et
1097 2492 1302 2524 confratres
1330 2491 1408 2523 suos
1433 2492 1469 2522 in
1496 2491 1648 2523 Vaerler
1673 2494 1824 2523 vocatus

192 2552 379 2590 pergeret:
410 2559 465 2580 me
498 2559 540 2580 ex
573 2547 676 2580 domo
704 2548 807 2580 illinc
832 2551 988 2590 paterna
1014 2559 1082 2590 que
1109 2559 1178 2580 non
1203 2548 1310 2590 longe
1337 2558 1358 2579 a
1385 2551 1567 2579 conuentu
1592 2547 1656 2578 illo
1682 2546 1825 2578 nobilis-

193 2603 279 2635 simo
311 2603 468 2647 distabat
497 2605 706 2646 vagientem
741 2604 858 2636 adhuc
891 2608 926 2636 et
958 2615 1068 2647 prope
1098 2605 1134 2636 in
1160 2604 1350 2637 cunabulis
1375 2604 1557 2635 iacentem
1582 2603 1822 2634 Dauentriam

193 2659 307 2691 secum
332 2660 494 2691 contulit.
542 2660 611 2693 Vbi
637 2671 692 2691 1110
719 2663 792 2692 13111
818 2661 879 2692 diu
905 2661 1072 2693 maximis
1099 2660 1168 2692 suis
1199 2660 1363 2702 expensis
1390 2659 1542 2692 enutriri
1574 2658 1677 2691 fecit:
1709 2658 1824 2690 donec

193 2716 237 2747 ad
264 2715 396 2747 almam
422 2716 574 2748 nostram
601 2716 874 2748 universitatem
902 2728 1007 2758 quam
1034 2716 1232 2749 honorifice
1259 2717 1354 2748 mitti
1373 2715 1518 2758 possem.
1566 2715 1656 2746 Tum
1682 2714 1823 2747 demum

192 2782 247 2803 me
281 2773 333 2803 ita
364 2773 544 2804 communi
576 2773 734 2814 palestra
766 2773 976 2805 distractum
1010 2771 1080 2804 esse
1110 2772 1259 2804 volebat
1282 2775 1321 2804 ut
1345 2773 1442 2804 intra
1466 2771 1598 2813 viginti
1623 2781 1737 2803 annos
1762 2770 1824 2802 do-

192 2838 285 2859 mum
311 2831 500 2870 paternam
526 2830 648 2861 videre
674 2840 744 2861 non
768 2830 907 2864 liceret.
956 2829 1129 2861 Preclare
1154 2829 1329 2871 profecto.
1355 2827 1444 2861 &c.“
1493 2828 1688 2861 Orationes
1712 2826 1823 2869 quod-

193 2885 340 2917 libetice
367 2886 588 2927 periucunde
607 2885 760 2917 Ortwini
778 2884 895 2926 Gratij
921 2885 1018 2917 infra
1044 2888 1119 2919 not.
1140 2887 1191 2917 12.
1211 2886 1289 2917 citt.
1306 2896 1388 2928 pag.
1402 2883 1502 2927 Dijb.
1594 2883 1629 2925 2)
1651 2883 1687 2916 G.
1701 2884 1824 2925 Krafft

192 2941 229 2972 in
249 2942 379 2974 Ztsehr.
393 2942 422 2982 s.
439 2952 571 2983 preztss.
588 2942 703 2976 Gesclz.
719 2953 748 2974 v.
764 2943 902 2974 Hassel.
921 2943 953 2975 5.
967 2942 1084 2984 Jahry,
1103 2941 1199 2978 Ber-I,
1215 2942 1312 2975 1868.
1333 2941 1379 2974 8⁰.
1399 2952 1434 2984 p.
1448 2942 1525 2975 478,
1541 2951 1593 2983 sq.
1686 2939 1720 2981 3)
1741 2939 1822 2972 vide

191 2998 376 3039 Foppensi
399 2997 697 3039 Hartzhemiique
722 2998 830 3030 Bibll.
974 2998 1010 3038 4)
1035 2998 1057 3032 i.
1076 3008 1108 3030 e.
1126 2998 1153 3033 I.
1172 3000 1226 3031 31.
1245 3000 1297 3031 35.
1315 2999 1368 3030 44.
1386 2999 1441 3029 49.
1467 2997 1514 3033 ΙΙ,
1533 2997 1587 3033 68.
1605 2998 1660 3031 69.
1680 2999 1716 3028 et
1740 3005 1820 3038 quoe

192 3054 307 3096 ipsum
329 3055 517 3085 Ortvinum
539 3058 721 3086 auctorem
743 3065 815 3096 pra·
835 3065 871 3086 se
894 3054 981 3097 sert,
1000 3056 1027 3086 Ι.
1049 3056 1101 3086 34,
