<?xml version="1.0" encoding="UTF-8"?>
<!DOCTYPE html PUBLIC "-//W3C//DTD XHTML 1.0 Transitional//EN"
    "http://www.w3.org/TR/xhtml1/DTD/xhtml1-transitional.dtd">
<html xmlns="http://www.w3.org/1999/xhtml" xml:lang="en" lang="en">
 <head>
  <title>
</title>
<meta http-equiv="Content-Type" content="text/html;charset=utf-8" />
  <meta name='ocr-system' content='tesseract 3.04.00' />
  <meta name='ocr-capabilities' content='ocr_page ocr_carea ocr_par ocr_line ocrx_word'/>
</head>
<body>
  <div class='ocr_page' id='page_1' title='image "./operaquaereperir02huttuoft_0705.png"; bbox 0 0 2119 3522; ppageno 0'>
   <div class='ocr_carea' id='block_1_1' title="bbox 244 221 1755 267">
    <p class='ocr_par' dir='ltr' id='par_1_1' title="bbox 244 221 1755 267">
     <span class='ocr_line' id='line_1_1' title="bbox 244 221 1755 267; baseline 0.002 -8"><span class='ocrx_word' id='word_1_1' title='bbox 244 237 315 260; x_wconf 82' lang='lat' dir='ltr'>EPP.</span> <span class='ocrx_word' id='word_1_2' title='bbox 332 236 372 260; x_wconf 78' lang='lat'>18.</span> <span class='ocrx_word' id='word_1_3' title='bbox 388 236 429 261; x_wconf 87' lang='lat'>19.</span> <span class='ocrx_word' id='word_1_4' title='bbox 459 237 561 261; x_wconf 79' lang='lat' dir='ltr'>smoN</span> <span class='ocrx_word' id='word_1_5' title='bbox 578 238 694 261; x_wconf 72' lang='lat' dir='ltr'>woRs&#39;r</span> <span class='ocrx_word' id='word_1_6' title='bbox 711 238 868 263; x_wconf 69' lang='lat' dir='ltr'>onrvmo.</span> <span class='ocrx_word' id='word_1_7' title='bbox 887 248 931 252; x_wconf 71' lang='lat'><strong>—</strong></span> <span class='ocrx_word' id='word_1_8' title='bbox 948 239 1126 263; x_wconf 82' lang='lat' dir='ltr'>CONRADVS</span> <span class='ocrx_word' id='word_1_9' title='bbox 1142 240 1371 263; x_wconf 71' lang='lat' dir='ltr'>vchssssvch</span> <span class='ocrx_word' id='word_1_10' title='bbox 1388 239 1546 263; x_wconf 71' lang='lat' dir='ltr'>onrvmo.</span> <span class='ocrx_word' id='word_1_11' title='bbox 1663 221 1755 267; x_wconf 82' lang='grc'>691</span> 
     </span>
    </p>
   </div>
   <div class='ocr_carea' id='block_1_2' title="bbox 39 294 1769 3123">
    <p class='ocr_par' dir='ltr' id='par_1_2' title="bbox 44 294 1764 672">
     <span class='ocr_line' id='line_1_2' title="bbox 44 294 1757 339; baseline 0.002 -13"><span class='ocrx_word' id='word_1_12' title='bbox 44 294 129 337; x_wconf 86' lang='lat' dir='ltr'>Pag.</span> <span class='ocrx_word' id='word_1_13' title='bbox 147 294 236 331; x_wconf 76' lang='lat'>219.</span> <span class='ocrx_word' id='word_1_14' title='bbox 1119 299 1204 339; x_wconf 84' lang='lat' dir='ltr'>Pag.</span> <span class='ocrx_word' id='word_1_15' title='bbox 1219 300 1295 330; x_wconf 77' lang='lat'>218.</span> <span class='ocrx_word' id='word_1_16' title='bbox 1314 309 1343 330; x_wconf 87' lang='lat' dir='ltr'>v.</span> <span class='ocrx_word' id='word_1_17' title='bbox 1359 305 1389 330; x_wconf 84' lang='lat'>17</span> <span class='ocrx_word' id='word_1_18' title='bbox 1407 322 1414 330; x_wconf 95' lang='lat'>.</span> <span class='ocrx_word' id='word_1_19' title='bbox 1430 322 1436 329; x_wconf 96' lang='lat'>.</span> <span class='ocrx_word' id='word_1_20' title='bbox 1452 323 1459 330; x_wconf 94' lang='lat'>.</span> <span class='ocrx_word' id='word_1_21' title='bbox 1478 298 1562 339; x_wconf 79' lang='lat' dir='ltr'>Pag.</span> <span class='ocrx_word' id='word_1_22' title='bbox 1577 299 1653 330; x_wconf 79' lang='lat'>219.</span> <span class='ocrx_word' id='word_1_23' title='bbox 1671 309 1701 329; x_wconf 92' lang='lat' dir='ltr'>v.</span> <span class='ocrx_word' id='word_1_24' title='bbox 1716 305 1757 330; x_wconf 88' lang='lat'>15.</span> 
     </span>
     <span class='ocr_line' id='line_1_3' title="bbox 133 348 1759 396; baseline 0.002 -15"><span class='ocrx_word' id='word_1_25' title='bbox 133 348 223 383; x_wconf 90' lang='lat' dir='ltr'>WB.</span> <span class='ocrx_word' id='word_1_26' title='bbox 243 349 268 383; x_wconf 93' lang='lat' dir='ltr'>I.</span> <span class='ocrx_word' id='word_1_27' title='bbox 287 361 321 393; x_wconf 87' lang='lat' dir='ltr'>p.</span> <span class='ocrx_word' id='word_1_28' title='bbox 340 354 414 385; x_wconf 75' lang='lat'>287.</span> <span class='ocrx_word' id='word_1_29' title='bbox 441 351 617 394; x_wconf 87' lang='lat' dir='ltr'>„punket</span> <span class='ocrx_word' id='word_1_30' title='bbox 640 350 712 395; x_wconf 86' lang='lat' dir='ltr'>adj.</span> <span class='ocrx_word' id='word_1_31' title='bbox 730 351 884 396; x_wconf 63' lang='lat' dir='ltr'>lmollz&#39;gs,</span> <span class='ocrx_word' id='word_1_32' title='bbox 909 352 1053 396; x_wconf 72' lang='lat' dir='ltr'>lmoti95</span> <span class='ocrx_word' id='word_1_33' title='bbox 1085 362 1157 385; x_wconf 86' lang='lat' dir='ltr'>von</span> <span class='ocrx_word' id='word_1_34' title='bbox 1182 351 1382 386; x_wconf 89' lang='lat' dir='ltr'>Menschen</span> <span class='ocrx_word' id='word_1_35' title='bbox 1407 352 1521 394; x_wconf 67' lang='lat' dir='ltr'>Mem,</span> <span class='ocrx_word' id='word_1_36' title='bbox 1545 352 1759 394; x_wconf 70' lang='lat' dir='ltr'>ho&#39;ckericht,</span> 
     </span>
     <span class='ocr_line' id='line_1_4' title="bbox 132 405 1759 454; baseline 0.001 -15"><span class='ocrx_word' id='word_1_37' title='bbox 132 405 222 439; x_wconf 58' lang='lat' dir='ltr'>kur&amp;</span> <span class='ocrx_word' id='word_1_38' title='bbox 245 406 324 440; x_wconf 73' lang='lat' dir='ltr'>und</span> <span class='ocrx_word' id='word_1_39' title='bbox 349 406 432 440; x_wconf 66' lang='lat' dir='ltr'>dlck</span> <span class='ocrx_word' id='word_1_40' title='bbox 452 407 526 440; x_wconf 76' lang='lat'>..“.</span> <span class='ocrx_word' id='word_1_41' title='bbox 558 405 700 440; x_wconf 87' lang='lat' dir='ltr'>Grimm</span> <span class='ocrx_word' id='word_1_42' title='bbox 724 406 814 441; x_wconf 91' lang='lat' dir='ltr'>WB.</span> <span class='ocrx_word' id='word_1_43' title='bbox 842 407 1014 452; x_wconf 86' lang='lat' dir='ltr'>„Bunge,</span> <span class='ocrx_word' id='word_1_44' title='bbox 1040 410 1272 451; x_wconf 68' lang='lat' dir='ltr'>tympanum,</span> <span class='ocrx_word' id='word_1_45' title='bbox 1297 408 1482 454; x_wconf 48' lang='lat' dir='ltr'>trommeZ„</span> <span class='ocrx_word' id='word_1_46' title='bbox 1498 435 1504 441; x_wconf 94' lang='lat'>.</span> <span class='ocrx_word' id='word_1_47' title='bbox 1520 435 1528 442; x_wconf 96' lang='lat'>.</span> <span class='ocrx_word' id='word_1_48' title='bbox 1547 408 1626 442; x_wconf 80' lang='lat' dir='ltr'>dem</span> <span class='ocrx_word' id='word_1_49' title='bbox 1651 407 1759 441; x_wconf 64' lang='lat' dir='ltr'>leram</span> 
     </span>
     <span class='ocr_line' id='line_1_5' title="bbox 133 461 1764 508; baseline 0.001 -14"><span class='ocrx_word' id='word_1_50' title='bbox 133 461 372 506; x_wconf 86' lang='lat' dir='ltr'>bachbunge,</span> <span class='ocrx_word' id='word_1_51' title='bbox 398 463 659 506; x_wconf 84' lang='lat' dir='ltr'>wasserbunge</span> <span class='ocrx_word' id='word_1_52' title='bbox 692 464 890 506; x_wconf 68' lang='lat' dir='ltr'>mztspricht</span> <span class='ocrx_word' id='word_1_53' title='bbox 922 464 1049 497; x_wconf 75' lang='lat' dir='ltr'>bereits</span> <span class='ocrx_word' id='word_1_54' title='bbox 1080 464 1139 497; x_wconf 73' lang='lat' dir='ltr'>ein</span> <span class='ocrx_word' id='word_1_55' title='bbox 1163 464 1246 497; x_wconf 73' lang='lat' dir='ltr'>alul.</span> <span class='ocrx_word' id='word_1_56' title='bbox 1264 463 1389 508; x_wconf 82' lang='lat' dir='ltr'>hungo</span> <span class='ocrx_word' id='word_1_57' title='bbox 1414 474 1459 497; x_wconf 78' lang='lat' dir='ltr'>m.</span> <span class='ocrx_word' id='word_1_58' title='bbox 1476 463 1612 497; x_wconf 88' lang='lat' dir='ltr'>bulbus</span> <span class='ocrx_word' id='word_1_59' title='bbox 1637 462 1764 506; x_wconf 85' lang='lat' dir='ltr'>(Graff</span> 
     </span>
     <span class='ocr_line' id='line_1_6' title="bbox 133 518 1759 563; baseline 0.002 -13"><span class='ocrx_word' id='word_1_60' title='bbox 133 521 164 558; x_wconf 82' lang='lat'>3,</span> <span class='ocrx_word' id='word_1_61' title='bbox 183 518 274 561; x_wconf 88' lang='lat'>131.),</span> <span class='ocrx_word' id='word_1_62' title='bbox 306 518 602 552; x_wconf 69' lang='lat' dir='ltr'>‘evahrscheinlich</span> <span class='ocrx_word' id='word_1_63' title='bbox 625 528 695 552; x_wconf 75' lang='lat' dir='ltr'>von</span> <span class='ocrx_word' id='word_1_64' title='bbox 719 519 790 552; x_wconf 76' lang='lat' dir='ltr'>den</span> <span class='ocrx_word' id='word_1_65' title='bbox 821 519 1147 563; x_wconf 67' lang='lat' dir='ltr'>aufioeschwollown</span> <span class='ocrx_word' id='word_1_66' title='bbox 1176 519 1322 553; x_wconf 70' lang='lat' dir='ltr'>lmollen</span> <span class='ocrx_word' id='word_1_67' title='bbox 1341 546 1348 552; x_wconf 93' lang='lat'>.</span> <span class='ocrx_word' id='word_1_68' title='bbox 1364 520 1416 553; x_wconf 72' lang='lat'>.“.</span> <span class='ocrx_word' id='word_1_69' title='bbox 1463 518 1555 553; x_wconf 87' lang='lat' dir='ltr'>Tam</span> <span class='ocrx_word' id='word_1_70' title='bbox 1580 519 1759 553; x_wconf 65' lang='lat' dir='ltr'>Schwarz-</span> 
     </span>
     <span class='ocr_line' id='line_1_7' title="bbox 126 573 1757 619; baseline 0.002 -14"><span class='ocrx_word' id='word_1_71' title='bbox 126 575 236 616; x_wconf 75' lang='lat' dir='ltr'>panss</span> <span class='ocrx_word' id='word_1_72' title='bbox 259 584 370 616; x_wconf 89' lang='lat' dir='ltr'>quam</span> <span class='ocrx_word' id='word_1_73' title='bbox 400 573 632 617; x_wconf 71' lang='lat' dir='ltr'>Unkenpcmss</span> <span class='ocrx_word' id='word_1_74' title='bbox 655 574 858 608; x_wconf 84' lang='lat' dir='ltr'>secundum</span> <span class='ocrx_word' id='word_1_75' title='bbox 882 586 1024 609; x_wconf 85' lang='lat' dir='ltr'>morem</span> <span class='ocrx_word' id='word_1_76' title='bbox 1049 577 1270 617; x_wconf 89' lang='lat' dir='ltr'>scortorum,</span> <span class='ocrx_word' id='word_1_77' title='bbox 1298 575 1431 619; x_wconf 84' lang='lat' dir='ltr'>quibus</span> <span class='ocrx_word' id='word_1_78' title='bbox 1455 574 1670 609; x_wconf 84' lang='lat' dir='ltr'>Hartliebus</span> <span class='ocrx_word' id='word_1_79' title='bbox 1694 585 1757 608; x_wconf 92' lang='lat' dir='ltr'>no-</span> 
     </span>
     <span class='ocr_line' id='line_1_8' title="bbox 133 628 1330 672; baseline 0.003 -12"><span class='ocrx_word' id='word_1_80' title='bbox 133 628 242 661; x_wconf 88' lang='lat' dir='ltr'>minis</span> <span class='ocrx_word' id='word_1_81' title='bbox 266 640 373 662; x_wconf 91' lang='lat' dir='ltr'>usum</span> <span class='ocrx_word' id='word_1_82' title='bbox 399 629 586 672; x_wconf 72' lang='lat' dir='ltr'>adscribit,</span> <span class='ocrx_word' id='word_1_83' title='bbox 612 630 701 664; x_wconf 87' lang='lat' dir='ltr'>satis</span> <span class='ocrx_word' id='word_1_84' title='bbox 724 630 819 665; x_wconf 86' lang='lat' dir='ltr'>bene</span> <span class='ocrx_word' id='word_1_85' title='bbox 844 630 1044 664; x_wconf 88' lang='lat' dir='ltr'>formatum</span> <span class='ocrx_word' id='word_1_86' title='bbox 1070 641 1146 665; x_wconf 86' lang='lat' dir='ltr'>esse</span> <span class='ocrx_word' id='word_1_87' title='bbox 1173 629 1330 665; x_wconf 86' lang='lat' dir='ltr'>videtur.</span> 
     </span>
    </p>

    <p class='ocr_par' dir='ltr' id='par_1_3' title="bbox 41 683 884 728">
     <span class='ocr_line' id='line_1_9' title="bbox 41 683 884 728; baseline 0.002 -11"><span class='ocrx_word' id='word_1_88' title='bbox 41 687 63 717; x_wconf 84' lang='lat'>4</span> <span class='ocrx_word' id='word_1_89' title='bbox 86 683 273 728; x_wconf 77' lang='lat' dir='ltr'><em>Mirabile]</em></span> <span class='ocrx_word' id='word_1_90' title='bbox 299 684 444 726; x_wconf 89' lang='lat' dir='ltr'>mirum,</span> <span class='ocrx_word' id='word_1_91' title='bbox 470 685 680 728; x_wconf 89' lang='lat' dir='ltr'>molestum,</span> <span class='ocrx_word' id='word_1_92' title='bbox 708 686 884 720; x_wconf 83' lang='lat' dir='ltr'>odiosum.</span> 
     </span>
    </p>

    <p class='ocr_par' dir='ltr' id='par_1_4' title="bbox 42 739 1654 786">
     <span class='ocr_line' id='line_1_10' title="bbox 42 739 1654 786; baseline 0.005 -13"><span class='ocrx_word' id='word_1_93' title='bbox 42 744 62 774; x_wconf 91' lang='grc'><strong>6</strong></span> <span class='ocrx_word' id='word_1_94' title='bbox 87 739 185 784; x_wconf 68' lang='lat' dir='ltr'>bewe]</span> <span class='ocrx_word' id='word_1_95' title='bbox 211 740 322 782; x_wconf 87' lang='lat' dir='ltr'>certe,</span> <span class='ocrx_word' id='word_1_96' title='bbox 347 741 450 783; x_wconf 78' lang='lat' dir='ltr'><em>wohl,</em></span> <span class='ocrx_word' id='word_1_97' title='bbox 473 742 698 786; x_wconf 68' lang='lat' dir='ltr'>weniystens.</span> <span class='ocrx_word' id='word_1_98' title='bbox 1633 748 1654 767; x_wconf 52' lang='grc' dir='ltr'><strong><em>θ</em></strong></span> 
     </span>
    </p>

    <p class='ocr_par' dir='ltr' id='par_1_5' title="bbox 41 796 1759 1847">
     <span class='ocr_line' id='line_1_11' title="bbox 41 796 1758 841; baseline 0.002 -12"><span class='ocrx_word' id='word_1_99' title='bbox 41 799 61 830; x_wconf 91' lang='grc'>8</span> <span class='ocrx_word' id='word_1_100' title='bbox 87 806 141 830; x_wconf 82' lang='lat' dir='ltr'>me</span> <span class='ocrx_word' id='word_1_101' title='bbox 165 796 230 830; x_wconf 77' lang='lat' dir='ltr'>obl.</span> <span class='ocrx_word' id='word_1_102' title='bbox 323 798 482 841; x_wconf 78' lang='lat' dir='ltr'>camerce]</span> <span class='ocrx_word' id='word_1_103' title='bbox 513 797 564 831; x_wconf 88' lang='lat' dir='ltr'>De</span> <span class='ocrx_word' id='word_1_104' title='bbox 589 797 708 841; x_wconf 87' lang='lat' dir='ltr'>poenis</span> <span class='ocrx_word' id='word_1_105' title='bbox 727 807 881 831; x_wconf 82' lang='lat' dir='ltr'>camerae</span> <span class='ocrx_word' id='word_1_106' title='bbox 908 797 1000 840; x_wconf 88' lang='lat' dir='ltr'>(eius</span> <span class='ocrx_word' id='word_1_107' title='bbox 1017 798 1126 832; x_wconf 70' lang='lat' dir='ltr'>curiae</span> <span class='ocrx_word' id='word_1_108' title='bbox 1144 798 1318 833; x_wconf 82' lang='lat' dir='ltr'>Romanae</span> <span class='ocrx_word' id='word_1_109' title='bbox 1344 798 1468 841; x_wconf 85' lang='lat' dir='ltr'>officii,</span> <span class='ocrx_word' id='word_1_110' title='bbox 1495 799 1554 833; x_wconf 90' lang='lat' dir='ltr'>cui</span> <span class='ocrx_word' id='word_1_111' title='bbox 1571 799 1758 833; x_wconf 88' lang='lat' dir='ltr'>redituum</span> 
     </span>
     <span class='ocr_line' id='line_1_12' title="bbox 130 851 1757 898; baseline 0.003 -13"><span class='ocrx_word' id='word_1_112' title='bbox 130 851 227 885; x_wconf 83' lang='lat' dir='ltr'>sedis</span> <span class='ocrx_word' id='word_1_113' title='bbox 250 852 463 896; x_wconf 66' lang='lat' dir='ltr'>apostolicae</span> <span class='ocrx_word' id='word_1_114' title='bbox 488 863 577 886; x_wconf 87' lang='lat' dir='ltr'>cura</span> <span class='ocrx_word' id='word_1_115' title='bbox 600 852 796 896; x_wconf 86' lang='lat' dir='ltr'>incumbit)</span> <span class='ocrx_word' id='word_1_116' title='bbox 821 854 971 897; x_wconf 80' lang='lat' dir='ltr'>proprie</span> <span class='ocrx_word' id='word_1_117' title='bbox 996 854 1033 887; x_wconf 92' lang='lat' dir='ltr'>in</span> <span class='ocrx_word' id='word_1_118' title='bbox 1059 864 1121 888; x_wconf 89' lang='lat' dir='ltr'>eos</span> <span class='ocrx_word' id='word_1_119' title='bbox 1145 853 1209 897; x_wconf 87' lang='lat' dir='ltr'>qui</span> <span class='ocrx_word' id='word_1_120' title='bbox 1232 855 1399 888; x_wconf 86' lang='lat' dir='ltr'>mutuam</span> <span class='ocrx_word' id='word_1_121' title='bbox 1424 854 1621 898; x_wconf 90' lang='lat' dir='ltr'>pecuniam</span> <span class='ocrx_word' id='word_1_122' title='bbox 1647 855 1757 890; x_wconf 84' lang='lat' dir='ltr'>debe—</span> 
     </span>
     <span class='ocr_line' id='line_1_13' title="bbox 130 908 1756 954; baseline 0.002 -14"><span class='ocrx_word' id='word_1_123' title='bbox 130 908 215 941; x_wconf 90' lang='lat' dir='ltr'>rent</span> <span class='ocrx_word' id='word_1_124' title='bbox 239 908 317 951; x_wconf 87' lang='lat' dir='ltr'>(qui</span> <span class='ocrx_word' id='word_1_125' title='bbox 341 918 378 941; x_wconf 85' lang='lat' dir='ltr'>se</span> <span class='ocrx_word' id='word_1_126' title='bbox 405 908 616 953; x_wconf 74' lang='lat' dir='ltr'>obligarent</span> <span class='ocrx_word' id='word_1_127' title='bbox 640 909 808 943; x_wconf 85' lang='lat' dir='ltr'>mutuam</span> <span class='ocrx_word' id='word_1_128' title='bbox 842 909 1040 953; x_wconf 88' lang='lat' dir='ltr'>pecuniam</span> <span class='ocrx_word' id='word_1_129' title='bbox 1066 909 1190 952; x_wconf 87' lang='lat' dir='ltr'>danti)</span> <span class='ocrx_word' id='word_1_130' title='bbox 1226 909 1435 944; x_wconf 86' lang='lat' dir='ltr'>constitutis</span> <span class='ocrx_word' id='word_1_131' title='bbox 1464 910 1557 943; x_wconf 85' lang='lat' dir='ltr'>nihil</span> <span class='ocrx_word' id='word_1_132' title='bbox 1582 910 1756 954; x_wconf 81' lang='lat' dir='ltr'>equidem</span> 
     </span>
     <span class='ocr_line' id='line_1_14' title="bbox 131 962 1757 1011; baseline 0.002 -15"><span class='ocrx_word' id='word_1_133' title='bbox 131 962 259 1005; x_wconf 85' lang='lat' dir='ltr'>didici3</span> <span class='ocrx_word' id='word_1_134' title='bbox 297 963 362 997; x_wconf 82' lang='lat' dir='ltr'>sed</span> <span class='ocrx_word' id='word_1_135' title='bbox 392 963 713 998; x_wconf 86' lang='lat' dir='ltr'>Unckebunckum</span> <span class='ocrx_word' id='word_1_136' title='bbox 749 976 795 1000; x_wconf 89' lang='lat' dir='ltr'>ne</span> <span class='ocrx_word' id='word_1_137' title='bbox 827 965 1010 999; x_wconf 84' lang='lat' dir='ltr'>vocabula</span> <span class='ocrx_word' id='word_1_138' title='bbox 1039 965 1191 1008; x_wconf 87' lang='lat' dir='ltr'>quidem</span> <span class='ocrx_word' id='word_1_139' title='bbox 1227 964 1316 998; x_wconf 89' lang='lat' dir='ltr'>iuris</span> <span class='ocrx_word' id='word_1_140' title='bbox 1346 965 1629 1010; x_wconf 70' lang='lat' dir='ltr'>intellegentem</span> <span class='ocrx_word' id='word_1_141' title='bbox 1667 966 1757 1011; x_wconf 88' lang='lat' dir='ltr'>fingi</span> 
     </span>
     <span class='ocr_line' id='line_1_15' title="bbox 131 1018 1757 1065; baseline 0.002 -13"><span class='ocrx_word' id='word_1_142' title='bbox 131 1018 241 1053; x_wconf 88' lang='lat' dir='ltr'>docet</span> <span class='ocrx_word' id='word_1_143' title='bbox 265 1019 364 1063; x_wconf 89' lang='lat' dir='ltr'>quod</span> <span class='ocrx_word' id='word_1_144' title='bbox 383 1020 551 1063; x_wconf 87' lang='lat' dir='ltr'>sequitur</span> <span class='ocrx_word' id='word_1_145' title='bbox 577 1021 930 1055; x_wconf 81' lang='lat' dir='ltr'>‘accommodando⁷</span> <span class='ocrx_word' id='word_1_146' title='bbox 956 1032 1023 1065; x_wconf 92' lang='lat' dir='ltr'>pro</span> <span class='ocrx_word' id='word_1_147' title='bbox 1051 1021 1198 1055; x_wconf 91' lang='lat' dir='ltr'>‘mutuo</span> <span class='ocrx_word' id='word_1_148' title='bbox 1216 1020 1432 1055; x_wconf 76' lang='lat' dir='ltr'>sumendo⁷2</span> <span class='ocrx_word' id='word_1_149' title='bbox 1458 1021 1585 1065; x_wconf 87' lang='lat' dir='ltr'>itaque</span> <span class='ocrx_word' id='word_1_150' title='bbox 1603 1022 1757 1056; x_wconf 86' lang='lat' dir='ltr'>fortasse</span> 
     </span>
     <span class='ocr_line' id='line_1_16' title="bbox 129 1075 1757 1120; baseline 0.003 -13"><span class='ocrx_word' id='word_1_151' title='bbox 129 1084 238 1108; x_wconf 87' lang='lat' dir='ltr'>verus</span> <span class='ocrx_word' id='word_1_152' title='bbox 263 1075 428 1119; x_wconf 72' lang='lat' dir='ltr'>epistolae</span> <span class='ocrx_word' id='word_1_153' title='bbox 453 1076 582 1110; x_wconf 85' lang='lat' dir='ltr'>auctor</span> <span class='ocrx_word' id='word_1_154' title='bbox 607 1077 655 1120; x_wconf 78' lang='lat' dir='ltr'>(is</span> <span class='ocrx_word' id='word_1_155' title='bbox 681 1078 806 1111; x_wconf 88' lang='lat' dir='ltr'>autem</span> <span class='ocrx_word' id='word_1_156' title='bbox 833 1078 888 1111; x_wconf 86' lang='lat' dir='ltr'>est</span> <span class='ocrx_word' id='word_1_157' title='bbox 912 1076 976 1120; x_wconf 88' lang='lat' dir='ltr'>qui</span> <span class='ocrx_word' id='word_1_158' title='bbox 1000 1076 1205 1111; x_wconf 81' lang='lat' dir='ltr'>Bononiam</span> <span class='ocrx_word' id='word_1_159' title='bbox 1236 1077 1405 1111; x_wconf 87' lang='lat' dir='ltr'>abiverat</span> <span class='ocrx_word' id='word_1_160' title='bbox 1435 1077 1482 1111; x_wconf 88' lang='lat' dir='ltr'>ad</span> <span class='ocrx_word' id='word_1_161' title='bbox 1506 1077 1669 1112; x_wconf 88' lang='lat' dir='ltr'>fiendum</span> <span class='ocrx_word' id='word_1_162' title='bbox 1695 1078 1757 1112; x_wconf 90' lang='lat' dir='ltr'>do-</span> 
     </span>
     <span class='ocr_line' id='line_1_17' title="bbox 131 1130 1757 1174; baseline 0.002 -11"><span class='ocrx_word' id='word_1_163' title='bbox 131 1131 210 1164; x_wconf 87' lang='lat' dir='ltr'>ctor</span> <span class='ocrx_word' id='word_1_164' title='bbox 233 1130 343 1174; x_wconf 85' lang='lat' dir='ltr'>iuris)</span> <span class='ocrx_word' id='word_1_165' title='bbox 375 1131 480 1165; x_wconf 90' lang='lat' dir='ltr'>illum</span> <span class='ocrx_word' id='word_1_166' title='bbox 511 1132 793 1167; x_wconf 86' lang='lat' dir='ltr'>usitatissimum</span> <span class='ocrx_word' id='word_1_167' title='bbox 820 1134 1009 1167; x_wconf 85' lang='lat' dir='ltr'>‘camerae&#39;</span> <span class='ocrx_word' id='word_1_168' title='bbox 1042 1133 1267 1167; x_wconf 85' lang='lat' dir='ltr'>vocabulum</span> <span class='ocrx_word' id='word_1_169' title='bbox 1299 1133 1523 1167; x_wconf 84' lang='lat' dir='ltr'>confundere</span> <span class='ocrx_word' id='word_1_170' title='bbox 1554 1134 1644 1168; x_wconf 88' lang='lat' dir='ltr'>fecit</span> <span class='ocrx_word' id='word_1_171' title='bbox 1674 1145 1757 1167; x_wconf 88' lang='lat' dir='ltr'>cum</span> 
     </span>
     <span class='ocr_line' id='line_1_18' title="bbox 129 1187 1757 1233; baseline 0.002 -13"><span class='ocrx_word' id='word_1_172' title='bbox 129 1187 251 1220; x_wconf 89' lang='lat' dir='ltr'>minus</span> <span class='ocrx_word' id='word_1_173' title='bbox 281 1187 427 1232; x_wconf 88' lang='lat' dir='ltr'>vulgari</span> <span class='ocrx_word' id='word_1_174' title='bbox 460 1188 645 1222; x_wconf 72' lang='lat' dir='ltr'>‘cambiae’</span> <span class='ocrx_word' id='word_1_175' title='bbox 678 1189 754 1223; x_wconf 86' lang='lat' dir='ltr'>sive</span> <span class='ocrx_word' id='word_1_176' title='bbox 789 1188 1021 1224; x_wconf 87' lang='lat' dir='ltr'>‘camiariae’.</span> <span class='ocrx_word' id='word_1_177' title='bbox 1053 1188 1118 1232; x_wconf 79' lang='lat' dir='ltr'>(cf.</span> <span class='ocrx_word' id='word_1_178' title='bbox 1136 1188 1313 1233; x_wconf 86' lang='lat' dir='ltr'>Ducange</span> <span class='ocrx_word' id='word_1_179' title='bbox 1339 1200 1439 1223; x_wconf 85' lang='lat' dir='ltr'>vocc.</span> <span class='ocrx_word' id='word_1_180' title='bbox 1457 1188 1626 1232; x_wconf 84' lang='lat' dir='ltr'>Cambia,</span> <span class='ocrx_word' id='word_1_181' title='bbox 1654 1189 1757 1224; x_wconf 86' lang='lat' dir='ltr'>Cam-</span> 
     </span>
     <span class='ocr_line' id='line_1_19' title="bbox 129 1242 1757 1289; baseline 0.002 -13"><span class='ocrx_word' id='word_1_182' title='bbox 129 1243 248 1285; x_wconf 85' lang='lat' dir='ltr'>biare,</span> <span class='ocrx_word' id='word_1_183' title='bbox 282 1242 492 1286; x_wconf 87' lang='lat' dir='ltr'>Cambium,</span> <span class='ocrx_word' id='word_1_184' title='bbox 527 1243 721 1289; x_wconf 85' lang='lat' dir='ltr'>Camiare.)</span> <span class='ocrx_word' id='word_1_185' title='bbox 751 1245 820 1279; x_wconf 93' lang='lat' dir='ltr'>hoc</span> <span class='ocrx_word' id='word_1_186' title='bbox 856 1245 989 1289; x_wconf 85' lang='lat' dir='ltr'>liquet,</span> <span class='ocrx_word' id='word_1_187' title='bbox 1028 1244 1245 1278; x_wconf 88' lang='lat' dir='ltr'>clericulum</span> <span class='ocrx_word' id='word_1_188' title='bbox 1277 1244 1464 1279; x_wconf 78' lang='lat' dir='ltr'>‘habuisse</span> <span class='ocrx_word' id='word_1_189' title='bbox 1495 1245 1533 1278; x_wconf 92' lang='lat' dir='ltr'>in</span> <span class='ocrx_word' id='word_1_190' title='bbox 1564 1245 1757 1280; x_wconf 85' lang='lat' dir='ltr'>voluntate</span> 
     </span>
     <span class='ocr_line' id='line_1_20' title="bbox 130 1298 1757 1344; baseline 0.002 -12"><span class='ocrx_word' id='word_1_191' title='bbox 130 1298 230 1342; x_wconf 89' lang='lat' dir='ltr'>quod</span> <span class='ocrx_word' id='word_1_192' title='bbox 261 1298 397 1333; x_wconf 88' lang='lat' dir='ltr'>voluit’</span> <span class='ocrx_word' id='word_1_193' title='bbox 424 1310 446 1333; x_wconf 90' lang='lat' dir='ltr'>a</span> <span class='ocrx_word' id='word_1_194' title='bbox 476 1310 667 1344; x_wconf 84' lang='lat' dir='ltr'>campsore</span> <span class='ocrx_word' id='word_1_195' title='bbox 701 1300 788 1334; x_wconf 87' lang='lat' dir='ltr'>dato</span> <span class='ocrx_word' id='word_1_196' title='bbox 820 1300 964 1335; x_wconf 87' lang='lat' dir='ltr'>cambio</span> <span class='ocrx_word' id='word_1_197' title='bbox 995 1300 1090 1334; x_wconf 88' lang='lat' dir='ltr'>sicco</span> <span class='ocrx_word' id='word_1_198' title='bbox 1122 1300 1212 1334; x_wconf 86' lang='lat' dir='ltr'>duos</span> <span class='ocrx_word' id='word_1_199' title='bbox 1243 1300 1401 1334; x_wconf 89' lang='lat' dir='ltr'>florenos</span> <span class='ocrx_word' id='word_1_200' title='bbox 1431 1302 1603 1335; x_wconf 88' lang='lat' dir='ltr'>mutuari.</span> <span class='ocrx_word' id='word_1_201' title='bbox 1654 1301 1757 1335; x_wconf 84' lang='lat' dir='ltr'>Sum—</span> 
     </span>
     <span class='ocr_line' id='line_1_21' title="bbox 128 1348 1755 1400; baseline 0.002 -13"><span class='ocrx_word' id='word_1_202' title='bbox 128 1354 230 1388; x_wconf 86' lang='lat' dir='ltr'>mula</span> <span class='ocrx_word' id='word_1_203' title='bbox 254 1354 406 1389; x_wconf 81' lang='lat' dir='ltr'>confess.</span> <span class='ocrx_word' id='word_1_204' title='bbox 424 1354 603 1390; x_wconf 72' lang='lat' dir='ltr'>Antonini</span> <span class='ocrx_word' id='word_1_205' title='bbox 628 1355 723 1390; x_wconf 85' lang='lat' dir='ltr'>Flor.</span> <span class='ocrx_word' id='word_1_206' title='bbox 743 1367 771 1390; x_wconf 90' lang='lat' dir='ltr'>c.</span> <span class='ocrx_word' id='word_1_207' title='bbox 791 1361 844 1391; x_wconf 88' lang='lat'>43.</span> <span class='ocrx_word' id='word_1_208' title='bbox 871 1356 950 1398; x_wconf 89' lang='lat' dir='ltr'>„De</span> <span class='ocrx_word' id='word_1_209' title='bbox 976 1348 1129 1390; x_wconf 83' lang='lat' dir='ltr'>cambiis</span> <span class='ocrx_word' id='word_1_210' title='bbox 1148 1383 1157 1391; x_wconf 92' lang='lat'>.</span> <span class='ocrx_word' id='word_1_211' title='bbox 1172 1383 1178 1389; x_wconf 92' lang='lat'>.</span> <span class='ocrx_word' id='word_1_212' title='bbox 1195 1383 1202 1391; x_wconf 92' lang='lat'>.</span> <span class='ocrx_word' id='word_1_213' title='bbox 1234 1356 1271 1390; x_wconf 84' lang='lat' dir='ltr'>Si</span> <span class='ocrx_word' id='word_1_214' title='bbox 1296 1356 1385 1390; x_wconf 87' lang='lat' dir='ltr'>fecit</span> <span class='ocrx_word' id='word_1_215' title='bbox 1410 1356 1557 1390; x_wconf 87' lang='lat' dir='ltr'>cambia</span> <span class='ocrx_word' id='word_1_216' title='bbox 1581 1368 1653 1400; x_wconf 88' lang='lat' dir='ltr'>que</span> <span class='ocrx_word' id='word_1_217' title='bbox 1679 1357 1755 1391; x_wconf 86' lang='lat' dir='ltr'>vul-</span> 
     </span>
     <span class='ocr_line' id='line_1_22' title="bbox 129 1410 1759 1456; baseline 0.002 -13"><span class='ocrx_word' id='word_1_218' title='bbox 129 1410 269 1455; x_wconf 83' lang='lat' dir='ltr'>gariter</span> <span class='ocrx_word' id='word_1_219' title='bbox 299 1410 473 1444; x_wconf 88' lang='lat' dir='ltr'>dicuntur</span> <span class='ocrx_word' id='word_1_220' title='bbox 504 1411 617 1453; x_wconf 86' lang='lat' dir='ltr'>sicca,</span> <span class='ocrx_word' id='word_1_221' title='bbox 656 1412 698 1444; x_wconf 89' lang='lat' dir='ltr'>ut</span> <span class='ocrx_word' id='word_1_222' title='bbox 727 1422 795 1455; x_wconf 89' lang='lat' dir='ltr'>per</span> <span class='ocrx_word' id='word_1_223' title='bbox 824 1411 987 1446; x_wconf 80' lang='lat' dir='ltr'>Venetos</span> <span class='ocrx_word' id='word_1_224' title='bbox 1017 1423 1039 1445; x_wconf 84' lang='lat' dir='ltr'>a</span> <span class='ocrx_word' id='word_1_225' title='bbox 1068 1412 1162 1445; x_wconf 86' lang='lat' dir='ltr'>libre</span> <span class='ocrx_word' id='word_1_226' title='bbox 1194 1412 1240 1445; x_wconf 90' lang='lat' dir='ltr'>de</span> <span class='ocrx_word' id='word_1_227' title='bbox 1271 1412 1413 1456; x_wconf 82' lang='lat' dir='ltr'>grossi:</span> <span class='ocrx_word' id='word_1_228' title='bbox 1433 1423 1544 1446; x_wconf 86' lang='lat' dir='ltr'>usura</span> <span class='ocrx_word' id='word_1_229' title='bbox 1575 1413 1640 1446; x_wconf 89' lang='lat' dir='ltr'>est.</span> <span class='ocrx_word' id='word_1_230' title='bbox 1671 1413 1759 1456; x_wconf 82' lang='lat' dir='ltr'>quia</span> 
     </span>
     <span class='ocr_line' id='line_1_23' title="bbox 128 1465 1757 1512; baseline 0.002 -13"><span class='ocrx_word' id='word_1_231' title='bbox 128 1465 281 1500; x_wconf 72' lang='lat' dir='ltr'>realiter</span> <span class='ocrx_word' id='word_1_232' title='bbox 306 1467 361 1500; x_wconf 86' lang='lat' dir='ltr'>est</span> <span class='ocrx_word' id='word_1_233' title='bbox 384 1466 436 1500; x_wconf 85' lang='lat' dir='ltr'>ibi</span> <span class='ocrx_word' id='word_1_234' title='bbox 460 1468 631 1501; x_wconf 86' lang='lat' dir='ltr'>mutuum</span> <span class='ocrx_word' id='word_1_235' title='bbox 656 1467 721 1501; x_wconf 88' lang='lat' dir='ltr'>sed</span> <span class='ocrx_word' id='word_1_236' title='bbox 739 1467 805 1501; x_wconf 79' lang='lat' dir='ltr'>sub</span> <span class='ocrx_word' id='word_1_237' title='bbox 831 1479 895 1512; x_wconf 88' lang='lat' dir='ltr'>spe</span> <span class='ocrx_word' id='word_1_238' title='bbox 920 1467 1024 1501; x_wconf 80' lang='lat' dir='ltr'>lucri.</span> <span class='ocrx_word' id='word_1_239' title='bbox 1049 1467 1119 1501; x_wconf 88' lang='lat' dir='ltr'>hoc</span> <span class='ocrx_word' id='word_1_240' title='bbox 1135 1467 1395 1511; x_wconf 77' lang='lat' dir='ltr'>frequentatur</span> <span class='ocrx_word' id='word_1_241' title='bbox 1419 1467 1650 1502; x_wconf 80' lang='lat' dir='ltr'>Florentie“.</span> <span class='ocrx_word' id='word_1_242' title='bbox 1687 1468 1757 1502; x_wconf 85' lang='lat' dir='ltr'>Ita-</span> 
     </span>
     <span class='ocr_line' id='line_1_24' title="bbox 129 1521 1757 1567; baseline 0.001 -11"><span class='ocrx_word' id='word_1_243' title='bbox 129 1533 201 1566; x_wconf 85' lang='lat' dir='ltr'>que</span> <span class='ocrx_word' id='word_1_244' title='bbox 226 1522 356 1556; x_wconf 89' lang='lat' dir='ltr'>mutuo</span> <span class='ocrx_word' id='word_1_245' title='bbox 382 1521 534 1556; x_wconf 86' lang='lat' dir='ltr'>dantem</span> <span class='ocrx_word' id='word_1_246' title='bbox 558 1522 596 1556; x_wconf 92' lang='lat' dir='ltr'>in</span> <span class='ocrx_word' id='word_1_247' title='bbox 615 1523 754 1557; x_wconf 82' lang='lat' dir='ltr'>crimen</span> <span class='ocrx_word' id='word_1_248' title='bbox 780 1523 955 1557; x_wconf 70' lang='lat' dir='ltr'>usurariae</span> <span class='ocrx_word' id='word_1_249' title='bbox 980 1522 1177 1567; x_wconf 85' lang='lat' dir='ltr'>pravitatis</span> <span class='ocrx_word' id='word_1_250' title='bbox 1204 1523 1337 1557; x_wconf 84' lang='lat' dir='ltr'>‘instar</span> <span class='ocrx_word' id='word_1_251' title='bbox 1360 1523 1469 1557; x_wconf 85' lang='lat' dir='ltr'>furti&#39;</span> <span class='ocrx_word' id='word_1_252' title='bbox 1494 1523 1657 1558; x_wconf 84' lang='lat' dir='ltr'>incidere</span> <span class='ocrx_word' id='word_1_253' title='bbox 1683 1535 1757 1558; x_wconf 89' lang='lat' dir='ltr'>ma-</span> 
     </span>
     <span class='ocr_line' id='line_1_25' title="bbox 128 1577 1757 1623; baseline 0.001 -12"><span class='ocrx_word' id='word_1_254' title='bbox 128 1577 305 1612; x_wconf 87' lang='lat' dir='ltr'>nifestum</span> <span class='ocrx_word' id='word_1_255' title='bbox 323 1579 378 1612; x_wconf 88' lang='lat' dir='ltr'>est</span> <span class='ocrx_word' id='word_1_256' title='bbox 403 1579 446 1622; x_wconf 87' lang='lat' dir='ltr'>(c.</span> <span class='ocrx_word' id='word_1_257' title='bbox 466 1582 518 1613; x_wconf 90' lang='lat'>10.</span> <span class='ocrx_word' id='word_1_258' title='bbox 537 1582 588 1613; x_wconf 90' lang='lat'>11.</span> <span class='ocrx_word' id='word_1_259' title='bbox 608 1578 644 1614; x_wconf 85' lang='lat' dir='ltr'>C.</span> <span class='ocrx_word' id='word_1_260' title='bbox 662 1579 741 1613; x_wconf 85' lang='lat' dir='ltr'>XII.</span> <span class='ocrx_word' id='word_1_261' title='bbox 761 1592 794 1623; x_wconf 83' lang='lat' dir='ltr'>q.</span> <span class='ocrx_word' id='word_1_262' title='bbox 813 1581 871 1623; x_wconf 79' lang='lat'>5.),</span> <span class='ocrx_word' id='word_1_263' title='bbox 897 1579 963 1613; x_wconf 88' lang='lat' dir='ltr'>sed</span> <span class='ocrx_word' id='word_1_264' title='bbox 980 1578 1183 1613; x_wconf 89' lang='lat' dir='ltr'>secundum</span> <span class='ocrx_word' id='word_1_265' title='bbox 1208 1578 1332 1613; x_wconf 89' lang='lat' dir='ltr'>Innoc.</span> <span class='ocrx_word' id='word_1_266' title='bbox 1351 1578 1413 1612; x_wconf 86' lang='grc' dir='ltr'><strong>ΙΙΙ.</strong></span> <span class='ocrx_word' id='word_1_267' title='bbox 1432 1590 1460 1612; x_wconf 88' lang='lat' dir='ltr'>c.</span> <span class='ocrx_word' id='word_1_268' title='bbox 1475 1582 1529 1613; x_wconf 82' lang='lat'>20.</span> <span class='ocrx_word' id='word_1_269' title='bbox 1546 1578 1588 1613; x_wconf 88' lang='lat' dir='ltr'>X.</span> <span class='ocrx_word' id='word_1_270' title='bbox 1607 1579 1652 1613; x_wconf 90' lang='lat' dir='ltr'>de</span> <span class='ocrx_word' id='word_1_271' title='bbox 1678 1579 1757 1613; x_wconf 86' lang='lat' dir='ltr'>iure</span> 
     </span>
     <span class='ocr_line' id='line_1_26' title="bbox 128 1633 1758 1680; baseline 0.001 -13"><span class='ocrx_word' id='word_1_272' title='bbox 128 1633 285 1668; x_wconf 87' lang='lat' dir='ltr'>iurando</span> <span class='ocrx_word' id='word_1_273' title='bbox 309 1638 341 1676; x_wconf 81' lang='lat'>2,</span> <span class='ocrx_word' id='word_1_274' title='bbox 359 1643 402 1668; x_wconf 81' lang='lat'>24.</span> <span class='ocrx_word' id='word_1_275' title='bbox 421 1634 534 1668; x_wconf 81' lang='lat' dir='ltr'>etiam</span> <span class='ocrx_word' id='word_1_276' title='bbox 559 1634 747 1670; x_wconf 83' lang='lat' dir='ltr'>debitores</span> <span class='ocrx_word' id='word_1_277' title='bbox 777 1635 844 1669; x_wconf 90' lang='lat' dir='ltr'>sub</span> <span class='ocrx_word' id='word_1_278' title='bbox 869 1646 991 1680; x_wconf 88' lang='lat' dir='ltr'>poena</span> <span class='ocrx_word' id='word_1_279' title='bbox 1016 1634 1407 1669; x_wconf 81' lang='lat' dir='ltr'>excommunicationis</span> <span class='ocrx_word' id='word_1_280' title='bbox 1432 1635 1479 1668; x_wconf 86' lang='lat' dir='ltr'>ad</span> <span class='ocrx_word' id='word_1_281' title='bbox 1503 1635 1758 1669; x_wconf 87' lang='lat' dir='ltr'>testimonium</span> 
     </span>
     <span class='ocr_line' id='line_1_27' title="bbox 129 1690 1756 1736; baseline 0.001 -13"><span class='ocrx_word' id='word_1_282' title='bbox 129 1690 174 1724; x_wconf 90' lang='lat' dir='ltr'>de</span> <span class='ocrx_word' id='word_1_283' title='bbox 200 1690 394 1724; x_wconf 86' lang='lat' dir='ltr'>commisso</span> <span class='ocrx_word' id='word_1_284' title='bbox 412 1690 565 1725; x_wconf 89' lang='lat' dir='ltr'>crimine</span> <span class='ocrx_word' id='word_1_285' title='bbox 582 1691 846 1735; x_wconf 87' lang='lat' dir='ltr'>proferendum</span> <span class='ocrx_word' id='word_1_286' title='bbox 864 1691 1064 1736; x_wconf 78' lang='lat' dir='ltr'>coguntur3</span> <span class='ocrx_word' id='word_1_287' title='bbox 1091 1702 1202 1734; x_wconf 89' lang='lat' dir='ltr'>quam</span> <span class='ocrx_word' id='word_1_288' title='bbox 1226 1691 1353 1725; x_wconf 85' lang='lat' dir='ltr'>tamen</span> <span class='ocrx_word' id='word_1_289' title='bbox 1380 1693 1556 1736; x_wconf 88' lang='lat' dir='ltr'>‘poenam</span> <span class='ocrx_word' id='word_1_290' title='bbox 1582 1692 1756 1725; x_wconf 84' lang='lat' dir='ltr'>camerae&#39;</span> 
     </span>
     <span class='ocr_line' id='line_1_28' title="bbox 128 1746 1757 1792; baseline 0.001 -13"><span class='ocrx_word' id='word_1_291' title='bbox 128 1756 249 1789; x_wconf 89' lang='lat' dir='ltr'>neque</span> <span class='ocrx_word' id='word_1_292' title='bbox 273 1746 574 1781; x_wconf 85' lang='lat' dir='ltr'>Unckebunckus</span> <span class='ocrx_word' id='word_1_293' title='bbox 607 1746 855 1790; x_wconf 87' lang='lat' dir='ltr'>adpellaverit</span> <span class='ocrx_word' id='word_1_294' title='bbox 873 1747 1026 1791; x_wconf 80' lang='lat' dir='ltr'>,itaque</span> <span class='ocrx_word' id='word_1_295' title='bbox 1058 1747 1117 1781; x_wconf 91' lang='lat' dir='ltr'>hic</span> <span class='ocrx_word' id='word_1_296' title='bbox 1143 1748 1334 1781; x_wconf 87' lang='lat' dir='ltr'>‘camerae&#39;</span> <span class='ocrx_word' id='word_1_297' title='bbox 1362 1748 1427 1781; x_wconf 89' lang='lat' dir='ltr'>aut</span> <span class='ocrx_word' id='word_1_298' title='bbox 1458 1758 1525 1792; x_wconf 88' lang='lat' dir='ltr'>pro</span> <span class='ocrx_word' id='word_1_299' title='bbox 1552 1748 1757 1782; x_wconf 60' lang='lat' dir='ltr'>‘camenae&#39;</span> 
     </span>
     <span class='ocr_line' id='line_1_29' title="bbox 129 1802 1585 1847; baseline 0.001 -12"><span class='ocrx_word' id='word_1_300' title='bbox 129 1802 264 1846; x_wconf 88' lang='lat' dir='ltr'>posuit,</span> <span class='ocrx_word' id='word_1_301' title='bbox 291 1803 356 1836; x_wconf 87' lang='lat' dir='ltr'>aut</span> <span class='ocrx_word' id='word_1_302' title='bbox 381 1803 571 1836; x_wconf 81' lang='lat' dir='ltr'>‘carceris&#39;</span> <span class='ocrx_word' id='word_1_303' title='bbox 598 1813 720 1847; x_wconf 87' lang='lat' dir='ltr'>poena</span> <span class='ocrx_word' id='word_1_304' title='bbox 745 1802 1020 1846; x_wconf 79' lang='lat' dir='ltr'>(Wechselhaft)</span> <span class='ocrx_word' id='word_1_305' title='bbox 1048 1802 1125 1836; x_wconf 86' lang='lat' dir='ltr'>eius</span> <span class='ocrx_word' id='word_1_306' title='bbox 1150 1802 1273 1836; x_wconf 88' lang='lat' dir='ltr'>animo</span> <span class='ocrx_word' id='word_1_307' title='bbox 1299 1803 1496 1837; x_wconf 85' lang='lat' dir='ltr'>obversata</span> <span class='ocrx_word' id='word_1_308' title='bbox 1520 1805 1585 1837; x_wconf 87' lang='lat' dir='ltr'>est.</span> 
     </span>
    </p>

    <p class='ocr_par' dir='ltr' id='par_1_6' title="bbox 39 1857 1758 2070">
     <span class='ocr_line' id='line_1_30' title="bbox 39 1857 1757 1904; baseline 0.001 -12"><span class='ocrx_word' id='word_1_309' title='bbox 39 1862 59 1892; x_wconf 88' lang='grc'><strong>9</strong></span> <span class='ocrx_word' id='word_1_310' title='bbox 85 1857 203 1904; x_wconf 64' lang='lat' dir='ltr'>(licere</span> <span class='ocrx_word' id='word_1_311' title='bbox 226 1858 433 1900; x_wconf 70' lang='lat' dir='ltr'>opinionem</span> <span class='ocrx_word' id='word_1_312' title='bbox 456 1859 514 1902; x_wconf 68' lang='lat' dir='ltr'>m]</span> <span class='ocrx_word' id='word_1_313' title='bbox 541 1859 765 1903; x_wconf 82' lang='lat' dir='ltr'>exprobrare</span> <span class='ocrx_word' id='word_1_314' title='bbox 800 1858 851 1893; x_wconf 85' lang='lat' dir='ltr'>eis</span> <span class='ocrx_word' id='word_1_315' title='bbox 875 1858 1071 1901; x_wconf 89' lang='lat' dir='ltr'>incuriam,</span> <span class='ocrx_word' id='word_1_316' title='bbox 1104 1858 1259 1902; x_wconf 87' lang='lat' dir='ltr'>impiam</span> <span class='ocrx_word' id='word_1_317' title='bbox 1282 1859 1573 1904; x_wconf 83' lang='lat' dir='ltr'>neglegentiam.</span> <span class='ocrx_word' id='word_1_318' title='bbox 1621 1859 1757 1893; x_wconf 85' lang='lat' dir='ltr'>Hodie-</span> 
     </span>
     <span class='ocr_line' id='line_1_31' title="bbox 128 1913 1756 1958; baseline 0.001 -11"><span class='ocrx_word' id='word_1_319' title='bbox 128 1924 200 1957; x_wconf 88' lang='lat' dir='ltr'>que</span> <span class='ocrx_word' id='word_1_320' title='bbox 225 1913 325 1958; x_wconf 88' lang='lat' dir='ltr'>apud</span> <span class='ocrx_word' id='word_1_321' title='bbox 349 1924 415 1948; x_wconf 88' lang='lat' dir='ltr'>nos</span> <span class='ocrx_word' id='word_1_322' title='bbox 447 1914 511 1957; x_wconf 89' lang='lat' dir='ltr'>qui</span> <span class='ocrx_word' id='word_1_323' title='bbox 543 1914 635 1948; x_wconf 88' lang='lat' dir='ltr'>dicit</span> <span class='ocrx_word' id='word_1_324' title='bbox 665 1914 878 1958; x_wconf 89' lang='lat' dir='ltr'>opinionem</span> <span class='ocrx_word' id='word_1_325' title='bbox 903 1925 1007 1948; x_wconf 89' lang='lat' dir='ltr'>suam</span> <span class='ocrx_word' id='word_1_326' title='bbox 1038 1914 1163 1956; x_wconf 84' lang='lat' dir='ltr'>alteri,</span> <span class='ocrx_word' id='word_1_327' title='bbox 1194 1914 1367 1948; x_wconf 86' lang='lat' dir='ltr'>iniuriam</span> <span class='ocrx_word' id='word_1_328' title='bbox 1401 1914 1435 1948; x_wconf 92' lang='lat' dir='ltr'>ei</span> <span class='ocrx_word' id='word_1_329' title='bbox 1460 1914 1564 1957; x_wconf 87' lang='lat' dir='ltr'>facit,</span> <span class='ocrx_word' id='word_1_330' title='bbox 1596 1915 1756 1949; x_wconf 84' lang='lat' dir='ltr'>maxime</span> 
     </span>
     <span class='ocr_line' id='line_1_32' title="bbox 127 1970 1758 2015; baseline 0.002 -12"><span class='ocrx_word' id='word_1_331' title='bbox 127 1980 233 2003; x_wconf 72' lang='lat' dir='ltr'>wmm</span> <span class='ocrx_word' id='word_1_332' title='bbox 264 1980 301 2004; x_wconf 82' lang='lat' dir='ltr'>er</span> <span class='ocrx_word' id='word_1_333' title='bbox 330 1970 403 2005; x_wconf 76' lang='lat' dir='ltr'>ihm</span> <span class='ocrx_word' id='word_1_334' title='bbox 432 1970 528 2004; x_wconf 76' lang='lat' dir='ltr'>‘recht</span> <span class='ocrx_word' id='word_1_335' title='bbox 566 1970 643 2004; x_wconf 85' lang='lat' dir='ltr'>sive</span> <span class='ocrx_word' id='word_1_336' title='bbox 682 1970 767 2004; x_wconf 76' lang='lat' dir='ltr'>derb</span> <span class='ocrx_word' id='word_1_337' title='bbox 802 1970 879 2004; x_wconf 86' lang='lat' dir='ltr'>sive</span> <span class='ocrx_word' id='word_1_338' title='bbox 917 1971 1054 2015; x_wconf 58' lang='lat' dir='ltr'>toeiclstiq</span> <span class='ocrx_word' id='word_1_339' title='bbox 1088 1971 1187 2005; x_wconf 73' lang='lat' dir='ltr'>scine</span> <span class='ocrx_word' id='word_1_340' title='bbox 1216 1970 1399 2014; x_wconf 73' lang='lat' dir='ltr'>Meiwemgy</span> <span class='ocrx_word' id='word_1_341' title='bbox 1435 1970 1516 2013; x_wconf 88' lang='lat' dir='ltr'>(vel</span> <span class='ocrx_word' id='word_1_342' title='bbox 1553 1971 1666 2005; x_wconf 90' lang='lat' dir='ltr'>etiam</span> <span class='ocrx_word' id='word_1_343' title='bbox 1699 1971 1758 2006; x_wconf 80' lang='lat' dir='ltr'>die</span> 
     </span>
     <span class='ocr_line' id='line_1_33' title="bbox 132 2024 450 2070; baseline -0.006 -10"><span class='ocrx_word' id='word_1_344' title='bbox 132 2024 336 2069; x_wconf 75' lang='lat' dir='ltr'>Wahrhez&#39;t)</span> <span class='ocrx_word' id='word_1_345' title='bbox 360 2028 450 2070; x_wconf 69' lang='lat' dir='ltr'>saqt.</span> 
     </span>
    </p>

    <p class='ocr_par' dir='ltr' id='par_1_7' title="bbox 40 2081 1756 2237">
     <span class='ocr_line' id='line_1_34' title="bbox 40 2081 1756 2127; baseline 0.001 -12"><span class='ocrx_word' id='word_1_346' title='bbox 40 2084 80 2116; x_wconf 89' lang='lat'>10</span> <span class='ocrx_word' id='word_1_347' title='bbox 103 2081 160 2116; x_wconf 78' lang='lat' dir='ltr'>ita</span> <span class='ocrx_word' id='word_1_348' title='bbox 183 2091 301 2126; x_wconf 64' lang='lat' dir='ltr'>grosse</span> <span class='ocrx_word' id='word_1_349' title='bbox 400 2083 560 2126; x_wconf 74' lang='lat' dir='ltr'>temyere]</span> <span class='ocrx_word' id='word_1_350' title='bbox 586 2082 869 2127; x_wconf 63' lang='lat' dir='ltr'>haudmez&#39;flieh,</span> <span class='ocrx_word' id='word_1_351' title='bbox 893 2092 931 2116; x_wconf 82' lang='lat' dir='ltr'>so</span> <span class='ocrx_word' id='word_1_352' title='bbox 956 2082 1041 2117; x_wconf 76' lang='lat' dir='ltr'>derb</span> <span class='ocrx_word' id='word_1_353' title='bbox 1067 2083 1144 2126; x_wconf 70' lang='lat' dir='ltr'>claſs?</span> <span class='ocrx_word' id='word_1_354' title='bbox 1166 2082 1250 2117; x_wconf 77' lang='lat' dir='ltr'>sie&#39;s</span> <span class='ocrx_word' id='word_1_355' title='bbox 1273 2086 1408 2125; x_wconf 70' lang='lat' dir='ltr'>spz&#39;cren</span> <span class='ocrx_word' id='word_1_356' title='bbox 1432 2083 1555 2117; x_wconf 69' lang='lat' dir='ltr'>sollen.</span> <span class='ocrx_word' id='word_1_357' title='bbox 1602 2083 1756 2127; x_wconf 85' lang='lat' dir='ltr'>Proprie</span> 
     </span>
     <span class='ocr_line' id='line_1_35' title="bbox 127 2136 1754 2183; baseline 0.001 -13"><span class='ocrx_word' id='word_1_358' title='bbox 127 2136 206 2171; x_wconf 80' lang='lat' dir='ltr'>haec</span> <span class='ocrx_word' id='word_1_359' title='bbox 232 2136 392 2181; x_wconf 87' lang='lat' dir='ltr'>‘opinio’</span> <span class='ocrx_word' id='word_1_360' title='bbox 418 2148 493 2172; x_wconf 90' lang='lat' dir='ltr'>non</span> <span class='ocrx_word' id='word_1_361' title='bbox 523 2138 639 2172; x_wconf 88' lang='lat' dir='ltr'>verba</span> <span class='ocrx_word' id='word_1_362' title='bbox 668 2138 733 2172; x_wconf 86' lang='lat' dir='ltr'>sed</span> <span class='ocrx_word' id='word_1_363' title='bbox 768 2138 926 2172; x_wconf 86' lang='lat' dir='ltr'>verbera</span> <span class='ocrx_word' id='word_1_364' title='bbox 955 2138 1093 2180; x_wconf 82' lang='lat' dir='ltr'>essent3</span> <span class='ocrx_word' id='word_1_365' title='bbox 1126 2138 1191 2172; x_wconf 82' lang='lat' dir='ltr'>sed</span> <span class='ocrx_word' id='word_1_366' title='bbox 1221 2138 1277 2172; x_wconf 87' lang='lat' dir='ltr'>ira</span> <span class='ocrx_word' id='word_1_367' title='bbox 1307 2138 1473 2182; x_wconf 87' lang='lat' dir='ltr'>pultroni</span> <span class='ocrx_word' id='word_1_368' title='bbox 1504 2138 1754 2183; x_wconf 86' lang='lat' dir='ltr'>extinguetur,</span> 
     </span>
     <span class='ocr_line' id='line_1_36' title="bbox 127 2192 914 2237; baseline 0.003 -11"><span class='ocrx_word' id='word_1_369' title='bbox 127 2192 192 2226; x_wconf 85' lang='lat' dir='ltr'>ubi</span> <span class='ocrx_word' id='word_1_370' title='bbox 216 2192 304 2226; x_wconf 86' lang='lat' dir='ltr'>satis</span> <span class='ocrx_word' id='word_1_371' title='bbox 327 2192 526 2237; x_wconf 87' lang='lat' dir='ltr'>impiarum</span> <span class='ocrx_word' id='word_1_372' title='bbox 551 2204 684 2228; x_wconf 84' lang='lat' dir='ltr'>vocum</span> <span class='ocrx_word' id='word_1_373' title='bbox 708 2194 914 2228; x_wconf 87' lang='lat' dir='ltr'>iactaverit.</span> 
     </span>
    </p>

    <p class='ocr_par' dir='ltr' id='par_1_8' title="bbox 40 2249 1733 2295">
     <span class='ocr_line' id='line_1_37' title="bbox 40 2249 1733 2295; baseline 0.002 -13"><span class='ocrx_word' id='word_1_374' title='bbox 40 2252 78 2282; x_wconf 91' lang='grc'>11</span> <span class='ocrx_word' id='word_1_375' title='bbox 104 2251 216 2283; x_wconf 68' lang='lat' dir='ltr'>‘natus</span> <span class='ocrx_word' id='word_1_376' title='bbox 238 2259 318 2292; x_wconf 75' lang='lat' dir='ltr'>sup.</span> <span class='ocrx_word' id='word_1_377' title='bbox 336 2249 424 2293; x_wconf 60' lang='lat' dir='ltr'>arb]</span> <span class='ocrx_word' id='word_1_378' title='bbox 451 2250 494 2283; x_wconf 89' lang='lat' dir='ltr'>ut</span> <span class='ocrx_word' id='word_1_379' title='bbox 516 2249 685 2284; x_wconf 86' lang='lat' dir='ltr'>volatilia</span> <span class='ocrx_word' id='word_1_380' title='bbox 709 2250 799 2292; x_wconf 85' lang='lat' dir='ltr'>caeli,</span> <span class='ocrx_word' id='word_1_381' title='bbox 826 2261 907 2293; x_wconf 86' lang='lat' dir='ltr'>quae</span> <span class='ocrx_word' id='word_1_382' title='bbox 932 2250 1088 2284; x_wconf 84' lang='lat' dir='ltr'>caelestis</span> <span class='ocrx_word' id='word_1_383' title='bbox 1111 2251 1220 2295; x_wconf 87' lang='lat' dir='ltr'>pater</span> <span class='ocrx_word' id='word_1_384' title='bbox 1243 2251 1371 2294; x_wconf 86' lang='lat' dir='ltr'>pascit.</span> <span class='ocrx_word' id='word_1_385' title='bbox 1404 2250 1447 2284; x_wconf 90' lang='lat' dir='ltr'>cf.</span> <span class='ocrx_word' id='word_1_386' title='bbox 1465 2250 1597 2284; x_wconf 89' lang='lat' dir='ltr'>Matth.</span> <span class='ocrx_word' id='word_1_387' title='bbox 1614 2263 1661 2285; x_wconf 89' lang='lat' dir='ltr'>v1.</span> <span class='ocrx_word' id='word_1_388' title='bbox 1679 2254 1733 2285; x_wconf 80' lang='lat'>26.</span> 
     </span>
    </p>

    <p class='ocr_par' dir='ltr' id='par_1_9' title="bbox 81 2305 1755 2396">
     <span class='ocr_line' id='line_1_38' title="bbox 81 2305 1755 2350; baseline 0.001 -11"><span class='ocrx_word' id='word_1_389' title='bbox 81 2305 136 2339; x_wconf 83' lang='lat' dir='ltr'>vel</span> <span class='ocrx_word' id='word_1_390' title='bbox 161 2305 265 2339; x_wconf 82' lang='lat' dir='ltr'>debeo</span> <span class='ocrx_word' id='word_1_391' title='bbox 285 2332 292 2339; x_wconf 94' lang='lat'>.</span> <span class='ocrx_word' id='word_1_392' title='bbox 308 2331 315 2340; x_wconf 89' lang='lat'>.</span> <span class='ocrx_word' id='word_1_393' title='bbox 331 2332 338 2340; x_wconf 93' lang='lat'>.</span> <span class='ocrx_word' id='word_1_394' title='bbox 357 2305 518 2350; x_wconf 73' lang='lat' dir='ltr'>animal]</span> <span class='ocrx_word' id='word_1_395' title='bbox 543 2305 566 2339; x_wconf 92' lang='lat' dir='ltr'>i.</span> <span class='ocrx_word' id='word_1_396' title='bbox 585 2316 614 2340; x_wconf 88' lang='lat' dir='ltr'>e.</span> <span class='ocrx_word' id='word_1_397' title='bbox 633 2305 760 2339; x_wconf 88' lang='lat' dir='ltr'>fenum</span> <span class='ocrx_word' id='word_1_398' title='bbox 785 2306 890 2349; x_wconf 86' lang='lat' dir='ltr'>quasi</span> <span class='ocrx_word' id='word_1_399' title='bbox 914 2306 980 2340; x_wconf 88' lang='lat' dir='ltr'>bos</span> <span class='ocrx_word' id='word_1_400' title='bbox 1005 2306 1223 2340; x_wconf 81' lang='lat' dir='ltr'>comedam?</span> <span class='ocrx_word' id='word_1_401' title='bbox 1273 2305 1325 2340; x_wconf 81' lang='lat' dir='ltr'>Cf.</span> <span class='ocrx_word' id='word_1_402' title='bbox 1350 2306 1414 2340; x_wconf 88' lang='lat' dir='ltr'>Iob</span> <span class='ocrx_word' id='word_1_403' title='bbox 1439 2319 1495 2341; x_wconf 69' lang='lat' dir='ltr'>x1..</span> <span class='ocrx_word' id='word_1_404' title='bbox 1516 2312 1565 2341; x_wconf 90' lang='lat'>10.</span> <span class='ocrx_word' id='word_1_405' title='bbox 1598 2306 1689 2341; x_wconf 85' lang='lat' dir='ltr'>Dan.</span> <span class='ocrx_word' id='word_1_406' title='bbox 1707 2320 1755 2341; x_wconf 90' lang='lat' dir='ltr'>1v.</span> 
     </span>
     <span class='ocr_line' id='line_1_39' title="bbox 127 2364 258 2396; baseline 0 -2"><span class='ocrx_word' id='word_1_407' title='bbox 127 2364 180 2394; x_wconf 81' lang='lat'>22.</span> <span class='ocrx_word' id='word_1_408' title='bbox 205 2365 258 2396; x_wconf 82' lang='lat'>29.</span> 
     </span>
    </p>

    <p class='ocr_par' dir='ltr' id='par_1_10' title="bbox 39 2417 1519 2463">
     <span class='ocr_line' id='line_1_40' title="bbox 39 2417 1519 2463; baseline 0.001 -12"><span class='ocrx_word' id='word_1_409' title='bbox 39 2420 80 2451; x_wconf 81' lang='lat'>12</span> <span class='ocrx_word' id='word_1_410' title='bbox 107 2420 138 2451; x_wconf 76' lang='lat' dir='ltr'>et</span> <span class='ocrx_word' id='word_1_411' title='bbox 161 2427 298 2460; x_wconf 72' lang='lat' dir='ltr'>semper</span> <span class='ocrx_word' id='word_1_412' title='bbox 321 2417 417 2452; x_wconf 77' lang='lat' dir='ltr'>m&#39;hil</span> <span class='ocrx_word' id='word_1_413' title='bbox 436 2445 444 2452; x_wconf 92' lang='lat'>.</span> <span class='ocrx_word' id='word_1_414' title='bbox 459 2445 466 2452; x_wconf 93' lang='lat'>.</span> <span class='ocrx_word' id='word_1_415' title='bbox 485 2418 578 2463; x_wconf 68' lang='lat' dir='ltr'>nisi]</span> <span class='ocrx_word' id='word_1_416' title='bbox 604 2429 725 2462; x_wconf 89' lang='lat' dir='ltr'>neque</span> <span class='ocrx_word' id='word_1_417' title='bbox 750 2429 915 2462; x_wconf 88' lang='lat' dir='ltr'>unquam</span> <span class='ocrx_word' id='word_1_418' title='bbox 940 2417 1012 2452; x_wconf 88' lang='lat' dir='ltr'>alio</span> <span class='ocrx_word' id='word_1_419' title='bbox 1038 2418 1119 2452; x_wconf 85' lang='lat' dir='ltr'>cibo</span> <span class='ocrx_word' id='word_1_420' title='bbox 1145 2419 1230 2453; x_wconf 86' lang='lat' dir='ltr'>utor</span> <span class='ocrx_word' id='word_1_421' title='bbox 1255 2430 1366 2463; x_wconf 88' lang='lat' dir='ltr'>quam</span> <span class='ocrx_word' id='word_1_422' title='bbox 1392 2418 1519 2453; x_wconf 86' lang='lat' dir='ltr'>salato.</span> 
     </span>
    </p>

    <p class='ocr_par' dir='ltr' id='par_1_11' title="bbox 40 2473 1769 2628">
     <span class='ocr_line' id='line_1_41' title="bbox 40 2473 1754 2519; baseline 0.002 -13"><span class='ocrx_word' id='word_1_423' title='bbox 40 2476 80 2507; x_wconf 89' lang='lat'>13</span> <span class='ocrx_word' id='word_1_424' title='bbox 104 2473 275 2517; x_wconf 63' lang='lat' dir='ltr'>scalatum]</span> <span class='ocrx_word' id='word_1_425' title='bbox 302 2483 324 2507; x_wconf 87' lang='lat' dir='ltr'>a</span> <span class='ocrx_word' id='word_1_426' title='bbox 347 2473 475 2516; x_wconf 84' lang='lat' dir='ltr'>salare,</span> <span class='ocrx_word' id='word_1_427' title='bbox 502 2474 635 2516; x_wconf 70' lang='lat' dir='ltr'>salzeoz,</span> <span class='ocrx_word' id='word_1_428' title='bbox 661 2473 756 2509; x_wconf 87' lang='lat' dir='ltr'>Gall.</span> <span class='ocrx_word' id='word_1_429' title='bbox 773 2475 881 2517; x_wconf 68' lang='grc' dir='ltr'>δαῖεν,</span> <span class='ocrx_word' id='word_1_430' title='bbox 906 2474 949 2508; x_wconf 87' lang='lat' dir='ltr'>It.</span> <span class='ocrx_word' id='word_1_431' title='bbox 968 2475 1099 2516; x_wconf 69' lang='lat' dir='ltr'>sedare,</span> <span class='ocrx_word' id='word_1_432' title='bbox 1124 2474 1227 2519; x_wconf 89' lang='lat' dir='ltr'>Hisp.</span> <span class='ocrx_word' id='word_1_433' title='bbox 1244 2475 1355 2509; x_wconf 77' lang='lat' dir='ltr'>salar.</span> <span class='ocrx_word' id='word_1_434' title='bbox 1382 2474 1488 2509; x_wconf 77' lang='lat' dir='ltr'>Salat</span> <span class='ocrx_word' id='word_1_435' title='bbox 1505 2473 1599 2509; x_wconf 86' lang='lat' dir='ltr'>Gall.</span> <span class='ocrx_word' id='word_1_436' title='bbox 1615 2476 1754 2518; x_wconf 64' lang='lat' dir='ltr'>calade,</span> 
     </span>
     <span class='ocr_line' id='line_1_42' title="bbox 127 2528 1753 2575; baseline 0.001 -13"><span class='ocrx_word' id='word_1_437' title='bbox 127 2528 171 2562; x_wconf 89' lang='lat' dir='ltr'>It.</span> <span class='ocrx_word' id='word_1_438' title='bbox 188 2528 376 2571; x_wconf 69' lang='lat' dir='ltr'>iwsalada,</span> <span class='ocrx_word' id='word_1_439' title='bbox 394 2528 496 2573; x_wconf 90' lang='lat' dir='ltr'>Hisp.</span> <span class='ocrx_word' id='word_1_440' title='bbox 515 2529 703 2564; x_wconf 72' lang='lat' dir='ltr'>ens&#39;alada.</span> <span class='ocrx_word' id='word_1_441' title='bbox 742 2530 909 2564; x_wconf 83' lang='lat' dir='ltr'>Salatum</span> <span class='ocrx_word' id='word_1_442' title='bbox 927 2530 965 2563; x_wconf 93' lang='lat' dir='ltr'>in</span> <span class='ocrx_word' id='word_1_443' title='bbox 983 2529 1146 2564; x_wconf 86' lang='lat' dir='ltr'>Vocabb.</span> <span class='ocrx_word' id='word_1_444' title='bbox 1164 2541 1238 2564; x_wconf 91' lang='lat' dir='ltr'>non</span> <span class='ocrx_word' id='word_1_445' title='bbox 1261 2530 1399 2574; x_wconf 86' lang='lat' dir='ltr'>legitur</span> <span class='ocrx_word' id='word_1_446' title='bbox 1423 2530 1488 2564; x_wconf 88' lang='lat' dir='ltr'>sed</span> <span class='ocrx_word' id='word_1_447' title='bbox 1512 2541 1569 2574; x_wconf 90' lang='lat' dir='ltr'>ap.</span> <span class='ocrx_word' id='word_1_448' title='bbox 1587 2530 1753 2575; x_wconf 86' lang='lat' dir='ltr'>Ducang.</span> 
     </span>
     <span class='ocr_line' id='line_1_43' title="bbox 128 2583 1769 2628; baseline 0.002 -11"><span class='ocrx_word' id='word_1_449' title='bbox 128 2583 314 2627; x_wconf 85' lang='lat' dir='ltr'>„Sallada,</span> <span class='ocrx_word' id='word_1_450' title='bbox 340 2584 464 2619; x_wconf 86' lang='lat' dir='ltr'>herbae</span> <span class='ocrx_word' id='word_1_451' title='bbox 490 2585 577 2628; x_wconf 85' lang='lat' dir='ltr'>sale,</span> <span class='ocrx_word' id='word_1_452' title='bbox 604 2586 686 2620; x_wconf 86' lang='lat' dir='ltr'>oleo</span> <span class='ocrx_word' id='word_1_453' title='bbox 712 2586 750 2620; x_wconf 90' lang='lat' dir='ltr'>et</span> <span class='ocrx_word' id='word_1_454' title='bbox 774 2587 878 2620; x_wconf 86' lang='lat' dir='ltr'>aceto</span> <span class='ocrx_word' id='word_1_455' title='bbox 904 2586 1062 2620; x_wconf 85' lang='lat' dir='ltr'>conditae</span> <span class='ocrx_word' id='word_1_456' title='bbox 1083 2588 1160 2621; x_wconf 88' lang='lat'>..“.</span> <span class='ocrx_word' id='word_1_457' title='bbox 1765 2624 1769 2628; x_wconf 23' lang='lat'><strong>⁴</strong></span> 
     </span>
    </p>

    <p class='ocr_par' dir='ltr' id='par_1_12' title="bbox 81 2640 1752 2741">
     <span class='ocr_line' id='line_1_44' title="bbox 81 2640 1752 2686; baseline 0.001 -12"><span class='ocrx_word' id='word_1_458' title='bbox 81 2640 309 2684; x_wconf 57' lang='lat' dir='ltr'>inanest-rum]</span> <span class='ocrx_word' id='word_1_459' title='bbox 340 2640 553 2683; x_wconf 86' lang='lat' dir='ltr'>‘Menestra,</span> <span class='ocrx_word' id='word_1_460' title='bbox 581 2652 651 2675; x_wconf 84' lang='lat' dir='ltr'>vox</span> <span class='ocrx_word' id='word_1_461' title='bbox 669 2641 712 2675; x_wconf 90' lang='lat' dir='ltr'>It.</span> <span class='ocrx_word' id='word_1_462' title='bbox 729 2642 905 2676; x_wconf 66' lang='lat' dir='ltr'>miazestra</span> <span class='ocrx_word' id='word_1_463' title='bbox 924 2641 1039 2685; x_wconf 88' lang='lat' dir='ltr'>[Hisp.</span> <span class='ocrx_word' id='word_1_464' title='bbox 1057 2642 1267 2686; x_wconf 73' lang='lat' dir='ltr'>menestra],</span> <span class='ocrx_word' id='word_1_465' title='bbox 1292 2641 1539 2686; x_wconf 86' lang='lat' dir='ltr'>pulmentum,</span> <span class='ocrx_word' id='word_1_466' title='bbox 1558 2642 1752 2686; x_wconf 84' lang='lat' dir='ltr'>iusculum,</span> 
     </span>
     <span class='ocr_line' id='line_1_45' title="bbox 129 2695 508 2741; baseline 0.003 -11"><span class='ocrx_word' id='word_1_467' title='bbox 129 2695 289 2740; x_wconf 56' lang='lat' dir='ltr'>[Sumne]</span> <span class='ocrx_word' id='word_1_468' title='bbox 320 2695 508 2741; x_wconf 86' lang='lat' dir='ltr'>Ducange.</span> 
     </span>
    </p>

    <p class='ocr_par' dir='ltr' id='par_1_13' title="bbox 40 2751 1754 3020">
     <span class='ocr_line' id='line_1_46' title="bbox 40 2751 1753 2800; baseline 0.002 -15"><span class='ocrx_word' id='word_1_469' title='bbox 40 2754 81 2785; x_wconf 89' lang='lat'>14</span> <span class='ocrx_word' id='word_1_470' title='bbox 104 2751 326 2796; x_wconf 71' lang='lat' dir='ltr'>spinaciam]</span> <span class='ocrx_word' id='word_1_471' title='bbox 360 2751 609 2796; x_wconf 81' lang='lat' dir='ltr'>‘Spinacium‚</span> <span class='ocrx_word' id='word_1_472' title='bbox 648 2752 829 2796; x_wconf 87' lang='lat' dir='ltr'>spinacia,</span> <span class='ocrx_word' id='word_1_473' title='bbox 868 2752 1055 2797; x_wconf 83' lang='lat' dir='ltr'>spinathia</span> <span class='ocrx_word' id='word_1_474' title='bbox 1081 2759 1110 2788; x_wconf 73' lang='grc' dir='ltr'>Γ.</span> <span class='ocrx_word' id='word_1_475' title='bbox 1126 2780 1133 2787; x_wconf 95' lang='grc'><em>.</em></span> <span class='ocrx_word' id='word_1_476' title='bbox 1158 2753 1376 2798; x_wconf 70' lang='lat' dir='ltr'>heyclenisch</span> <span class='ocrx_word' id='word_1_477' title='bbox 1404 2753 1472 2787; x_wconf 63' lang='grc' dir='ltr'><em>ΙτοΖ.</em></span> <span class='ocrx_word' id='word_1_478' title='bbox 1499 2780 1506 2789; x_wconf 92' lang='grc'><strong>.</strong></span> <span class='ocrx_word' id='word_1_479' title='bbox 1522 2781 1528 2787; x_wconf 98' lang='grc'><em>.</em></span> <span class='ocrx_word' id='word_1_480' title='bbox 1545 2781 1552 2789; x_wconf 92' lang='grc'><em>.</em></span> <span class='ocrx_word' id='word_1_481' title='bbox 1579 2755 1753 2800; x_wconf 65' lang='grc' dir='ltr'>[3])ίπαῦ].</span> 
     </span>
     <span class='ocr_line' id='line_1_47' title="bbox 126 2806 1753 2853; baseline 0.003 -13"><span class='ocrx_word' id='word_1_482' title='bbox 126 2806 297 2842; x_wconf 83' lang='lat' dir='ltr'>Diefenb.</span> <span class='ocrx_word' id='word_1_483' title='bbox 314 2806 472 2842; x_wconf 86' lang='lat' dir='ltr'>Glossar.</span> <span class='ocrx_word' id='word_1_484' title='bbox 514 2807 607 2842; x_wconf 84' lang='lat' dir='ltr'>Gall.</span> <span class='ocrx_word' id='word_1_485' title='bbox 622 2808 792 2851; x_wconf 72' lang='lat' dir='ltr'>e&#39;pinard,</span> <span class='ocrx_word' id='word_1_486' title='bbox 812 2808 855 2842; x_wconf 92' lang='lat' dir='ltr'>It.</span> <span class='ocrx_word' id='word_1_487' title='bbox 869 2809 1028 2851; x_wconf 72' lang='lat' dir='ltr'>spinace,</span> <span class='ocrx_word' id='word_1_488' title='bbox 1045 2809 1244 2852; x_wconf 69' lang='lat' dir='ltr'>spinaccio,</span> <span class='ocrx_word' id='word_1_489' title='bbox 1262 2808 1365 2853; x_wconf 86' lang='lat' dir='ltr'>Hisp.</span> <span class='ocrx_word' id='word_1_490' title='bbox 1381 2809 1561 2852; x_wconf 73' lang='lat' dir='ltr'>espinaea.</span> <span class='ocrx_word' id='word_1_491' title='bbox 1651 2821 1753 2845; x_wconf 87' lang='lat' dir='ltr'>more</span> 
     </span>
     <span class='ocr_line' id='line_1_48' title="bbox 127 2862 1753 2908; baseline 0.002 -12"><span class='ocrx_word' id='word_1_492' title='bbox 127 2862 257 2896; x_wconf 82' lang='lat' dir='ltr'>Italico</span> <span class='ocrx_word' id='word_1_493' title='bbox 287 2862 309 2896; x_wconf 92' lang='lat' dir='ltr'>i.</span> <span class='ocrx_word' id='word_1_494' title='bbox 335 2873 365 2897; x_wconf 91' lang='lat' dir='ltr'>e.</span> <span class='ocrx_word' id='word_1_495' title='bbox 389 2863 466 2897; x_wconf 87' lang='lat' dir='ltr'>sine</span> <span class='ocrx_word' id='word_1_496' title='bbox 492 2863 738 2898; x_wconf 88' lang='lat' dir='ltr'>condimentis</span> <span class='ocrx_word' id='word_1_497' title='bbox 762 2864 918 2898; x_wconf 86' lang='lat' dir='ltr'>coctum.</span> <span class='ocrx_word' id='word_1_498' title='bbox 968 2863 1161 2908; x_wconf 87' lang='lat' dir='ltr'>[Ceterum</span> <span class='ocrx_word' id='word_1_499' title='bbox 1193 2863 1239 2898; x_wconf 89' lang='lat' dir='ltr'>ad</span> <span class='ocrx_word' id='word_1_500' title='bbox 1271 2864 1306 2898; x_wconf 92' lang='lat' dir='ltr'>h.</span> <span class='ocrx_word' id='word_1_501' title='bbox 1330 2864 1354 2898; x_wconf 93' lang='lat' dir='ltr'>l.</span> <span class='ocrx_word' id='word_1_502' title='bbox 1377 2865 1604 2899; x_wconf 87' lang='lat' dir='ltr'>monendum</span> <span class='ocrx_word' id='word_1_503' title='bbox 1629 2866 1686 2900; x_wconf 87' lang='lat' dir='ltr'>est</span> <span class='ocrx_word' id='word_1_504' title='bbox 1709 2866 1753 2900; x_wconf 88' lang='lat' dir='ltr'>It.</span> 
     </span>
     <span class='ocr_line' id='line_1_49' title="bbox 126 2918 1754 2964; baseline 0.002 -12"><span class='ocrx_word' id='word_1_505' title='bbox 126 2918 276 2961; x_wconf 71' lang='lat' dir='ltr'>spinare</span> <span class='ocrx_word' id='word_1_506' title='bbox 300 2918 423 2962; x_wconf 89' lang='lat' dir='ltr'>(spina</span> <span class='ocrx_word' id='word_1_507' title='bbox 440 2921 623 2963; x_wconf 86' lang='lat' dir='ltr'>pungere)</span> <span class='ocrx_word' id='word_1_508' title='bbox 650 2919 688 2953; x_wconf 90' lang='lat' dir='ltr'>et</span> <span class='ocrx_word' id='word_1_509' title='bbox 704 2919 827 2954; x_wconf 80' lang='lat' dir='ltr'>Germ.</span> <span class='ocrx_word' id='word_1_510' title='bbox 847 2920 967 2962; x_wconf 69' lang='lat' dir='ltr'>Dorn,</span> <span class='ocrx_word' id='word_1_511' title='bbox 983 2920 1165 2964; x_wconf 84' lang='lat' dir='ltr'>imprimis</span> <span class='ocrx_word' id='word_1_512' title='bbox 1182 2921 1307 2954; x_wconf 86' lang='lat' dir='ltr'>autem</span> <span class='ocrx_word' id='word_1_513' title='bbox 1324 2920 1460 2964; x_wconf 74' lang='lat' dir='ltr'>Spinat</span> <span class='ocrx_word' id='word_1_514' title='bbox 1475 2921 1615 2956; x_wconf 69' lang='lat' dir='ltr'>stechen</span> <span class='ocrx_word' id='word_1_515' title='bbox 1640 2922 1754 2956; x_wconf 89' lang='lat' dir='ltr'>etiam</span> 
     </span>
     <span class='ocr_line' id='line_1_50' title="bbox 126 2974 633 3020; baseline 0.002 -13"><span class='ocrx_word' id='word_1_516' title='bbox 126 2974 275 3017; x_wconf 87' lang='lat' dir='ltr'>turpem</span> <span class='ocrx_word' id='word_1_517' title='bbox 300 2984 448 3008; x_wconf 90' lang='lat' dir='ltr'>sensum</span> <span class='ocrx_word' id='word_1_518' title='bbox 471 2974 633 3020; x_wconf 71' lang='lat' dir='ltr'>habere]</span> 
     </span>
    </p>

    <p class='ocr_par' dir='ltr' id='par_1_14' title="bbox 41 3030 1408 3075">
     <span class='ocr_line' id='line_1_51' title="bbox 41 3030 1408 3075; baseline 0.002 -12"><span class='ocrx_word' id='word_1_519' title='bbox 41 3032 82 3063; x_wconf 84' lang='lat'>15</span> <span class='ocrx_word' id='word_1_520' title='bbox 106 3032 139 3064; x_wconf 77' lang='lat' dir='ltr'>et</span> <span class='ocrx_word' id='word_1_521' title='bbox 162 3039 236 3064; x_wconf 65' lang='lat' dir='ltr'>&#39;non</span> <span class='ocrx_word' id='word_1_522' title='bbox 256 3057 263 3065; x_wconf 91' lang='lat'>.</span> <span class='ocrx_word' id='word_1_523' title='bbox 279 3057 286 3063; x_wconf 93' lang='lat'>.</span> <span class='ocrx_word' id='word_1_524' title='bbox 301 3057 309 3065; x_wconf 89' lang='lat'>.</span> <span class='ocrx_word' id='word_1_525' title='bbox 327 3031 393 3074; x_wconf 79' lang='lat' dir='ltr'>me]</span> <span class='ocrx_word' id='word_1_526' title='bbox 419 3041 540 3074; x_wconf 89' lang='lat' dir='ltr'>neque</span> <span class='ocrx_word' id='word_1_527' title='bbox 565 3031 640 3065; x_wconf 89' lang='lat' dir='ltr'>mei</span> <span class='ocrx_word' id='word_1_528' title='bbox 664 3030 917 3075; x_wconf 85' lang='lat' dir='ltr'>recordantur,</span> <span class='ocrx_word' id='word_1_529' title='bbox 944 3031 1083 3066; x_wconf 70' lang='lat' dir='ltr'>(lenken</span> <span class='ocrx_word' id='word_1_530' title='bbox 1106 3032 1207 3067; x_wconf 65' lang='lat' dir='ltr'>nicht</span> <span class='ocrx_word' id='word_1_531' title='bbox 1231 3043 1281 3067; x_wconf 72' lang='lat' dir='ltr'>an</span> <span class='ocrx_word' id='word_1_532' title='bbox 1305 3033 1408 3069; x_wconf 78' lang='lat' dir='ltr'>mich.</span> 
     </span>
    </p>

    <p class='ocr_par' dir='ltr' id='par_1_15' title="bbox 1413 3089 1483 3123">
     <span class='ocr_line' id='line_1_52' title="bbox 1413 3089 1483 3123; baseline 0 0"><span class='ocrx_word' id='word_1_533' title='bbox 1413 3089 1483 3123; x_wconf 75' lang='lat'>44*</span> 
     </span>
    </p>
   </div>
  </div>
 </body>
</html>
