2119 3522
335 213 406 234 EPP.
420 210 445 234 8.
461 210 486 235 9.
512 212 723 235 GENSELINVS
746 213 902 235 ORTVINO.
927 225 970 229 —
995 211 1174 234 CONRADVS
1198 212 1243 234 DE
1268 212 1452 235 ZVICCAVIA
1477 212 1636 234 ORTVINO.
1741 193 1837 238 539

127 271 213 312 Pag.
235 268 296 305 13.
1263 270 1416 310 Pag.12.
1435 280 1464 301 V.
1479 277 1511 301 36
1529 294 1536 301 .
1552 294 1558 301 .
1574 295 1580 301 .
1597 270 1683 311 Pag.
1700 270 1750 300 15.
1770 280 1799 300 v.
1813 276 1840 300 4.

128 328 171 358 30
194 323 387 367 speculari]
415 325 637 369 excogitare,
664 324 1040 367 contemplationibus
1065 324 1269 368 explorare.

128 383 171 413 34
195 390 307 422 usque
330 380 410 423 huc]
437 380 576 421 adhuc,
603 391 758 423 semper.

173 436 262 470 deus
284 447 345 470 vos
369 436 476 480 cona]
501 436 634 470 Psalm.
652 435 725 469 XL.
743 440 774 472 3.
802 435 1011 476 „Dominus
1037 437 1231 470 conservet
1256 446 1340 470 eum
1366 436 1404 469 et
1427 434 1593 469 vivificet
1617 446 1713 476 eum,
1740 462 1747 468 .
1767 461 1774 468 .
1801 435 1839 468 et

217 503 291 526 non
316 492 441 526 tradat
465 503 550 526 eum
574 491 612 524 in
638 491 799 525 animam
824 491 1094 525 inimicorum.“

172 548 387 591 Psalmz'sta]
413 547 546 583 Psalm.
564 547 659 581 XIX.
677 551 707 581 5.

128 651 213 691 Pag.
236 650 297 685 14.
374 647 610 682 EPISTOLA
637 649 671 686 9.
715 647 975 682 CONRADVS
1002 648 1065 681 DE
1089 647 1348 682 ZVICCAVIA
1375 647 1604 682 ORTVINO.

129 721 147 749 2
174 715 363 750 Conradus
388 715 433 749 dc
459 715 683 757 Zwickavia,
716 715 780 758 qui
810 715 918 749 huius
949 715 1113 759 epistolae
1145 716 1183 749 et
1207 715 1234 757 Ι,
1256 719 1306 748 13.
1326 716 1364 749 et
1389 718 1459 757 ⁵21„
1491 715 1651 748 maxime
1682 714 1842 758 impudi-

217 783 361 813 carum,
388 771 544 815 scriptor
567 771 734 815 fingitur⁷
761 770 884 804 nescio
903 781 949 804 an
972 771 1020 804 sit
1046 769 1252 804 ‘Conradus
1270 770 1530 804 Reichenbach
1548 770 1593 804 de
1612 769 1843 804 Czwickavia

221 827 320 861 Dioc.
338 827 631 871 Numburgen.⁷‚
670 826 734 870 qui
765 827 908 860 rectore
934 825 1150 860 Bernhardo
1183 826 1227 860 de
1253 826 1447 860 Eberstein
1479 837 1510 860 a.
1534 830 1629 860 1515.
1653 826 1691 859 in
1717 825 1843 859 album

218 883 410 927 Viteberg.
428 882 626 926 inscriptus
651 883 706 916 est
731 892 789 926 ap.
807 881 1061 917 Forstemann.
1078 894 1113 926 p,
1133 886 1185 917 60.

128 945 148 974 5
172 939 402 973 Ecclesiastae
426 939 487 973 XI.
506 943 537 973 9.

173 995 351 1038 Ezechiel]
378 994 509 1029 XXIII.
527 999 581 1029 43.

128 1055 148 1085 6
174 1052 203 1085 b.
221 1062 312 1085 succ.
329 1062 374 1085 m.
392 1051 434 1085 in
458 1052 540 1095 am]
566 1062 744 1096 prospero
769 1050 971 1086 salacitatis
994 1061 1087 1085 meae
1112 1062 1280 1085 successu
1306 1050 1463 1094 gaudeo.

129 1112 148 1142 8
168 1118 333 1152 pnrgycvre
363 1108 483 1151 rencs]
515 1107 694 1142 translate
732 1119 799 1152 pro
836 1107 945 1142 coire.
999 1106 1241 1140 Locutionem
1278 1106 1632 1140 commentatoribus
1669 1105 1779 1139 Arist.
1799 1105 1843 1139 de

218 1163 352 1207 partib.
371 1165 479 1197 anim.
498 1163 563 1198 III.
582 1169 613 1198 9.
631 1163 759 1198 deberi
783 1163 958 1208 suspicor,
1007 1162 1059 1196 Cf.
1076 1162 1186 1196 Arist.
1206 1162 1250 1196 dc
1268 1162 1351 1196 hist.
1372 1162 1480 1196 anim.
1500 1162 1543 1195 II.
1566 1165 1615 1195 16.
1633 1161 1731 1195 unde
1750 1161 1843 1194 Plin.

218 1219 261 1257 H.
280 1219 324 1254 N.
342 1219 402 1253 XI.
420 1223 473 1261 37,
493 1223 548 1257 81.
596 1220 747 1262 „Renes
764 1220 905 1253 habent
921 1218 1045 1253 onmia
1063 1218 1364 1262 quadrupedum,
1391 1230 1471 1262 quae
1490 1217 1627 1251 animal
1644 1218 1843 1262 generant3

219 1287 289 1309 ova
312 1275 602 1319 parturientium
625 1276 774 1310 testudo
800 1276 912 1310 sola.“

130 1336 149 1366 9
174 1342 265 1365 omn.
285 1332 315 1365 h.
335 1332 445 1375 errat]
473 1331 739 1365 Terentianum
765 1342 913 1374 „errare
938 1332 1143 1365 humanum
1169 1332 1269 1365 est“.

133 1391 169 1421 11
196 1387 426 1422 Ecclesiastoe
450 1388 546 1431 HL]
577 1388 694 1421 Immo
720 1388 802 1422 IIII.
823 1392 873 1422 11.

133 1448 172 1478 13
197 1444 351 1487 maasia]
377 1454 450 1478 non
477 1445 652 1485 ‘amans⁷‚
679 1443 744 1477 sed
763 1444 936 1485 ‘amata',
964 1443 1093 1484 amica,
1113 1444 1302 1477 Licbclzcn.
1335 1442 1574 1486 Pcpericorni
1592 1453 1744 1476 uxorem
1764 1442 1846 1476 Ort-

219 1499 295 1533 vini
320 1499 497 1534 amasiam
514 1500 642 1541 fuisse,
669 1500 797 1534 multis
814 1499 927 1533 etiam
943 1499 1076 1532 haruin
1094 1498 1335 1543 epistolarum
1353 1498 1443 1532 locis
1461 1498 1612 1538 dicitur,
1641 1510 1671 1532 e.
1689 1510 1742 1542 gr.
1758 1500 1846 1532 202⁷.

220 1557 330 1590 29:3³².
363 1556 406 1590 cf.
425 1555 503 1590 Ind.
523 1556 665 1590 verbor.
682 1566 761 1590 voc.
779 1567 882 1594 uxor,
926 1555 1019 1589 Aliis
1036 1554 1125 1588 locis
1143 1565 1220 1588 rem
1239 1554 1376 1588 hahere
1396 1554 1590 1589 Ortvinum
1610 1566 1693 1588 cum
1712 1554 1848 1588 ancilla

220 1611 394 1653 Quenteli
419 1612 598 1656 scriptum
624 1613 689 1646 est.
721 1612 766 1646 cf.
784 1623 864 1646 voc.
883 1611 1026 1646 ancilla.

133 1672 173 1702 18
202 1668 387 1712 Ovidium]
414 1668 497 1702 fort.
515 1667 639 1702 Amor.
657 1668 702 1702 ΙΙ.
722 1672 750 1703 7.
769 1668 959 1713 glosando.
1009 1667 1061 1702 Cf.
1079 1667 1158 1701 hid.
1178 1667 1278 1701 verb.
1298 1678 1375 1701 voc.
1395 1666 1580 1701 Ortvinus.

132 1729 172 1759 19
191 1725 390 1768 percutere]
417 1724 625 1758 verberare.
660 1724 888 1766 ‘Percutere‚
915 1724 1113 1759 schlalzsen’.
1146 1722 1303 1758 Gemma
1326 1735 1361 1767 g.

175 1791 265 1815 sacr.
282 1781 420 1824 script]
448 1779 580 1814 Genes.
598 1780 746 1814 XXXII.
767 1785 818 1815 11.
830 1784 845 1813 ἱ)

130 1841 173 1871 20
199 1837 373 1871 irascitur
396 1837 543 1880 mecam]
571 1837 636 1871 mit
662 1837 732 1871 mir
755 1839 881 1878 zz’o'rnt,
907 1837 1008 1878 kcift.

130 1897 173 1926 22
199 1893 325 1926 ἰἰίιιιφη
350 1892 465 1936 Icctifi]
491 1891 626 1926 Psalm.
645 1891 736 1927 CIII.
756 1897 808 1927 15.

175 1949 331 1983 tristitia
357 1949 494 1993 exsicc]
521 1948 754 1983 Proverbior.
772 1948 888 1984 XVII.
908 1951 961 1983 22.

130 2008 173 2039 *2ss
199 2005 348 2049 caligas]
374 2005 508 2039 Hosen.
559 2004 775 2039 Catholicon
799 2004 834 2038 h.
852 2016 886 2038 v,
904 2003 1082 2048 ‚‚Caliga‚
1115 2015 1136 2037 a
1169 2003 1301 2045 calcio,
1334 2004 1425 2044 cias,
1453 2003 1589 2037 dicitur
1613 2003 1691 2038 haec
1717 2003 1848 2047 caliga,

222 2073 267 2103 ae,
301 2060 586 2095 calciamentum
617 2060 779 2095 crurium
809 2061 885 2094 sive
918 2060 966 2093 sit
995 2059 1041 2093 de
1072 2070 1195 2104 panno
1219 2059 1296 2093 sive
1321 2059 1368 2093 sit
1391 2059 1435 2093 de
1460 2059 1568 2093 forro.
1586 2059 1646 2093 vel
1671 2059 1807 2111 dicitur
1830 2071 1851 2093 a

222 2117 368 2162 colligo,
395 2128 471 2161 gas,
498 2117 586 2160 quia
603 2116 732 2161 caligae
749 2116 924 2161 ligantur.
942 2116 1003 2149 vel
1021 2115 1157 2150 dicitur
1175 2126 1196 2149 a
1214 2110 1308 2150 'callo
1326 2116 1476 2160 pedum.
1525 2115 1718 2149 Invenitur
1736 2115 1849 2149 etiam

222 2173 394 2207 callicula
417 2184 483 2217 pro
511 2173 653 2214 eodem⁷
681 2172 850 2206 similiter
868 2184 889 2206 a
906 2172 1017 2214 callo,
1051 2173 1090 2206 et
1107 2172 1305 2216 corripitur
1328 2171 1547 2215 penultima.
1598 2171 1704 2205 Unde
1723 2171 1760 2204 in
1778 2171 1851 2204 Au-

222 2240 321 2263 rora:
349 2228 460 2263 Sume
485 2229 554 2263 tibi
579 2228 718 2273 caligas
744 2229 782 2262 et
806 2229 942 2262 restem
968 2228 1107 2272 stringe
1133 2227 1363 2271 scqucndo.“

132 2289 174 2320 28
200 2285 362 2327 camisia,
389 2285 449 2319 cin
472 2284 607 2319 hcmbd.
632 2284 719 2318 inde
746 2284 949 2318 camissola.
982 2283 1140 2318 Gemma
1163 2295 1197 2328 g.

132 2346 172 2377 31
199 2341 400 2385 concedere]
427 2341 527 2375 dare.

176 2398 312 2432 solvere
330 2424 336 2431 .
355 2424 362 2431 .
382 2424 389 2431 .
408 2397 538 2441 linum]
564 2397 727 2441 pretium
754 2396 871 2440 empti
896 2396 962 2429 lini
988 2396 1143 2431 solvere.

133 2458 175 2489 32
200 2454 312 2488 laudo
330 2480 336 2487 .
357 2480 363 2487 .
383 2480 389 2487 .
409 2454 523 2497 chtus]
551 2452 734 2487 ‘Laudavi
757 2453 872 2497 igitur
895 2452 1067 2487 laetitiam
1085 2479 1092 2486 .
1112 2479 1118 2487 .
1139 2455 1177 2486 .“
1208 2452 1440 2488 Ecclesiastae
1467 2452 1566 2489 VIII.
1588 2456 1638 2486 15.

134 2514 177 2545 34
200 2510 388 2553 irascitur]
414 2509 526 2543 homo
551 2520 700 2543 severus
727 2509 792 2543 est.

134 2570 177 2601 35
202 2566 383 2609 infirmus]
409 2565 537 2599 let-ank.

135 2625 177 2656 36
196 2621 432 2665 pet-dificcmt]
460 2621 657 2655 destruunt
681 2621 890 2662 sanitatem,
917 2621 1055 2655 bonam
1081 2621 1347 2655 valetudinem.

135 2681 178 2712 38
201 2677 296 2712 sicut
321 2687 347 2711 c.
365 2676 521 2720 diabolo]
550 2680 573 2710 ⁴.
593 2704 600 2711 .
619 2677 737 2711 omnis
753 2676 955 2710 fornicator
972 2678 1037 2710 aut
1061 2677 1273 2710 immundus
1292 2704 1298 2711 .
1318 2704 1324 2711 .
1342 2704 1348 2711 .
1367 2688 1440 2711 non
1464 2677 1580 2711 hahet
1603 2676 1852 2711 hereditatem

224 2733 263 2766 in
287 2743 402 2777 regno
428 2732 563 2766 Christi
589 2733 626 2766 et
651 2732 740 2766 dei'.
789 2732 892 2766 Paul.
911 2743 968 2776 ep.
987 2732 1034 2766 ad
1058 2732 1194 2777 Ephes.
1211 2732 1255 2766 V.
1273 2737 1303 2766 5.

173 2789 393 2832 permittunt
417 2789 514 2822 nulli
538 2789 707 2832 requiem]
733 2788 784 2822 sic
808 2789 920 2832 Zassen
941 2788 1081 2823 keincm
1103 2788 1218 2823 Bane.
1244 2799 1317 2822 non
1343 2788 1469 2822 sinunt
1493 2789 1661 2824 amantes
1686 2789 1732 2823 ab
1765 2789 1853 2833 ipsis

227 2844 346 2878 otium
370 2844 518 2878 habere.

136 2904 187 2935 Pa
216 2929 222 2936 .
245 2901 306 2938 15.

138 2961 155 2990 1
176 2913 279 3000 ξαν-(3.
297 2956 404 3001 mihi]
432 2957 480 2991 da
503 2957 651 2991 veniam
678 2957 820 2991 (contra
845 2957 1046 2999 sentienti).

136 3017 157 3046 4
182 3013 321 3047 decima
357 3012 478 3057 lactis]
517 3012 747 3047 Milchzelmt.
803 3011 971 3047 Olearius
1008 3012 1053 3047 do
1091 3013 1162 3047 fido
1201 3013 1434 3048 concubinar.
1454 3014 1530 3056 (ed.
1549 3013 1700 3048 Zarnck.
1724 3026 1759 3058 p.
1778 3016 1850 3057 95):
