2119 3522
530 218 695 241 ADDENDA
721 218 761 241 E'r
786 217 998 241 EMENDANDA
1023 219 1068 240 ΑΙ)
1094 219 1191 242 lIVTT.
1209 219 1280 241 OPP.
1305 218 1383 242 VOL.
1401 217 1423 242 Ῐ.
1742 199 1834 247 799

128 344 234 385 quos
265 328 424 370 nollem
445 328 564 369 aliud
595 335 770 384 putare,
803 330 1150 386 quandoquidem
1182 330 1350 386 placere
1373 332 1571 373 omnibus
1602 333 1646 373 in
1667 331 1836 373 difficil-

125 385 239 426 limis
272 391 338 426 est
348 417 360 437 7
392 385 475 425 nisi
506 386 591 425 iam
622 384 727 426 illud
758 386 1034 441 incepissem,
1075 387 1191 442 quod
1221 387 1325 427 mihi
1355 387 1474 429 nulla
1504 388 1835 430 existimationis

125 456 230 482 meae
267 440 386 481 labes
427 446 501 481 aut
537 441 726 493 macula,
774 442 849 482 sed
881 442 1165 483 alienissima¹
1204 443 1402 498 quaedam
1439 450 1481 484 et
1517 444 1621 485 meis
1660 444 1836 498 indigna

125 497 316 538 moribus
338 497 527 552 suspicio
559 497 749 538 invertit.
802 498 903 538 Tibi
933 498 977 538 in
1008 499 1233 553 postremis
1257 499 1414 540 mando
1437 501 1471 540 si
1504 514 1557 540 ex
1588 500 1722 541 fratre
1744 515 1835 555 pre-

124 553 349 594 didiceris²
378 567 497 607 spem
525 567 619 593 esse
649 553 788 595 adhuc
809 553 940 594 ullam
971 553 1168 608 potiundi
1190 556 1325 609 optati
1355 555 1581 610 reliquam,
1616 556 1732 609 (nam
1763 555 1835 596 ille

125 623 179 649 ex
207 623 342 649 uxore
373 607 511 649 discet
541 608 584 649 id
614 609 760 664 facile)
792 610 1012 663 negocium
1053 617 1100 650 ut
1138 612 1258 651 ante3
1297 625 1571 664 promoveas3
1612 613 1676 652 sin
1714 626 1834 664 vero,

124 663 294 706 silentio
333 671 541 720 quantum
579 671 700 719 potes
739 664 955 720 profundo
995 665 1212 707 obliteres.
1272 666 1367 720 Ego
1407 667 1462 708 ad
1500 673 1667 721 patrem
1702 681 1833 722 aegro-

122 721 310 761 tantem⁴
339 721 462 762 abeo.
520 720 588 761 Tu
619 735 715 762 cum
746 724 829 761 tuis
862 721 1059 762 omnibus
1082 722 1240 776 optime
1272 722 1388 774 vale,
1427 729 1469 764 et
1498 722 1576 763 has
1608 724 1755 764 statim
1785 737 1835 764 ac

123 776 277 830 legeris
310 775 522 831 discerpe.
583 776 832 832 Rerumque
863 776 972 818 vale.
1034 777 1311 833 Steynheym.

441 840 445 841 ⁷
1391 833 1460 874 Ul.
1485 834 1721 876 Huttenus.

235 888 516 943 [Inscriptio:]
550 887 744 929 Arnoldo
776 888 829 929 de
861 887 1087 942 Glauberg
1116 889 1297 943 patricio
1329 889 1497 931 franco-

552 943 753 986 furdiano
784 944 925 985 Iurec.
983 944 1135 984 Amico
1167 945 1425 987 mirabiliter

553 1000 752 1041 Candido
785 1006 826 1041 et
855 999 1031 1053 Integre
1064 999 1149 1041 Sal.

212 1081 244 1122 1)
273 1081 422 1113 alieniss
449 1081 495 1112 H.
622 1080 655 1119 2)
683 1080 918 1122 predidiceris
941 1082 990 1112 sie
1014 1081 1065 1112 Il.
1191 1080 1224 1121 3)
1251 1067 1289 1112 ut
1314 1081 1411 1122 prius
1438 1084 1522 1113 ante
1541 1082 1588 1113 H.
1607 1082 1669 1114 sed
1696 1080 1833 1124 ‘prius’

211 1137 358 1169 delevit.
485 1136 520 1177 4)
551 1139 692 1178 patrem
724 1134 870 1178 aegrot.]
900 1136 931 1168 d.
950 1139 1003 1168 31.
1021 1136 1126 1168 Mart.
1153 1148 1184 1170 a.
1212 1138 1308 1168 1522.
1332 1137 1516 1169 Huttenus
1544 1138 1834 1180 Fiirstenbergio

211 1193 357 1234 scripsit
382 1193 597 1233 „Huttenus
617 1195 722 1234 pater
739 1192 832 1224 diem
851 1192 941 1224 obiit
958 1192 1159 1234 proxime“.
1188 1193 1234 1224 cf.
1253 1193 1323 1227 vol.
1337 1194 1383 1225 ΙΙ.
1402 1204 1434 1235 p.
1453 1195 1526 1228 115,
1546 1204 1580 1227 n,
1596 1204 1749 1225 ccnxxx.
1766 1194 1785 1232 ἓ
1803 1196 1833 1226 3.

121 1292 241 1326 OLlss.
290 1293 459 1336 Epistola
483 1294 597 1335 ipsius
622 1293 777 1324 Hutteni
802 1303 909 1324 manu
934 1293 1073 1334 scripta
1097 1304 1203 1335 quam
1229 1293 1314 1325 olim
1338 1293 1367 1325 I.
1393 1293 1436 1325 de
1462 1293 1650 1326 Radowitz
1675 1293 1834 1336 posside-

120 1351 203 1391 bat,
230 1360 381 1391 quaeque
407 1359 503 1380 nunc
528 1350 566 1380 in
591 1359 664 1391 reg.
685 1348 772 1381 bibl.
790 1348 910 1381 Berol.
930 1348 1162 1390 adservatur,
1188 1353 1318 1391 rogatu
1342 1360 1421 1382 meo
1445 1350 1675 1391 transcripsit
1695 1349 1833 1381 Theod.

120 1407 329 1441 Mommsen,
395 1404 452 1439 Of.
475 1406 709 1437 Verzez‘elzniss
740 1406 802 1436 cler
830 1416 893 1436 von
923 1406 996 1436 dem
1026 1406 1264 1437 ver-storbenen
1296 1406 1434 1438 Preuss.
1460 1406 1834 1438 GeneraI-Lieutencmt

120 1463 154 1494 J.
174 1474 203 1494 v.
222 1463 395 1494 Radowil:
421 1462 686 1492 leinterlassenen
713 1460 1182 1502 Autoyrapleen-Sammlzmy.
1223 1462 1347 1493 Erster
1375 1462 1478 1494 Tleez'l.
1518 1462 1636 1502 Leipz.
1664 1462 1760 1494 1864.
1785 1460 1832 1492 8⁰.

121 1529 154 1560 p.
174 1520 205 1552 9.
231 1524 281 1552 11⁰.
301 1519 356 1550 74.

118 1631 206 1672 Pag.
224 1631 300 1664 337.
320 1641 350 1662 v.
366 1637 408 1661 33.
427 1631 516 1662 adde
540 1632 636 1662 tetro
658 1633 738 1670 post
761 1628 890 1660 habitu
987 1628 1075 1669 Pag.
1095 1628 1170 1660 338.
1189 1639 1217 1660 v.
1232 1635 1258 1660 2.
1277 1630 1347 1670 (eye
1373 1629 1555 1670 cognitum
1653 1640 1685 1662 v.
1704 1630 1735 1660 7.
1761 1638 1832 1660 cre-

210 1687 296 1718 dere
329 1684 414 1727 (pro
438 1685 612 1726 reddere)
743 1695 777 1718 v.
798 1686 849 1719 10.
875 1683 1128 1726 quandamque
1255 1695 1287 1716 v.
1305 1686 1357 1716 20.
1383 1694 1486 1717 servo
1517 1683 1600 1724 (pro
1626 1683 1777 1726 spiritu)
1803 1689 1834 1716 et

208 1743 300 1774 adde
323 1736 368 1773 in⁸
382 1746 450 1773 not.
470 1742 517 1773 cf.
535 1740 639 1772 Paul.
659 1751 715 1785 ep.
734 1740 779 1772 ad
803 1740 903 1771 Rom.
924 1750 998 1774 XIV.
1015 1741 1048 1771 4.
1140 1750 1173 1772 v.
1192 1741 1245 1771 22.
1265 1743 1304 1771 at
1330 1739 1408 1781 (pro
1435 1740 1483 1780 et)
1576 1751 1610 1775 v,
1629 1741 1683 1775 23,
1702 1750 1833 1782 cogen-

209 1798 303 1830 dum.
329 1797 402 1829 Ubi
421 1801 477 1829 est
494 1796 560 1828 illa
578 1796 792 1828 doctrinalis
811 1796 1018 1827 damnatio?
1045 1795 1163 1837 perdi·
1253 1806 1285 1828 v.
1298 1797 1351 1828 34.
1364 1790 1558 1837 σπέρματα
1650 1796 1741 1837 Pag.
1757 1797 1832 1828 339.

208 1865 238 1886 v.
251 1861 278 1886 4.
292 1854 469 1885 incutitur
560 1863 592 1887 v.
606 1853 637 1883 5.
651 1863 738 1885 vero
752 1851 830 1894 (pro
844 1852 930 1893 non)
1023 1862 1057 1883 v.
1074 1853 1126 1886 19.
1142 1851 1309 1883 ecelesiae
1323 1851 1490 1884 virtualis
1508 1851 1636 1883 mundo
1728 1862 1761 1884 v.
1777 1853 1832 1884 20.

208 1911 245 1942 in
270 1920 309 1942 re
327 1909 406 1951 (pro
430 1908 533 1951 mire)
626 1919 660 1941 v.
679 1910 733 1940 23.
751 1908 835 1941 Vidi
853 1919 992 1941 errores
1010 1908 1181 1949 Lutheri,
1208 1907 1270 1948 qui
1294 1917 1382 1939 sane
1407 1910 1481 1938 tam
1507 1907 1631 1948 rudes,
1659 1910 1732 1938 tam
1758 1907 1833 1949 pal-

208 1965 352 2008 pabiles
420 1977 455 1999 v.
469 1966 523 1997 25.
539 1963 780 2006 profitebitur,
800 1966 862 1995 aut
930 1975 962 1996 v.
977 1965 1029 1996 26.
1043 1964 1150 2006 longe
1168 1966 1323 1995 tractum
1392 1973 1425 1995 v.
1438 1965 1492 1995 27.
1508 1963 1753 2003 venerabitur,
1773 1963 1832 2004 qui

206 2033 240 2054 v.
259 2023 313 2053 29.
334 2021 492 2054 moribus
518 2020 738 2062 sophisticis.
765 2021 834 2052 hoe
932 2031 965 2054 v.
983 2022 1036 2052 30.
1055 2020 1126 2051 nisi
1150 2020 1181 2052 is
1206 2020 1251 2051 ab
1355 2030 1388 2052 v.
1407 2021 1460 2051 42.
1480 2023 1584 2052 certa
1609 2018 1688 2060 (pro
1713 2017 1830 2058 recta)

206 2078 295 2120 Pag.
313 2078 390 2111 340.
409 2088 438 2110 V.
457 2084 500 2109 30.
519 2077 662 2118 cogaris
768 2086 801 2108 v.
821 2077 874 2108 32.
898 2076 1029 2108 dormit
1053 2074 1132 2118 (pro
1158 2075 1324 2116 docuit‘3)
1432 2087 1465 2107 v.
1482 2077 1536 2108 35.
1555 2085 1656 2107 suam
1683 2085 1771 2116 erga
1795 2078 1831 2106 te

207 2133 502 2165 benivolenciam
533 2121 547 2126 γ
595 2133 685 2174 Pag.
704 2133 780 2164 341.
799 2143 830 2164 v.
850 2140 874 2164 1.
894 2132 1092 2164 fortunam:

116 2190 231 2232 Pagg.
247 2190 323 2222 343.
343 2199 395 2230 sq.
415 2200 510 2221 num.
525 2189 690 2221 CLXIII.
715 2189 806 2220 Haec
827 2200 904 2231 ep.‚
930 2191 1008 2220 tota
1034 2189 1192 2230 repetita
1216 2188 1286 2220 vol.
1303 2188 1368 2220 III.
1390 2198 1423 2229 p.
1442 2188 1517 2222 547.
1537 2198 1606 2229 sq.,
1631 2187 1675 2221 D,
1693 2186 1830 2221 1.1VN.

206 2246 248 2279 A.
269 2246 366 2280 1520,
385 2246 544 2287 scripta,
570 2246 696 2286 itaque
717 2244 761 2275 ad
786 2245 998 2276 inferiorem
1016 2255 1100 2286 pag.
1115 2245 1192 2278 354.
1210 2247 1294 2275 ante
1314 2254 1409 2277 num.
1424 2242 1565 2278 CLXX.
1580 2243 1746 2285 ponenda
1763 2245 1830 2274 est.

116 2302 202 2344 Pag.
222 2302 300 2334 346.
319 2303 402 2333 ante
422 2300 583 2334 CLXVI.
605 2301 837 2333 conlocandae
863 2304 947 2333 sunt
973 2300 1157 2342 epistolae:

117 2389 342 2414 ANGLOPOLI.
836 2409 842 2416 ,
894 2375 1059 2411 ΟΒΧΨ*.
1599 2386 1639 2410 11.
1658 2387 1736 2410 MAI.
1755 2385 1830 2410 1520.

356 2455 557 2486 IOANNES
579 2455 816 2485 REVCHLIN
839 2455 1023 2486 DOMINO
1045 2454 1214 2485 IACOBO
1237 2454 1586 2492 QVESTENBERG.

207 2525 313 2556 quam
341 2514 507 2546 dedimus
532 2513 602 2548 vol.
621 2515 647 2545 I.
664 2525 697 2556 p,
715 2515 779 2546 461
800 2524 852 2555 sq.
871 2517 907 2546 et

119 2591 353 2613 sum-:sumn
879 2577 1004 2613 CLXV
1015 2578 1066 2612 *ἢ
1562 2586 1695 2630 QMAI.
1709 2590 1742 2615 A.
1754 2587 1828 2612 1520.

425 2658 622 2689 IACOBVS
645 2657 915 2689 SPIEGELIVS
939 2656 1251 2687 SECRETARIVS
1273 2657 1439 2688 REGIVS
1462 2657 1524 2686 AD

373 2726 728 2756 MAXIMILIANVM
751 2727 781 2755 A
802 2724 968 2755 BERGIS
991 2724 1211 2754 DOMINVM
1233 2724 1281 2753 IN
1304 2723 1577 2754 SEVENBERG

157 2793 266 2824 CAES.
289 2793 348 2822 ET
370 2792 569 2824 CATHOL.
587 2794 772 2824 MAIEST.
795 2793 843 2822 IN
864 2791 1106 2821 GERMANIA
1129 2790 1381 2820 ORATOREM
1402 2791 1459 2820 ET
1482 2791 1511 2820 A
1533 2789 1790 2820 COMMISSIS.

115 2858 216 2896 Erat
244 2858 467 2897 avunculus
495 2872 607 2897 meus
632 2889 640 2897 .
665 2890 672 2897 .
699 2889 706 2897 .
735 2859 812 2896 hoc
843 2856 1077 2907 opusculum
1098 2856 1281 2894 Vulcano
1313 2855 1496 2902 daturus,
1527 2856 1605 2892 nisi
1637 2886 1644 2892 .
1668 2883 1677 2892 .
1707 2854 1827 2892 obsti-

115 2915 252 2952 tissem
281 2943 456 2955 ......
485 2929 632 2966 magna
662 2915 784 2952 faciat
807 2910 992 2964 [Carolus
1016 2913 1204 2962 princeps
1225 2908 1376 2962 noster]
1400 2925 1470 2962 pro
1493 2924 1588 2949 vero
1612 2910 1677 2948 dei
1700 2909 1749 2948 O.
1771 2911 1826 2948 M.

117 2970 226 3008 cultu
254 2971 524 3019 restituendo,
555 2984 602 3009 ac
629 2971 748 3008 huius
770 2970 910 3020 patriae
933 2968 1109 3006 nationis
1133 2968 1330 3018 dignitate
1352 2967 1583 3005 asserenda.
1632 2966 1826 3004 Prosecu-

115 3032 248 3065 turum
270 3033 403 3065 autem
425 3041 514 3066 eum
535 3028 611 3065 hoc
633 3027 807 3073 consilii,
839 3025 936 3062 mihi
957 3038 1044 3062 cum
1066 3024 1200 3062 multis
1220 3037 1312 3075 spes
1333 3029 1442 3061 certa
1462 3029 1616 3071 manet,
1643 3022 1738 3074 quia
1759 3023 1826 3061 ist-
