2119 3522
290 233 316 277 6
328 231 385 275 14
806 244 1070 267 COMMENTARIVS
1094 243 1140 266 AD
1164 245 1235 266 ΕΡΡ.
1254 244 1284 266 o.
1301 245 1335 267 v.
1359 245 1435 268 von.
1451 245 1475 268 1.

287 307 337 338 Pa
367 331 372 337 .
393 304 455 341 60.

340 317 539 391 gmentem
569 356 688 397 venit,
729 356 767 389 et
795 355 973 390 Buschius
1011 355 1141 398 etiam,
1183 355 1351 400 quamvis
1380 356 1419 390 in
1449 356 1522 390 illis
1555 356 1814 392 hecatostichis
1844 358 1889 393 de
1921 369 1998 393 cor-

376 413 474 457 poris
498 412 617 446 forma
640 411 755 446 verba
779 422 852 446 non
877 411 1023 453 fecerit,
1056 412 1183 446 tamen
1213 411 1252 445 in
1283 411 1428 447 adiecto
1460 413 1621 447 carmine
1650 424 1772 458 neque
1801 414 1896 450 hanc
1920 414 1997 450 lau·

377 469 460 503 dem
489 467 690 512 praeteriit:

689 526 767 565 „Tu
791 524 945 556 formosa
969 525 1074 557 nimis
1099 526 1248 558 vincens
1273 527 1428 558 tentoria
1454 526 1565 559 Cedar

758 580 937 614 Scandere
963 581 1094 614 siderei
1118 582 1228 623 digna
1252 582 1366 614 cubile
1390 582 1492 615 ducis

688 637 787 669 Inter
810 636 982 670 femineas
1006 637 1218 679 pulcerrima
1242 638 1335 671 fama
1359 642 1521 671 cateruas

757 692 873 725 Aurea
897 696 938 725 tu
962 693 1060 725 fuluo
1085 699 1191 736 porta
1216 695 1346 727 decora
1371 694 1492 727 sinu“.

378 748 556 782 Buschius
579 748 724 791 itaque,
757 747 819 781 vel
848 747 877 781 si
907 758 981 781 non
1005 748 1366 784 invenustaeiormae
1391 748 1547 783 facieive
1572 749 1702 784 fuisset
1731 749 1851 793 (quod
1875 750 2001 785 tamen

378 803 515 838 alicubi
538 814 598 838 me
622 803 748 848 legere
774 804 839 837 aut
855 804 996 838 somnio
1019 805 1084 838 aut
1105 805 1289 849 memini),
1315 804 1510 839 molestam
1526 805 1695 850 magistri
1711 805 1874 850 regentis
1891 805 2002 840 comi-

379 861 497 894 tatem
522 859 821 894 curiositatemve
853 859 915 893 vix
943 860 1105 905 lepidius
1136 861 1349 905 comiusque
1379 861 1519 895 evitare
1544 861 1668 906 potuit
1691 872 1803 906 quam
1826 872 2001 906 responso

380 927 443 950 suo
467 916 566 950 fecit.
593 915 692 959 quod
715 915 826 960 plane
851 926 925 951 non
950 916 1098 961 capiens
1123 917 1223 951 rudis
1240 917 1415 951 Nicolaus
1438 918 1564 952 noster
1587 917 1686 951 ridet
1706 917 1906 951 Buschium
1928 928 2002 952 non

379 971 605 1006 intellexisse
629 971 892 1017 interrogantis
925 972 1045 1007 ‘illam
1071 1001 1103 1007 ..
1124 1001 1130 1007 .
1156 972 1405 1017 allegoriam',
1441 973 1506 1007 sed
1534 973 1683 1017 putasse
1715 984 1752 1007 se
1777 984 1909 1008 revera
1934 984 2002 1018 pro

380 1028 497 1062 matre
531 1028 670 1062 domini
699 1028 846 1070 haberi,
886 1039 970 1062 cum
999 1030 1126 1063 tamen
1157 1028 1219 1062 ille
1251 1039 1384 1073 regens
1415 1039 1499 1062 eum
1531 1029 1720 1063 auctorem
1752 1028 1871 1063 solum
1894 1029 2004 1063 modo

380 1083 551 1118 carminis
576 1083 621 1117 de
648 1083 733 1118 diva
755 1085 873 1118 matre
899 1084 1105 1129 significare
1131 1084 1318 1119 voluisset.
1366 1084 1425 1118 Ita
1448 1094 1534 1118 sane
1558 1084 1627 1118 hoc
1654 1087 1785 1118 ‘unum
1809 1084 2006 1129 pulchrum

378 1139 543 1174 notabile
570 1140 626 1173 est
651 1141 688 1173 et
711 1151 892 1184 perquam
916 1140 1040 1175 utile’.

292 1200 333 1230 18
352 1196 551 1239 prcetenclz't
575 1196 616 1229 in
640 1206 665 1229 s.
684 1196 724 1239 s.]
750 1196 913 1230 intendit
936 1197 987 1231 sic
1012 1197 1221 1241 quaerendo.

295 1256 334 1286 19
360 1252 455 1295 quod
480 1251 557 1286 volo
575 1279 581 1285 .
602 1279 607 1285 .
629 1251 776 1296 discere]
802 1262 861 1286 me
886 1254 1152 1297 percepturum
1179 1263 1266 1287 esse.

336 1308 445 1352 alma]
473 1307 667 1352 epitheton
697 1318 831 1342 ornans
856 1308 969 1343 etiam
996 1320 1094 1343 nunc
1119 1308 1369 1352 cuiuscunque
1396 1307 1640 1351 Germanicae,
1674 1308 1734 1343 vel
1759 1308 1885 1343 inedia
1907 1309 2008 1344 labo-

381 1364 496 1398 rantis
520 1363 772 1398 universitatis
796 1364 1003 1407 litterariae,
1033 1376 1055 1399 a
1078 1364 1275 1399 Parisiensi
1300 1365 1523 1399 mutuatum.

292 1425 334 1455 ‘30
354 1431 561 1463 processum
586 1420 711 1465 bursce]
737 1419 1005 1456 Laurentianae.
1047 1421 1090 1455 cf.
1108 1420 1187 1454 Ind.
1204 1420 1321 1465 biogr.
1340 1432 1374 1464 p.
1394 1424 1469 1455 322.
1487 1421 1554 1455 art.
1573 1420 1697 1456 Bursae
1715 1420 1839 1455 Colon.

293 1480 333 1510 21
361 1477 496 1520 disput.
515 1477 661 1521 bursaL]
695 1477 823 1521 quales
855 1478 959 1511 statis
991 1477 1122 1511 diebus
1153 1487 1175 1510 a
1199 1476 1425 1511 scholaribus
1449 1476 1497 1510 ad
1522 1478 1646 1511 actum
1671 1477 1918 1512 denominatis
1942 1478 2008 1511 sub

382 1532 551 1577 praesidio
578 1532 732 1567 alicuius
756 1533 919 1577 regentis
944 1533 1193 1575 habebantur,
1220 1533 1427 1577 quibusque
1453 1534 1567 1568 ceteri
1593 1534 1759 1568 eiusdem
1781 1533 1900 1568 bursae
1922 1533 2009 1568 socii

381 1588 558 1623 interesse
583 1588 781 1623 debebant.

338 1646 510 1689 materia]
535 1644 658 1689 priore
683 1644 764 1679 loco
789 1647 845 1680 est
871 1646 1179 1691 ‘argumentum’,
1215 1646 1418 1690 posteriore
1443 1646 1524 1680 loco
1551 1647 1606 1681 est
1630 1645 1740 1690 Stoff,
1771 1640 1863 1691 ὕλη,
1895 1646 2010 1680 mate-

384 1701 440 1735 ria
466 1711 573 1736 sensu
602 1701 869 1746 philosophico.

295 1761 336 1792 22
363 1768 424 1792 ens
449 1758 527 1802 ete]
560 1756 719 1792 Thomas
744 1758 909 1802 Aquinas
942 1758 1007 1801 (de
1039 1758 1123 1792 ente
1151 1759 1188 1792 et
1213 1758 1388 1801 essentia,
1418 1759 1457 1792 in
1480 1758 1574 1803 Opp.
1597 1759 1622 1792 t.
1641 1758 1725 1801 IV.)
1749 1758 1788 1792 id
1813 1758 1913 1803 quod
1937 1758 2011 1793 exi-

385 1814 482 1848 stere
506 1814 631 1858 potest
654 1813 719 1848 sed
743 1824 817 1848 non
842 1814 967 1848 existit
992 1817 1072 1848 ‘ens
1097 1814 1300 1848 seeundum
1323 1814 1563 1859 potentiam',
1594 1814 1632 1847 id
1657 1813 1756 1858 quod
1781 1814 1908 1848 existit
1931 1816 2013 1848 ‘ens

386 1869 489 1903 actu'
523 1869 737 1913 appellavit.
793 1869 844 1904 Cf.
869 1870 990 1905 Bzchle
1015 1870 1137 1906 Gesclz.
1158 1870 1221 1905 der
1242 1871 1380 1908 Philo-s.
1399 1870 1442 1905 V.
1460 1874 1479 1912 ξ
1497 1874 1571 1905 730.
1597 1871 1635 1904 et
1664 1870 1850 1914 praecipue
1875 1870 2014 1905 Prantl

388 1924 510 1961 Gesch.
529 1925 593 1960 der
609 1925 735 1970 Loqilc.
754 1925 816 1960 III.
834 1937 869 1970 p.
890 1930 962 1960 112.
981 1938 1059 1971 sqq.

504 2014 741 2050 EPISTOLA
765 2017 829 2054 40.
870 2016 1165 2051 HERBORDVS
1190 2015 1549 2051 MISTLADERIVS
1576 2014 1805 2050 ORTVINO.

297 2097 339 2128 24
364 2094 622 2128 Herebordum
653 2093 898 2140 Margaritum
931 2097 1015 2138 (ron
1045 2096 1110 2130 der
1138 2095 1326 2139 Marthen)
1357 2095 1613 2129 Erfurtensem
1642 2094 1787 2138 ICtum,
1825 2094 1872 2129 ad
1903 2104 2015 2139 quem

389 2149 572 2184 iuniorem
597 2162 703 2184 suum
729 2151 906 2194 amicum,
941 2151 1152 2194 ‘doctrinae‚
1178 2163 1339 2194 morum,
1366 2151 1508 2196 ingenii
1534 2152 1572 2185 et
1594 2150 1746 2186 familiae
1770 2150 1889 2196 gloria
1911 2150 2015 2185 nobi-

387 2206 492 2248 lem',
514 2205 672 2241 Conradi
687 2206 847 2241 Mutiani
864 2207 1030 2252 epistolae
1049 2208 1257 2252 complures
1274 2208 1490 2252 supersunt,
1510 2206 1641 2242 Crotus
1658 2217 1806 2251 quoque
1822 2206 1918 2240 bene
1936 2207 2015 2250 qui-

390 2261 475 2296 dem
499 2263 629 2296 nomm
650 2263 794 2306 habuit,
821 2263 885 2298 sed
910 2265 1046 2308 praeter
1069 2263 1306 2309 praenominis
1330 2263 1535 2308 primaeque
1552 2263 1711 2297 nominis
1734 2262 1870 2297 litterae
1895 2273 2015 2306 aequa-

388 2317 536 2352 litatem
561 2319 686 2353 cetera
710 2320 834 2354 omnia
857 2320 1058 2364 prohibent
1082 2331 1155 2364 quo
1188 2320 1308 2353 minus
1332 2319 1439 2353 illum
1463 2318 1709 2363 Margaritum
1738 2318 1805 2352 sub
1831 2318 1901 2352 hoc
1925 2318 2016 2352 ster-

392 2373 533 2408 corario
558 2375 708 2409 nomine
732 2375 850 2410 latere
876 2376 1114 2420 suspicemur.

302 2434 343 2465 26
369 2430 579 2475 salsissimo]
606 2430 629 2464 i.
648 2441 678 2465 e.
697 2431 980 2476 sapientissimo.
1013 2432 1057 2466 cf.
1075 2431 1122 2466 ad
1149 2435 1191 2466 58
1201 2432 1238 2465 2¹.

302 2490 343 2521 27
370 2486 614 2531 dimmnerare]
640 2487 890 2522 auseinander
913 2488 1057 2530 Ξάῗῆῖεη,
1088 2497 1283 2521 numerare
1308 2497 1366 2521 res
1391 2486 1499 2531 copia
1530 2496 1596 2520 sua
1620 2496 1663 2520 ac
1686 2485 1928 2521 multitudine
1953 2487 2020 2521 aut

392 2542 600 2577 mobilitate
636 2542 745 2577 facile
777 2543 900 2578 oculos
936 2543 1124 2585 fallentes,
1156 2544 1200 2577 ut
1231 2553 1260 2577 e.
1278 2554 1311 2587 g.
1330 2541 1456 2576 stellas
1487 2542 1734 2577 dinumerare.
1786 2541 2018 2577 Numer-andi

392 2598 530 2633 salutes
558 2609 701 2633 morem
730 2600 769 2633 in
798 2599 969 2644 plurimis
1000 2599 1132 2634 harum
1165 2599 1406 2644 epistolarum
1441 2598 1744 2643 inscriptionibus
1773 2598 2018 2633 'observatum

393 2654 572 2689 videmus.

304 2716 346 2745 -29
372 2710 422 2745 acl
446 2710 593 2756 Suollis]
619 2711 745 2754 Zwoll,
770 2712 814 2746 cf.
833 2712 879 2746 ad
904 2713 977 2747 312.
1004 2711 1188 2746 ablativus
1211 2711 1371 2746 nominis
1395 2711 1430 2746 h.
1447 2710 1470 2745 l.
1488 2721 1555 2755 pro
1586 2710 1842 2745 indeclinabili
1865 2710 2017 2755 positus.

306 2772 348 2801 30
371 2766 517 2801 modum
542 2767 642 2811 dare]
674 2767 861 2813 Wez'smzy,
885 2768 1110 2813 Amoeismzy
1132 2768 1253 2813 geben,
1280 2767 1424 2802 docere.

351 2821 537 2867 dictandi]
566 2822 746 2866 Uict-are,
780 2824 941 2866 dichten,
972 2824 1121 2868 proprie
1152 2834 1327 2869 vorsayen
1364 2825 1450 2859 oder
1481 2824 1575 2858 lesen
1604 2834 1678 2858 was
1707 2833 1795 2857 man
1826 2822 2018 2867 schrybet'.

396 2877 604 2921 Dictamen,
631 2880 690 2913 ein
714 2880 875 2925 yeclycht.
902 2879 1059 2915 Gemma
1083 2892 1116 2925 g.
1143 2880 1188 2914 cf.
1206 2883 1274 2916 63⁷.

307 2937 347 2968 31
374 2933 442 2978 ast]
469 2934 573 2977 quasi
596 2945 747 2978 gemens
771 2935 1066 2971 taciturnitatem
1091 2936 1236 2971 Ortvini
1261 2936 1418 2970 accusat.
1452 2936 1496 2970 cf.
1515 2935 1562 2970 ad
1587 2936 1675 2970 51¹⁹.

354 2991 387 3023 et
409 2988 498 3023 mihi
524 3015 555 3022 ..
575 3016 581 3022 .
608 2990 747 3035 vivitis]
772 3002 841 3025 nee
866 2992 992 3026 scribis
1024 2993 1148 3026 utrum
1173 2992 1277 3026 vivas
1308 3003 1356 3026 an
1379 2992 1546 3026 mortuus
1571 2991 1618 3024 sis
1643 3010 1686 3015 —-
1711 2990 1811 3034 quod
1834 2989 2019 3034 posterius

399 3054 486 3078 sane
514 3046 645 3078 ‘unum
668 3046 777 3080 valde
801 3046 990 3081 notabile’
1016 3047 1122 3081 foret.
