2119 3522
493 238 656 259 ADDENDA
681 227 959 272 ET-LEMENDANDA
986 238 1030 259 AD
1055 239 1152 260 HVTT.
1171 238 1240 260 01’1’.
1266 238 1342 260 VOL.
1360 237 1396 258 11.
1703 217 1797 262 803

91 350 324 383 ieederentur
352 356 536 392 sequuntur
558 351 655 382 lzoee:
690 351 831 382 nemine
857 354 1046 392 spectante
1078 353 1210 392 praeter
1233 350 1412 392 pauculas
1436 349 1668 381 mulierculas
1699 349 1800 381 olera

90 411 200 449 atque
225 407 293 438 hoc
319 415 433 448 genus
451 416 566 447 nugas
584 405 795 438 vendentes.

89 464 178 495 Haec
199 467 375 503 prceterea
399 462 509 492 insunt
534 463 575 492 {le
601 466 655 493 tuo
680 462 831 493 Hutteno
859 464 1065 494 nominatim:

89 518 310 550 Franciscus
336 528 357 549 a
382 516 583 558 Sickingen
615 520 650 548 et
674 517 821 548 Ulrieus
846 518 1047 558 Huttenus,
1080 519 1151 550 imo
1182 518 1322 550 nobiles
1351 518 1513 550 universi
1544 518 1647 549 huius
1679 528 1800 549 causae

89 574 331 615 patrocinium
356 575 605 614 susceperunt.
1203 574 1278 608 (Ex
1303 575 1447 615 epistola
1472 586 1498 607 υ.
1517 576 1556 605 el.
1576 574 1710 613 Banm.)

89 698 178 739 Pag.
195 697 228 728 4.
248 707 276 728 v.
295 704 320 728 2.
339 696 404 727 inf.
423 695 505 728 adn.
526 705 633 727 corn:
659 695 706 728 cf.
725 705 834 737 supra
859 707 892 737 p.
911 697 988 728 436.
1008 707 1037 728 v.
1056 704 1096 728 29.
1118 700 1152 728 et
1177 708 1213 738 p.
1228 697 1305 728 438.
1323 707 1356 728 n.
1376 696 1482 730 CCX.

90 753 181 795 Pag.
201 754 251 784 10.
270 754 354 783 ante
381 750 607 783 CCXXVIII.
632 753 839 783 inserantur
863 755 1059 792 sequentes
1085 756 1157 784 tres
1183 752 1364 794 epistolae:

91 830 137 850 Ex
156 828 416 850 EBERNBVRGO.
824 815 1059 851 CCXXVII²÷=.
1530 818 1802 857 22.FEBR.(1521.)

770 895 843 924 VI..
867 895 927 924 AB
949 895 1133 924 HVTTEN

732 961 793 991 ΙΟ.
819 960 1037 991 CAPNIONI
1062 961 1095 991 S.
1119 962 1165 990 D.

92 1029 201 1083 Legi
240 1027 468 1084 epistolam
505 1034 622 1068 tuam
653 1028 710 1069 ad
740 1029 954 1081 Bauaros,
994 1028 1150 1084 quibus
1185 1029 1449 1070 accusationi
1479 1029 1636 1070 Leonis
1668 1030 1712 1070 X
1742 1045 1804 1071 re-

94 1084 295 1140 spondes.
354 1085 428 1126 Dii
459 1083 720 1126 immortales
753 1084 855 1139 quid
892 1099 971 1139 ego
1004 1084 1162 1126 video?
1201 1090 1243 1124 te
1273 1099 1322 1126 eo
1360 1092 1503 1126 motus
1544 1091 1585 1126 et
1616 1086 1804 1127 imbecil-

94 1140 230 1182 litatis
263 1140 524 1182 descendere
562 1147 610 1181 ut
647 1155 733 1181 non
773 1140 991 1181 abstineas
1030 1139 1271 1181 maledictis
1310 1140 1441 1181 etiam
1472 1140 1680 1182 adversus
1719 1156 1804 1192 eos,

94 1197 167 1252 qui
197 1203 238 1237 te
260 1203 479 1237 servatum
511 1211 680 1251 semper
700 1195 951 1249 voluerunt,
985 1195 1215 1251 aliquando
1237 1196 1366 1237 etiam
1393 1211 1548 1251 magno
1570 1212 1668 1238 cuni
1698 1198 1806 1252 peri-

52 1282 78 1290 r.
95 1251 213 1303 culo,
246 1252 608 1293 existimationem
638 1258 757 1293 tuam
788 1252 1089 1294 defenderunt.
1144 1252 1400 1293 Franciscus
1431 1252 1605 1308 quidem
1635 1253 1697 1293 sie
1728 1260 1804 1304 est,

93 1323 161 1349 me
198 1309 510 1364 interpretante
549 1307 634 1360 illi,
673 1315 929 1360 commotus,
968 1315 1016 1348 ut
1052 1323 1136 1349 non
1172 1309 1308 1363 possit
1346 1309 1501 1362 magis.
1560 1308 1671 1349 Nam
1702 1309 1804 1365 quid

25 1370 36 1388 ·’
93 1370 183 1406 tum
213 1364 489 1406 obtenturum
519 1370 563 1404 te
592 1364 709 1419 apud
740 1378 834 1417 eos,
867 1379 892 1404 a
922 1364 1077 1419 quibus
1110 1365 1234 1418 aequi
1262 1363 1449 1418 bonique
1480 1379 1699 1419 nunquam
1730 1379 1803 1404 im-

26 1435 37 1443 *
92 1421 281 1476 petrare¹
311 1419 474 1476 aliquid
495 1420 694 1475 potuisti,
719 1434 886 1474 speras,
916 1421 952 1460 si
974 1420 1029 1460 sit
1048 1420 1093 1459 in
1114 1426 1188 1460 tua
1208 1420 1288 1461 1100
1308 1426 1540 1474 potestate,
1562 1426 1610 1460 ut
1629 1420 1805 1461 Lutheri

28 1710 79 1743 §4.

29 1934 79 1968 §5.

31 2215 82 2247 §12

96 1490 296 1518 caussam
325 1476 590 1518 mterficias‘?
637 1475 804 1516 Novem
834 1475 919 1516 iam
951 1490 1084 1516 annos
1115 1476 1316 1515 continuo
1344 1490 1431 1517 non
1463 1476 1672 1528 didicisti,
1705 1477 1805 1530 quid

94 1531 306 1574 eblandiri
344 1532 399 1573 ab
438 1533 490 1572 iis
530 1532 688 1573 liceat?
749 1531 878 1583 Quod
916 1532 953 1572 si
983 1530 1163 1572 Lutheri
1200 1531 1458 1585 improbatio
1499 1533 1638 1586 possit
1677 1533 1805 1572 etiam

95 1589 260 1644 eripere
290 1589 417 1629 istinc
449 1594 510 1639 te,
550 1595 696 1629 tamen
725 1588 953 1628 honestum
983 1602 1069 1628 non
1099 1587 1352 1639 arbitrarer,
1385 1601 1456 1627 eas
1489 1594 1529 1628 te
1559 1595 1703 1641 partes
1737 1603 1807 1642 op-

94 1659 308 1700 pugnare,
347 1645 392 1684 in
423 1643 580 1699 quibus
619 1650 734 1684 stare
764 1643 886 1685 vides
918 1658 1012 1695 eos,
1052 1643 1330 1697 quibuscum,
1368 1643 1453 1682 nisi
1489 1643 1806 1697 ingratissimus

99 1715 193 1741 esse
223 1700 353 1752 velis,
386 1700 545 1740 sentire
576 1700 619 1740 in
649 1715 695 1740 re
724 1699 905 1741 honesta
935 1713 1103 1753 semper
1133 1698 1279 1739 debes.
1330 1697 1444 1739 Satis
1477 1713 1688 1754 superque
1719 1699 1808 1740 fue-

93 1764 161 1798 rat
198 1771 275 1811 pro
307 1755 558 1797 defensione
588 1762 663 1796 tua
702 1756 908 1807 scribere,
946 1754 1052 1795 nihil
1089 1755 1224 1795 fuisse
1262 1754 1342 1796 tibi
1379 1769 1476 1795 cum
1505 1755 1695 1795 Luthero
1734 1770 1808 1809 un-

95 1827 243 1868 quam,
281 1812 362 1853 1100
401 1818 443 1852 01;
478 1811 686 1853 Erasmus
725 1812 920 1864 scripsit,
960 1811 1083 1852 addis
1123 1825 1298 1851 causam
1337 1816 1378 1850 te
1416 1811 1506 1851 eius
1546 1811 1808 1866 improbasse

96 1883 285 1923 semper,
318 1868 537 1922 aegerrime
568 1867 718 1908 tulisse
739 1868 853 1922 quod
883 1873 1003 1908 tuum
1024 1881 1178 1907 nomen
1207 1867 1252 1905 in
1282 1865 1396 1906 illius
1419 1866 1590 1921 scriptis
1620 1867 1807 1907 inuenia-

97 1930 188 1976 tur,
220 1930 422 1965 conatum
443 1924 573 1964 etiam
596 1923 846 1965 abstrahere
867 1938 943 1963 nos
966 1924 1039 1978 qui
1069 1921 1132 1962 illi
1163 1921 1422 1963 adhaereant.
1464 1922 1558 1962 Hac
1582 1929 1670 1963 tam
1691 1922 1808 1963 foeda

96 1980 342 2022 adulatione
373 1994 519 2034 speras
542 1994 721 2021 exorare
753 1994 848 2032 eos,
881 1994 986 2034 quos
1018 1979 1052 2019 si
1082 1979 1149 2020 vir
1180 1993 1272 2019 esse
1302 1977 1409 2019 velis
1441 1993 1527 2019 non
1557 1978 1716 2019 debeas
1745 1994 1808 2019 sa-

95 2037 235 2078 lutare
265 2037 395 2077 etiam
425 2037 579 2089 amice,
620 2043 684 2077 tot
722 2043 811 2077 tam
850 2034 1040 2076 infandis
1072 2035 1208 2075 modis
1239 2034 1422 2089 pessime
1453 2034 1506 2075 de
1546 2041 1587 2075 te
1618 2035 1812 2076 meritos.

98 2093 183 2134 Sed
214 2106 359 2134 exora.
420 2092 478 2133 Et
508 2093 545 2132 si
574 2107 652 2147 per
681 2097 850 2133 aetatem
880 2091 1002 2143 licet,
1041 2090 1122 2132 1100
1154 2091 1280 2131 etiam
1311 2089 1404 2142 fac,
1442 2089 1559 2145 quod
1588 2096 1809 2146 tantopere

96 2163 225 2204 posse
255 2147 407 2200 velles,
441 2154 489 2189 ut
509 2148 691 2189 Romam
722 2148 871 2189 abiens
892 2147 1071 2189 Domini
1090 2147 1248 2188 Leonis
1278 2147 1408 2201 pedes
1439 2145 1665 2199 osculeris,
1698 2145 1809 2186 addc

101 2205 251 2258 etiam,
283 2203 399 2259 quod
423 2204 636 2246 detrectas
667 2205 862 2256 minime,
894 2211 943 2245 ut
971 2204 1014 2244 in
1044 2217 1121 2243 nos
1154 2202 1330 2243 scribas.
1380 2202 1544 2243 Tamen
1566 2202 1809 2243 videbimus

97 2268 167 2314 ut,
198 2259 269 2302 vel
298 2261 435 2302 inuito
467 2266 530 2313 te,
571 2268 613 2300 et
642 2275 739 2301 cum
769 2260 912 2315 impiis
946 2259 1188 2300 Curtisanis
1218 2258 1498 2310 reclamante,
1540 2258 1808 2298 excutiamus

98 2325 224 2372 turpe
253 2317 403 2371 iugum
433 2323 476 2357 et
505 2331 530 2357 a
560 2315 679 2357 foeda
709 2316 919 2357 seruitute
941 2317 1088 2371 (quam
1117 2322 1165 2355 tu
1194 2314 1380 2356 libenter
1410 2314 1612 2354 seruiisse
1644 2328 1810 2369 semper

77 2379 166 2425 .te,
205 2373 329 2428 quasi
364 2372 445 2413 1100
483 2378 523 2413 te
555 2372 733 2426 dignum
770 2372 920 2423 fuerit,
958 2372 1113 2424 iactas)
1143 2385 1219 2410 nos
1256 2370 1533 2412 vindicemus.
1594 2370 1694 2411 Tibi
1725 2370 1809 2410 dis-

98 2428 230 2484 plicet
266 2428 448 2470 Lutheri
484 2428 726 2482 negotium,
772 2434 814 2469 et
858 2427 965 2468 illud
1009 2427 1248 2482 improbas,
1294 2425 1512 2481 vellesque
1556 2426 1807 2467 extinctum.

99 2485 196 2525 Non
225 2485 345 2526 venit
381 2486 426 2525 in
463 2491 650 2526 mentem
686 2484 784 2535 tibi,
826 2484 951 2524 fortis
988 2484 1073 2524 viri
1111 2483 1174 2524 tui
1211 2482 1542 2538 propugnatoris
1575 2481 1807 2530 Francisci,

100 2556 186 2582 non
206 2541 313 2593 mei,
345 2541 419 2596 qui
449 2555 532 2581 non
562 2541 606 2581 in
635 2542 882 2596 postremis,
913 2545 1052 2594 prote
1074 2539 1190 2588 steti,
1225 2538 1353 2579 etiam
1384 2544 1485 2578 tunc
1505 2551 1602 2578 cum
1624 2537 1811 2578 maxime

100 2603 143 2638 et
171 2596 534 2652 periculosissime
556 2596 729 2638 arderet
757 2596 838 2638 1100
868 2595 1127 2636 incendium.
1176 2594 1272 2635 Non
1303 2595 1483 2634 aliorum
1513 2594 1585 2647 qui
1616 2599 1656 2633 te
1680 2607 1811 2633 manu

100 2659 144 2694 et
173 2667 267 2705 ore,
306 2667 404 2694 cum
435 2654 536 2708 quia
565 2654 628 2694 tui
659 2653 1004 2703 misererentur&
1043 2657 1133 2691 tum
1165 2651 1294 2691 etiam
1324 2649 1439 2705 quod
1468 2649 1671 2690 viderunt
1700 2663 1810 2689 com-

101 2723 272 2750 munem
309 2708 533 2750 literarum
570 2724 746 2750 eausam
784 2723 880 2750 eum
917 2713 992 2747 tua
1028 2707 1113 2747 ista
1149 2706 1439 2758 coniunctam,
1481 2704 1605 2746 tutati
1644 2719 1812 2759 semper

81 2771 278 2806 .strenue
309 2771 423 2806 sunt.
474 2765 567 2807 Has
598 2771 646 2806 tu
666 2771 811 2820 partes
842 2765 1096 2818 impugnare
1117 2762 1245 2814 velis,
1279 2761 1313 2802 si
1343 2760 1481 2816 possis
1513 2761 1662 2812 etiam,
1694 2759 1812 2800 nulla

101 2821 216 2862 bona
236 2821 518 2873 conscientia,
551 2820 627 2862 sed
657 2826 706 2861 ut
734 2820 921 2861 admisso
952 2818 1031 2859 hoe
1063 2818 1272 2869 facinore,
1303 2816 1410 2857 illud
1438 2817 1664 2871 impetres,
1696 2815 1807 2871 quod

103 2877 140 2917 si
178 2877 423 2918 offerretur3
468 2878 599 2918 etiam
637 2892 690 2917 an
729 2875 924 2931 accipere
960 2873 1115 2927 velles,
1160 2873 1358 2913 dubitare
1397 2872 1579 2924 debeas,
1619 2878 1662 2912 et
1699 2872 1809 2926 quod

103 2933 272 2974 etiamsi
301 2938 507 2988 perpetuo
530 2932 725 2975 'aduleris
754 2931 899 2986 (modo
930 2936 1044 2972 certe
1073 2930 1175 2971 novi
1205 2929 1329 2983 istos)
1360 2933 1503 2969 tamen
1531 2941 1617 2968 non
1647 2926 1805 2969 obtine·

194 3057 226 3098 1)
254 3058 494 3099 interpretare
519 3058 594 3090 MS.
687 3056 720 3097 2)
747 3056 977 3088 misereretur
994 3055 1068 3088 MS.
1161 3054 1194 3095 3)
1221 3054 1392 3086 offeretur
1416 3052 1489 3084 MS.
1507 3051 1550 3092 (5³)

1475 3105 1544 3139 51⁴*
