2119 3522
937 210 1093 234 SPIEGEL.
1777 192 1837 236 47
1847 193 1871 236 7

160 324 255 363 bula
285 324 474 363 ICtorum
497 357 505 364 .
532 357 538 363 .
562 325 787 375 colligere“
820 331 890 362 etc.
950 325 1043 362 Non
1077 325 1250 363 eundem
1289 325 1557 363 enarrationis
1596 325 1779 363 ordinem
1816 338 1875 362 se-

161 382 298 431 quitur
318 382 578 428 Burschcrus,
612 383 687 418 sic:
719 381 912 427 „Deinde
947 380 1242 431 [Heidelberga
1272 380 1430 432 relicta]
1464 381 1654 432 Friburgi
1683 382 1876 431 Brisgoiae

160 437 383 475 secundum
403 438 685 476 humaniorum
706 437 930 474 litterarum
951 436 1126 474 studium
1149 443 1187 475 et
1215 437 1470 474 historiarum
1492 438 1680 483 studium,
1714 451 1877 488 operam

163 493 277 531 dedit
307 494 404 531 iuris
435 494 623 539 scientiae,
658 492 828 530 audiens
850 493 890 529 in
922 493 1059 542 primis
1081 493 1262 530 Ulricum
1285 493 1455 540 Zasium,
1494 507 1611 544 quem
1633 500 1774 544 postea
1806 507 1879 544 per

163 563 321 587 omnem
361 550 485 587 vitam
524 555 563 586 et
606 554 894 599 preeceptorem
933 554 972 585 et
1009 549 1178 585 amicum
1220 561 1415 586 summum
1453 550 1621 600 agnovit
1659 550 1876 600 coluitque.

162 605 278 643 Idem
309 606 405 643 fecit
426 605 636 654 Tubingae,
670 618 746 655 quo
769 605 882 642 venit
903 604 1099 654 Magister
1128 605 1206 641 iam
1230 610 1396 651 creatus,
1431 619 1539 643 anno
1566 606 1685 643 1511.
1733 606 1878 655 Itaque

163 661 391 699 eruditione
422 661 534 698 varia
566 661 743 707 et‘rara,
777 661 818 697 in
850 661 989 711 primis
1020 674 1116 698 vero
1149 661 1245 697 iuris
1277 661 1496 711 prudentia
1527 661 1674 708 clarus,
1708 662 1878 712 primum

162 717 441 754 Maxiiniliano
465 718 495 756 I.
519 718 772 767 imperatori,
807 722 846 754 et
876 722 966 766 post
997 716 1115 753 huius
1145 722 1312 754 mortem
1345 716 1490 754 Carolo
1513 718 1562 756 V.
1588 716 1754 763 Caesari‚
1787 730 1879 754 mox

162 773 427 811 Ferdinando
450 773 482 810 I.
504 775 589 823 regi
622 773 699 810 fuit
721 772 770 810 ab
803 772 985 822 epistolis
1012 778 1051 809 et
1073 773 1262 818 consiliis,
1296 778 1417 823 atque
1438 772 1702 823 Argentorati
1731 787 1880 823 magna

162 830 296 867 floruit
312 830 552 867 auctoritate
577 859 583 866 .
605 860 612 866 .
633 858 641 866 .
673 829 852 866 Lexicon
876 829 971 865 iuris
989 828 1117 866 civilis
1137 856 1146 866 .
1167 859 1173 865 .
1198 829 1402 878 congessit
1420 828 1664 878 Spiegelius.
1685 829 1879 866 Richardi

163 886 393 923 Bartholini
424 884 666 922 Austriados
695 884 818 922 libros
848 896 907 921 XII
937 890 977 922 et
1009 883 1210 922 Giintheri
1241 890 1370 935 poetae
1405 881 1510 934 [sive
1544 884 1722 922 Conradi
1755 884 1878 922 Celtis

163 939 318 992 potius]
353 955 451 992 opus
475 941 524 979 de
554 941 671 979 rebus
705 941 828 991 gestis
853 939 1022 978 Caesaris
1044 940 1241 978 Frideriei
1262 940 1426 977 scholiis
1458 941 1686 980 illustravit.
1709 940 1879 977 Antonii

162 998 405 1035 Panormitae
444 998 565 1035 etiam
602 997 716 1034 libris
739 1010 780 1035 lv
805 997 854 1034 de
887 997 1003 1034 dictis
1036 1002 1075 1034 et
1113 997 1229 1034 factis
1259 996 1462 1047 Alphonsi
1503 997 1608 1047 regis
1641 997 1878 1046 Arragoniae

164 1054 317 1091 scholia
347 1054 506 1091 adiecit.
560 1053 728 1104 Scripsit
758 1059 955 1104 praeterea
986 1053 1316 1103 explanationem
1348 1054 1387 1090 in
1429 1058 1786 1104 progymnasmata
1814 1053 1877 1089 Io-

164 1111 282 1147 annis
303 1110 521 1147 Reuelilini
555 1107 806 1160 [‘enarravit
837 1122 996 1147 carmen
1028 1109 1113 1147 Ioa.
1136 1109 1345 1147 Francisci
1366 1109 1451 1146 Pici
1485 1109 1534 1147 de
1565 1109 1765 1160 mysteriis
1796 1109 1878 1145 Do-

164 1167 318 1203 minicze
350 1167 495 1212 crucis,
531 1179 655 1214 nuper
676 1167 717 1203 in
741 1165 1001 1203 Germaniam
1023 1165 1218 1216 delapsis'
1244 1163 1332 1215 (sic)
1358 1163 1572 1215 Adamas]
1606 1166 1879 1216 expositiones

166 1223 205 1259 in
237 1223 451 1260 Prudentii
482 1222 673 1273 hymnos,
715 1228 832 1259 notas
870 1223 912 1259 in
944 1222 1003 1259 Io.
1025 1222 1186 1260 Ioviani
1216 1221 1395 1259 Pontani
1432 1221 1577 1259 librum
1611 1221 1660 1259 de
1698 1222 1878 1258 immani-

163 1284 247 1316 tate
269 1279 338 1315 (Ἑο.
370 1278 464 1315 Vid.
488 1278 673 1328 praefatio
696 1278 837 1315 Lexici
861 1277 1114 1328 Spiegeliani
1145 1277 1195 1315 ab
1227 1278 1314 1328 ipso
1346 1285 1507 1315 auctore
1539 1279 1699 1328 scripta,
1732 1278 1879 1315 Meleli.

163 1335 312 1372 Adami
344 1335 447 1372 Vitae
481 1334 721 1372 Germanor.
745 1333 879 1372 ICtor.
904 1340 943 1371 et
972 1334 1179 1371 Politicor.
1208 1347 1242 1379 p.
1259 1339 1312 1369 31.
1336 1334 1399 1374 ed.
1422 1334 1487 1373 Ff.
1511 1334 1563 1371 ad
1584 1334 1638 1372 M.
1666 1335 1784 1371 1706.
1809 1334 1879 1371 fol.

163 1390 291 1436 p.31⁷.
319 1422 325 1427 .
349 1390 496 1440 quibus
528 1390 730 1428 addendae
761 1396 855 1427 sunt
884 1391 1041 1427 Erasmi
1073 1390 1300 1441 epistolae“.
1360 1390 1422 1427 Ea
1454 1390 1648 1441 Spiegelii
1681 1390 1731 1427 ad
1761 1390 1880 1427 Eras-

164 1461 269 1484 mum
292 1447 473 1497 epistola,
508 1446 559 1484 ad
591 1459 710 1497 quam
740 1447 851 1484 illam
883 1446 1189 1484 adnotationem
1219 1447 1379 1496 scripsit
1400 1446 1661 1492 Burscherus,
1697 1446 1790 1483 data
1822 1452 1883 1483 est

164 1503 427 1553 Argentorati
451 1503 487 1540 d.
508 1504 571 1542 23.
591 1503 696 1542 NoV.
719 1516 754 1540 a.
775 1504 894 1539 1531.
926 1524 972 1529 —-
1006 1502 1128 1539 Anno
1153 1503 1271 1540 1513.
1295 1502 1574 1553 praefationem
1596 1502 1647 1540 ad
1671 1502 1881 1552 epistolam

164 1559 399 1597 Emanuelis
422 1560 528 1609 regis
551 1559 602 1596 ad
625 1559 805 1597 Leonem
826 1572 865 1595 x.
888 1559 1047 1609 scripsit
1076 1559 1193 1605 ,‚Iac.
1218 1558 1384 1609 Spiegcl
1408 1558 1651 1596 Selestensis
1673 1558 1772 1608 ch.
1795 1558 1881 1596 Lic.

167 1615 266 1653 Caes.
287 1615 534 1653 Secretarius
558 1622 597 1653 ct
618 1615 886 1653 archiducalis
909 1615 958 1652 ab
982 1613 1169 1665 epist.“‘3
1204 1629 1239 1652 a.
1260 1616 1380 1652 1514.
1398 1616 1581 1653 nominat
1602 1628 1688 1652 sese
1710 1615 1882 1660 „iurium

165 1673 206 1708 in
238 1671 371 1710 studio
402 1672 607 1709 Vienneii.
632 1672 901 1723 professorem
915 1669 979 1720 “⁹3
1012 1670 1110 1709 idib.
1134 1671 1255 1709 Febr.
1279 1685 1314 1708 a.
1342 1672 1461 1709 1514.
1484 1671 1636 1721 prodiit
1667 1671 1774 1708 inter
1804 1671 1884 1708 alia

164 1728 372 1778 ‘Epistola
408 1729 603 1765 liminaris
628 1757 635 1765 .
662 1760 669 1767 .
693 1729 791 1765 mire
831 1728 989 1766 erudita
1038 1728 1088 1765 ad
1128 1727 1449 1779 Maximilianum
1484 1728 1559 1765 Ro.
1582 1728 1735 1777 Regem
1749 1725 1790 1776 ¹⁰3
1831 1741 1882 1764 m.

166 1783 255 1822 Oet.
279 1799 314 1823 a.
340 1786 458 1823 1517.
495 1784 793 1822 ‘Excellentiss
815 1785 991 1821 Domino
1015 1784 1162 1822 Iacobo
1187 1784 1352 1834 Spiegel
1372 1784 1406 1821 I.
1423 1784 1474 1822 V.
1498 1784 1688 1830 Doctori,
1722 1797 1768 1820 ac
1800 1782 1882 1820 Ca}-

167 1854 290 1879 sareae
311 1841 537 1878 Maiestatis
570 1855 592 1878 a
623 1842 806 1879 secretis'
838 1840 1009 1878 Ursinus
1030 1840 1171 1878 Velius
1205 1841 1367 1878 dedicat
1396 1853 1510 1877 suum
1532 1840 1584 1878 ad
1606 1840 1774 1876 Mariam
1805 1840 1882 1876 vir-

165 1898 297 1945 ginem
317 1895 500 1934 votum¹¹.
552 1898 615 1935 De
646 1903 772 1934 morte
804 1897 904 1934 nihil
927 1897 1025 1934 mihi
1056 1902 1224 1943 constat,
1258 1897 1336 1934 nisi
1358 1897 1465 1946 quod
1496 1910 1578 1933 non
1608 1902 1701 1933 ante
1733 1909 1883 1932 annum

170 1954 287 1993 1538.
310 1960 450 1992 secuta
481 1960 553 1991 est.
595 1976 643 1980 —
690 1954 867 1992 Ioannes
905 1953 1197 1991 Piemontanus
1236 1954 1277 1990 in
1315 1952 1402 1991 MS.
1424 1953 1589 1991 Auetar.
1612 1965 1706 1990 serr.
1731 1952 1826 1989 eccl.
1848 1965 1883 1997 p.

167 2015 226 2045 65α
250 2010 299 2047 de
323 2023 368 2047 eo
390 2010 494 2048 haec:

167 2087 354 2127 „lacobus
388 2087 432 2118 de
465 2086 620 2128 speculis
646 2087 803 2119 Natione
835 2087 1042 2119 teutonicus
1073 2087 1193 2128 patria
1222 2085 1517 2118 sletstadinensis
1544 2085 1619 2117 diui
1642 2085 1885 2117 Maximiliani

168 2143 399 2184 Imperatoris
429 2144 623 2174 secretarii
654 2143 759 2175 homo
791 2144 828 2174 in
853 2143 983 2175 studiis
1007 2143 1248 2174 humanitatis
1274 2143 1510 2174 exercitatum
1535 2141 1675 2173 habens
1700 2142 1883 2183 ingenium

169 2205 204 2230 ct
229 2198 430 2229 diuinarum
455 2199 715 2240 scripturarum
748 2210 819 2231 non
849 2199 998 2241 ignarus
1030 2203 1067 2230 et
1092 2198 1281 2240 vtriusque
1314 2200 1403 2230 iuris
1434 2198 1619 2240 professor
1643 2198 1787 2239 ingenio
1814 2197 1884 2229 cla-

167 2264 226 2286 rus
253 2258 288 2286 et
314 2254 457 2296 eloquio
490 2258 619 2286 cautus
651 2259 763 2287 metro
797 2266 975 2297 prosaque
1001 2258 1130 2297 potens
1185 2255 1254 2295 Qui
1288 2258 1323 2286 et
1354 2255 1384 2286 si
1413 2254 1587 2296 pleraque
1613 2254 1751 2295 ingenii
1778 2253 1887 2285 studii

168 2310 428 2351 facultatisque
455 2320 518 2342 sue
546 2311 784 2352 professionis
810 2322 888 2343 eum
915 2311 1107 2353 scripsisse
1140 2310 1286 2342 credam
1314 2310 1366 2342 nil
1397 2311 1485 2342 mihi
1511 2308 1563 2352 q&
1588 2310 1632 2342 de
1659 2310 1710 2342 eis
1741 2306 1886 2351 assigne

166 2367 345 2398 haetenus
371 2368 528 2398 occurrit
551 2367 626 2409 legi
653 2368 730 2399 eius

167 2423 221 2454 Ad
249 2423 414 2455 Sibutum
439 2428 542 2456 metro
568 2425 714 2466 eleyiaeo
741 2423 862 2466 eplam
928 2422 943 2464 j
1016 2423 1095 2462 Quo
1120 2433 1174 2455 me
1199 2422 1387 2465 laurigera

168 2479 269 2511 Viuit
295 2479 411 2510 adhuc
438 2480 539 2511 varia
565 2480 801 2513 conscribens
828 2480 892 2512 sub
917 2479 1169 2512 Maximiliano
1193 2478 1466 2521 Imperatore“.

169 2548 275 2585 Tum
304 2548 413 2586 idem
442 2548 715 2587 Butzbachius
747 2549 817 2587 fol.
844 2550 961 2587 150³:

171 2624 356 2665 „Iacobus
387 2624 501 2667 spigel
531 2627 681 2658 natione
714 2636 906 2667 germanus
939 2636 1087 2657 cesaree
1119 2625 1323 2656 maiestatis
1354 2624 1421 2656 hoc
1452 2627 1614 2665 tempore
1646 2624 1691 2655 ab
1722 2623 1887 2665 epistolis

168 2681 273 2712 homo
304 2691 393 2712 sane
427 2681 462 2712 in
486 2682 582 2713 omni
615 2682 854 2713 humanitatis
884 2682 1092 2712 litteratura
1119 2684 1155 2711 et
1181 2680 1265 2711 aliis
1299 2680 1484 2720 quibusuis
1518 2679 1562 2710 ad
1598 2679 1754 2710 officium
1786 2688 1886 2710 suum

170 2736 436 2778 pertinentibus
467 2738 630 2768 scientiis
662 2738 794 2779 optime
826 2738 984 2769 imbutus
1015 2740 1124 2778 poeta
1154 2739 1190 2768 et
1215 2739 1336 2768 orator
1366 2736 1571 2777 logistaquc
1605 2735 1760 2776 insignis
1785 2735 1887 2777 inge-

170 2794 230 2825 nio
256 2793 543 2834 promptissimus
570 2796 605 2825 et
630 2793 774 2834 eloquio
801 2796 917 2825 tersus
945 2797 1053 2834 atque
1078 2792 1258 2824 facundus
1306 2791 1502 2833 Scripsisse
1527 2802 1606 2823 eum
1631 2791 1778 2823 tradunt
1804 2800 1887 2831 quc-

172 2848 254 2880 dam
287 2849 468 2891 elegantis
499 2849 662 2881 doctrine
690 2848 832 2890 (preter
864 2848 1038 2891 epistolas
1068 2849 1277 2880 innumeras
1307 2849 1345 2879 in
1376 2858 1533 2889 persona
1563 2848 1722 2889 cesaris)
1755 2848 1888 2888 compi-

262 2984 295 3026 7)
316 2984 372 3018 ed.
389 2984 559 3017 Haidelb.
581 2986 677 3019 1620.
696 2984 743 3018 8⁰.
764 2996 796 3027 p.
816 2986 870 3016 66.
889 2995 941 3026 sq.
1077 2984 1111 3025 8)
1138 2984 1242 3015 Deni-s·
1266 2984 1384 3015 H'iens
1406 2983 1761 3025 Buelzdruelcergyesele.
1781 2993 1814 3024 p.
1832 2984 1885 3012 82.

261 3041 295 3082 9)
315 3041 403 3075 ibid,
422 3052 455 3084 p,
474 3043 548 3077 109.
666 3041 720 3081 10)
741 3041 827 3072 ibid.
847 3053 878 3083 p.
902 3042 973 3075 114,
1091 3039 1143 3081 11)
1163 3040 1249 3072 ibid.
1268 3051 1301 3082 p.
1321 3042 1394 3073 178.
