2119 3522
261 244 356 290 436
756 263 862 284 INDEX
886 261 1140 284 1310GRAPn1cvs
1163 262 1205 283 ET
1229 261 1469 286 ONOMASTICVS.

262 376 511 427 propagavit.
543 373 732 424 Friburgi
753 375 976 424 Brisgoviae
998 375 1036 413 d.
1062 377 1097 413 1.
1120 375 1198 414 Iul.
1221 391 1256 414 a.
1283 377 1403 416 1488.
1426 377 1468 414 in
1498 376 1749 415 matriculam
1768 377 1965 415 universi-

259 432 369 476 tatis,
411 437 494 468 tum
526 443 560 467 a.
586 430 706 467 1489.
737 431 778 466 in
810 430 1179 480 Ingolstacliensem
1209 433 1444 483 inscriptus,
1487 432 1636 470 deinde
1667 433 1709 469 in
1738 433 1859 470 Italia
1888 433 1964 470 Bo-

258 488 403 532 noniae,
437 486 506 523 ubi
528 485 772 523 Beroaldum
802 487 970 533 audivit,
1002 487 1244 538 Pataviique
1265 488 1467 539 praecipue
1488 487 1791 527 humanioribus
1821 489 1966 526 litteris

255 542 456 590 incubuit3
499 540 548 578 ab
581 554 687 579 anno
721 542 840 581 1495.
870 541 1077 593 Friburgi,
1117 549 1201 581 tum
1238 544 1379 582 laurea
1415 545 1574 594 poetica
1604 557 1639 581 a.
1665 544 1784 581 1497.
1816 544 1865 581 ab
1896 545 1964 581 im-

257 603 443 648 peratore
476 597 687 635 decoratus
719 597 815 635 inde
847 597 895 635 ab
928 612 963 636 a.
990 599 1110 636 1498.
1131 599 1374 650 Ingolstaclii
1407 599 1532 638 Celtis
1562 613 1768 638 successor
1797 599 1966 639 Latinas

254 654 410 691 litteras
449 666 597 703 magna
634 666 722 690 cum
752 653 874 691 laude
913 654 1049 692 (locuit
1078 667 1206 706 usque
1238 655 1289 693 ad
1321 670 1355 694 a.
1382 657 1522 702 1505.,
1565 668 1643 706 quo
1681 655 1963 702 simultatibus,

256 722 353 759 quas
376 722 465 746 cum
486 709 619 746 Zinlio
641 709 857 760 theologiae
878 710 1119 760 professore,
1152 711 1309 750 hebetis
1332 711 1494 762 quidem
1518 712 1710 749 doctrinae
1731 711 1804 749 sed
1826 716 1966 749 contra

252 765 534 802 humaniorum
555 764 778 803 litterarum
798 766 999 804 studiosos
1021 767 1223 805 acerrimae
1246 767 1410 805 invidiae
1431 767 1595 805 homine
1629 765 1715 817 (qui
1732 767 1770 805 d.
1789 767 1962 817 26.Apr.

253 835 288 858 a.
303 822 422 859 1508.
447 817 578 872 obiit),
604 820 872 869 exercuerat²,
904 822 1147 874 Friburgum
1169 828 1353 872 repetere
1375 829 1535 861 coactus
1557 837 1647 861 cum
1661 823 1964 874 Wimphelingo

254 875 485 927 zasioque³‚
520 883 642 915 antea
675 878 711 915 ei
743 879 1005 925 amicissimis,
1039 880 1268 918 inimicitias
1296 880 1506 926 contraxit,
1540 880 1602 917 vir
1631 885 1675 916 ut
1705 879 1896 929 praecocis
1919 892 1965 917 ac

252 947 333 970 non
356 933 643 970 contemnendi
664 934 832 984 ingenii,
865 935 921 972 ita
942 935 1117 972 rixarum
1147 936 1499 986 conviciorumque
1530 935 1759 973 inamabilis
1790 940 1963 973 amator:

252 989 579 1039 WVimphelingus
611 990 653 1027 in
685 1003 756 1028 suo
790 997 931 1028 eontra
960 991 1235 1029 Philomusum
1266 992 1405 1030 libello
1427 992 1626 1030 Vilomusi
1658 997 1697 1029 et
1721 991 1964 1041 Mulopoetae

251 1045 417 1082 nomina
438 1045 475 1083 ei
508 1045 632 1083 dedit.
678 1045 917 1097 Insequenti
940 1061 1047 1084 anno
1070 1061 1093 1085 a
1113 1048 1296 1085 Bavariae
1321 1048 1422 1085 duce
1453 1061 1524 1085 zur
1544 1049 1687 1084 [θείαν
1706 1049 1776 1084 der
1791 1047 1967 1084 Poeterei

250 1107 417 1139 vocatus
454 1100 750 1151 Ingolstaclium
789 1102 958 1152 refugit,
1000 1103 1070 1140 ubi
1110 1104 1148 1141 sl.
1178 1104 1217 1141 4.
1242 1102 1331 1143 Oct.
1362 1117 1398 1141 a.
1423 1103 1543 1141 1528.
1572 1103 1695 1140 vitam
1731 1103 1964 1152 exspiravit.

251 1157 315 1194 De
337 1157 420 1194 vita
451 1158 691 1207 scriptisque
712 1158 884 1196 Loeheri
905 1159 1000 1196 vide
1032 1157 1164 1197 infra⁴
1194 1159 1380 1197 laudatos
1411 1159 1548 1197 libros.
1571 1157 1786 1196 subicimus
1808 1172 1858 1196 ex
1878 1158 1964 1196 Ioa.

249 1212 508 1250 Piemontani
538 1213 625 1251 MS.
646 1213 842 1251 Auctario
874 1227 969 1252 scrr.
993 1215 1089 1253 eccl.
1112 1216 1182 1253 fol.
1208 1217 1263 1253 7³.
1287 1215 1500 1253 articulum
1520 1215 1647 1253 hunc:

250 1289 406 1321 Iacobus
437 1289 561 1321 locher
592 1292 828 1331 cognomento
861 1290 1085 1332 philomusus
1117 1292 1272 1324 nacione
1303 1292 1509 1324 teutonicus
1540 1292 1661 1333 patria
1690 1301 1822 1323 suenus
1847 1291 1903 1323 vir
1926 1291 1964 1322 in

250 1345 469 1378 secularibus
500 1345 638 1378 litteris
670 1347 817 1388 egregie
849 1346 1040 1379 instructus
1073 1351 1108 1379 et
1138 1347 1340 1379 diuinorum
1371 1347 1467 1379 haud
1494 1347 1860 1389 expers'seriptorum
1886 1346 1963 1388 phi-

248 1400 419 1443 losophus
443 1401 565 1433 rhetor
592 1404 627 1433 et
651 1405 753 1434 vates
779 1402 1036 1435 celeberrimus
1056 1403 1203 1445 ingenio
1228 1403 1411 1436 excellens
1435 1407 1471 1436 et
1489 1403 1633 1444 eloquio
1651 1406 1838 1445 promptus
1855 1412 1963 1443 quon-

249 1457 329 1488 dam
356 1457 498 1489 auditor
524 1457 717 1489 sebastiani
741 1458 850 1490 brant
887 1458 1085 1501 Scripsisse
1110 1459 1266 1500 plurima
1291 1459 1406 1491 fertur
1432 1459 1561 1500 quibus
1582 1469 1707 1491 nomen
1725 1468 1825 1490 suum
1842 1462 1963 1500 poste-

249 1513 349 1544 ritati
375 1512 641 1545 commendauit
667 1524 684 1545 e
711 1514 841 1554 quibus
866 1515 943 1547 vidi
969 1515 1136 1547 subiecta

248 1568 302 1600 Ad
321 1569 560 1601 sebastianum
587 1570 694 1601 brant
921 1570 1014 1612 epl'a
1036 1570 1050 1611 j
1191 1571 1229 1603 Si
1247 1571 1304 1602 fas
1324 1574 1379 1603 est
1397 1574 1589 1613 preceptor
1609 1570 1866 1603 iucundissime

248 1624 300 1655 Ad
321 1624 470 1657 eundem
492 1625 668 1667 prolixum
689 1629 725 1657 et
742 1625 868 1657 instru-

293 1683 387 1712 ctum
954 1693 1014 1714 car
1035 1681 1049 1722 j
1189 1682 1226 1714 Si
1244 1682 1331 1713 mihi
1350 1693 1443 1715 nunc
1462 1693 1557 1724 pean
1576 1692 1703 1714 sacras

247 1736 450 1778 Appologia
468 1738 523 1769 sui
542 1737 728 1779 saphicum
955 1748 1016 1769 car
1037 1737 1050 1778 j
1190 1738 1398 1771 Grandibus
1417 1742 1568 1781 possunt
1584 1738 1742 1770 numeris
1759 1747 1888 1770 sonare

246 1792 286 1823 In
306 1794 563 1834 narragoniam

905 1794 1018 1835 epigr:
1037 1794 1142 1835 plura

1190 1795 1328 1826 Nauem
1348 1794 1531 1827 stultorum
1551 1793 1722 1826 Carmina
1739 1794 1814 1825 sint

247 1849 287 1880 In
310 1848 461 1880 eandem
480 1848 649 1891 prologus
922 1850 1015 1891 epl'a
1037 1848 1051 1890 j
1191 1849 1279 1882 Cum
1298 1861 1436 1883 mecum
1455 1851 1515 1883 diu
1532 1850 1754 1891 multumque
1776 1848 1924 1891 cogitas3

246 1905 287 1935 In
312 1905 462 1937 eandem
489 1905 691 1947 proludium
716 1905 866 1938 hecato-

293 1958 431 1992 stichon
987 1961 1014 1992 li
1034 1961 1048 2002 j
1189 1962 1259 1994 Per
1277 1965 1428 1994 cunctas
1446 1965 1594 1994 resonat

247 2016 461 2049 Translacio
480 2017 641 2049 eiusdem
660 2017 702 2050 de
721 2021 814 2059 teuff‘g
831 2017 867 2048 in

293 2071 387 2103 latin
989 2073 1012 2103 li
1033 2072 1047 2113 j
1189 2074 1241 2105 Ad
1259 2074 1451 2106 humanam
1472 2075 1616 2116 generis
1634 2073 1848 2106 felicitatem

248 2128 449 2160 Excusacio
468 2130 523 2160 sui
543 2131 701 2161 carmine
719 2129 862 2172 saphico
988 2128 1014 2159 li
1034 2129 1048 2169 j
1188 2129 1372 2161 Ver-timus
1389 2140 1502 2162 naues
1523 2130 1647 2162 fatuas
1664 2129 1791 2162 latinis

247 2183 300 2214 Ad
313 2182 484 2224 joannem
502 2186 763 2227 bergmannum
931 2185 1014 2226 epla
1034 2184 1049 2225 j
1188 2185 1235 2217 Et
1253 2186 1283 2217 si
1301 2196 1371 2218 non
1391 2186 1515 2219 dubito
1535 2187 1650 2218 amice

247 2239 300 2271 Ad
324 2250 491 2273 numeros
515 2251 599 2273 suos
623 2251 767 2274 carmen
787 2252 866 2284 pro-

291 2294 403 2327 lixum
986 2297 1013 2328 li
1032 2296 1047 2338 j
1186 2298 1241 2329 Ite
1261 2297 1367 2330 rudes
1385 2299 1525 2330 numeri
1544 2298 1710 2330 millenos

247 2350 302 2382 De
320 2354 426 2383 nocte
443 2353 527 2384 vino
546 2356 582 2385 et
599 2352 749 2385 muliere
768 2363 914 2385 carmen
984 2353 1010 2384 li
1031 2353 1045 2393 j
1184 2353 1262 2385 Nox
1279 2354 1400 2385 vinum
1422 2354 1552 2386 mulier

247 2406 411 2448 Epistole
429 2407 550 2449 plures
568 2412 604 2440 et
624 2408 812 2450 elegantes
987 2408 1014 2440 li
1035 2408 1049 2450 j

246 2463 524 2505 Epigrammata
548 2465 653 2496 varia
988 2465 1014 2496 li
1035 2463 1051 2505 j

248 2519 295 2550 Et
326 2519 401 2551 alia
433 2519 576 2552 diuersa
607 2531 675 2562 que
712 2520 868 2553 nondum
906 2519 951 2551 ad
982 2530 1109 2552 manus
1146 2523 1289 2552 nostras
1320 2524 1564 2562 peruenerunt
1613 2522 1748 2553 Viuere
1781 2521 1898 2552 adhuc
1925 2524 1961 2552 et

247 2585 461 2617 componere
487 2576 698 2618 perhibetur
723 2577 788 2608 sub
818 2576 1067 2608 maximiliano
1092 2576 1314 2618 Imperatore
1340 2577 1443 2609 Anno
1470 2575 1530 2608 (1ᾗί
1557 2578 1657 2611 1.5.8.
1686 2574 1724 2619 [i.
1747 2587 1777 2608 e.
1799 2573 1914 2619 1508]

248 2643 435 2682 Ceterum
474 2645 753 2683 adnotandum
794 2652 853 2684 est
894 2659 918 2683 a
958 2645 1115 2684 Ioanne
1153 2644 1402 2683 Butzbachio
1446 2645 1489 2682 in
1527 2646 1791 2696 inscriptione
1829 2646 1961 2696 quarti

245 2699 338 2737 libri
376 2702 438 2738 sui
468 2701 797 2740 Microstromatis
836 2702 956 2740 etiam
990 2702 1188 2741 Ioannem
1219 2701 1368 2740 Siberti
1401 2701 1714 2740 ‘Philomusum’
1747 2701 1959 2752 appellari.

246 2756 298 2793 cf.
320 2762 394 2794 art.
415 2757 615 2796 Piemont.

335 2866 369 2907 2)
389 2867 435 2901 cf.
454 2868 565 2899 etiam
584 2867 706 2900 adnot.
726 2868 770 2900 ad
789 2869 890 2900 Hutt.
911 2868 1099 2909 Querelar.
1115 2868 1162 2900 II.
1182 2870 1232 2901 10.
1252 2880 1303 2900 vv.
1321 2875 1477 2901 225...228.
1595 2867 1629 2909 3)
1656 2867 1854 2908 Stintzing,
1880 2865 1957 2898 Ulr.

337 2922 478 2956 Zasius.
527 2923 636 2954 Basel
655 2925 752 2956 1857.
774 2923 822 2956 8⁰.
845 2935 918 2966 pag
936 2925 1079 2957 56...61.
1215 2924 1252 2966 4)
1273 2925 1374 2966 Zapl}
1398 2925 1471 2958 dae.
1493 2925 1626 2956 Loclzer
1646 2934 1720 2965 gyen.
1740 2924 1957 2955 Philomusus.

335 2978 465 3011 Nitrnb.
485 2979 580 3013 1803.
599 2978 645 3010 80.
692 2981 737 3012 A.
754 2981 799 3011 H.
817 2980 959 3012 Erlzarsl
975 2981 1093 3015 Gesclz.
1111 2982 1142 3014 (Z.
1165 2980 1411 3020 le'edertzufbl.
1429 2982 1460 3012 d.
1479 2992 1517 3014 w.
1536 2979 1625 3013 Bild.
1659 2979 1775 3020 Mayd.
1796 2978 1892 3010 1832.
1911 2976 1957 3009 8⁰.

335 3034 401 3068 ΙΙΙ.
426 3045 459 3076 p.
480 3035 666 3066 171...199.
695 3038 730 3066 et
754 3037 938 3077 praecipue
966 3037 1012 3068 H.
1033 3036 1228 3074 Schreiher,
1265 3036 1380 3069 Geselz.
1407 3038 1469 3068 der
1494 3036 1589 3068 Univ.
1608 3034 1773 3075 Frez'bmy
1797 3035 1816 3068 ἰ.
1834 3032 1898 3065 Br.
1928 3033 1957 3066 Ι.

336 3100 372 3133 p.
389 3091 534 3125 70...82.
