2119 3522
773 208 904 231 CORDVS
930 223 937 230 .
952 223 960 231 .
976 222 984 230 .
1009 208 1188 231 CORVINVS.
1746 192 1839 237 351

123 322 314 362 immensa,
343 321 374 353 si
399 321 473 354 filio
497 323 603 354 huius
622 321 787 363 Valerio,
814 322 850 353 id
878 322 1084 363 absolvere,
1112 323 1207 363 quod
1232 325 1383 364 uterque
1407 323 1635 364 instituerat,
1662 323 1843 356 licuisset:

124 377 193 416 Qui
212 377 333 409 Romae
353 380 410 409 est
428 388 507 409 cum
525 378 681 409 omnium
699 377 799 409 luctu
825 380 1002 419 mortuus,
1030 382 1065 409 et
1089 378 1235 419 reliquit
1258 379 1387 421 ingens
1411 378 1627 411 desiderium
1652 390 1722 412 non
1739 380 1843 412 modo

123 433 263 474 peritiae
283 436 319 465 et
336 433 527 474 doetrinae,
554 433 616 465 sed
636 433 745 464 etiam
763 434 906 465 virtutis
930 436 966 466 et
989 434 1228 467 humanitatis
1247 444 1333 468 suae.
1379 434 1467 466 Cum
1486 438 1590 477 patre
1610 439 1730 467 autem
1756 436 1844 467 mihi

121 489 321 530 singularis
345 499 428 521 usus
447 489 726 521 necessitudinis
743 489 950 521 intercessit
966 490 1189 531 Erphordiae.
1237 491 1363 531 Neque
1383 491 1446 523 illo
1464 502 1531 534 ego
1556 502 1760 533 quenquam
1786 502 1843 523 co-

122 545 230 586 gnovi
249 545 367 587 magis
385 545 443 577 vel
461 545 713 578 vehementius
732 547 851 587 potius
870 545 1070 577 studiosum
1088 546 1270 587 veritatis,
1290 550 1326 578 et
1343 548 1401 588 qui
1421 548 1523 588 peius
1541 548 1680 579 odisset
1698 548 1844 580 menda-

122 601 178 632 cia
205 604 240 632 et
263 601 479 633 vanitatem.
528 601 619 632 Erat
644 604 765 632 autem
790 604 921 633 natura
946 601 1126 643 asperior,
1155 605 1191 633 et
1208 602 1316 644 paulo
1335 603 1585 644 impatientior
1603 614 1752 645 quaeque
1771 605 1842 636 dis-

121 656 312 697 simulare,
336 657 427 688 nihil
454 657 529 689 fere
559 667 626 698 quo
653 657 915 698 offenderetur,
942 667 986 688 ac
1012 656 1107 688 ferre
1133 661 1268 699 posset.
1310 658 1412 697 Quod
1439 659 1475 690 in
1502 670 1616 691 causa
1639 661 1712 692 fuit
1735 665 1774 692 ut
1805 661 1842 691 in

122 712 322 754 aliquorum
340 712 519 744 interdum
539 713 828 753 indignationem
847 713 1066 752 incurreret,
1087 723 1108 743 a
1126 713 1255 754 quibus
1273 714 1452 755 potuisset
1469 716 1667 756 sublevari,
1693 717 1723 747 si
1742 716 1843 748 favo-

121 778 195 799 rem
216 769 374 810 ipsorum
393 768 546 799 ambiret
563 779 605 800 ac
624 770 811 800 retineret.
861 767 1080 800 Declaratur
1105 768 1140 799 id
1158 769 1440 810 Epigrammatis
1459 781 1538 812 quae
1557 772 1686 813 edidit,
1714 775 1749 803 et
1773 772 1841 803 hoc

120 824 235 865 ipsum
253 824 420 863 studium,
440 823 545 865 quale
563 824 650 864 dixi,
669 824 741 855 tale
759 823 916 855 hominis
935 823 1048 855 fuisse
1065 825 1247 866 ingenium
1267 825 1434 859 ostendit.
1464 826 1618 858 Cordum
1636 829 1844 859 nominarat

120 879 182 911 ille
207 890 264 920 se,
292 890 376 911 nam
405 880 521 911 editus
549 879 670 911 fuerat
694 882 853 911 extremo
872 882 981 921 partu
999 880 1124 911 matris
1143 890 1229 912 suae.
1278 881 1463 912 Euricium
1482 885 1604 914 autem
1622 882 1663 913 de
1680 883 1842 914 Henrico

119 936 263 968 fecerat
285 935 473 967 Cunraclus
494 935 681 967 Mutianus
702 935 845 976 Ruffus,
874 936 934 977 qui
959 935 996 966 in
1015 935 1185 967 sodalitio
1208 936 1472 970 Ecclesiastico
1492 938 1621 970 Gothae
1645 938 1841 980 degebat.“

118 1004 185 1042 Ad
216 1004 325 1041 hunc
355 1004 569 1042 articulum
607 1004 866 1042 scribendum
905 1004 1073 1042 adhibui
1111 1005 1283 1043 maxime
1313 1004 1609 1044 Meibomium¹3
1641 1013 1680 1044 et
1709 1008 1841 1044 Krau-

118 1060 255 1107 sinnii
288 1061 360 1098 sed
391 1061 544 1098 contuli
571 1061 691 1098 etiam
711 1058 1101 1099 Μοῒε(1111111111111111114
1122 1075 1168 1099 ac
1189 1062 1457 1100 Ronuneliuni
1478 1063 1790 1114 Erhardumque
1806 1062 1839 1099 ¹³³.

213 1137 267 1178 13)
295 1138 356 1179 qui
380 1138 493 1170 vitam
512 1137 619 1169 Cordi
639 1137 821 1179 Operibus
838 1138 993 1180 poeticis
1010 1138 1265 1170 Helmaestadii
1290 1150 1321 1172 a.
1342 1139 1438 1171 1516.
1458 1138 1504 1174 8⁰.
1525 1139 1636 1172 editis
1656 1141 1842 1182 praemisit.

208 1193 335 1225 Altera
361 1194 520 1236 Operum
549 1195 768 1235 poeticorum
795 1194 932 1226 Euricii
951 1193 1059 1226 Cordi
1083 1194 1271 1226 Simesusii
1297 1195 1433 1236 prodiit
1456 1196 1588 1228 Frauc.
1637 1196 1742 1238 Apud
1759 1197 1842 1228 Hae-

208 1249 282 1284 red,
302 1249 384 1283 Chr.
403 1247 610 1292 Egen[olfi].
633 1251 727 1281 1564.
753 1249 801 1284 8⁰.
924 1250 978 1291 14)
1004 1251 1176 1282 Erfordia
1202 1251 1352 1283 literata
1379 1253 1515 1284 contin.
1549 1254 1608 1284 5te
1626 1253 1745 1284 Forts.
1776 1254 1841 1284 Er-

208 1305 281 1337 furt
302 1307 398 1338 1737.
423 1305 469 1339 8⁰.
500 1317 530 1347 p.
547 1307 627 1338 603.
641 1307 754 1338 ..611.
874 1306 926 1346 15)
947 1307 983 1337 111
1001 1307 1112 1338 Ersclz
1130 1308 1199 1338 uncl
1217 1308 1347 1339 Gruber
1365 1308 1631 1350 Eneyclopci'dz'e.
1658 1308 1727 1340 vol.
1744 1309 1840 1341 XIX.

207 1371 240 1403 p.
259 1363 338 1394 285.
353 1387 358 1393 .
372 1363 464 1395 .291.

119 1449 359 1480 CORNVTVS
391 1445 462 1481 vicl.
490 1442 734 1489 Garlandia,
773 1443 951 1481 Ioannes
985 1443 1047 1481 de.

118 1538 367 1579 CORVINVS,
391 1533 655 1579 Laurentius,
684 1533 977 1571 Novoforensis
1003 1531 1091 1582 (aus
1113 1533 1342 1582 Neumarlct)
1368 1534 1555 1581 Silesius,
1589 1540 1708 1572 natus
1737 1535 1842 1573 circa

118 1602 269 1626 annum
294 1589 413 1626 1465.
436 1589 607 1640 primum
630 1590 670 1626 in
692 1590 823 1640 patria
853 1603 944 1636 sua,
980 1590 1131 1628 deinde
1154 1589 1358 1628 Craeoviae
1382 1591 1537 1637 docuit,
1573 1598 1712 1641 postea
1733 1591 1840 1628 Tho-

118 1646 209 1682 runi
241 1644 597 1697 Vratislaviaeque¹
636 1659 768 1683 rerum
807 1645 1059 1697 publicarum
1098 1647 1368 1697 gerendarum
1406 1647 1640 1685 muneribus
1679 1648 1840 1685 functus

117 1708 295 1739 mortuus
328 1708 388 1740 est
420 1700 515 1752 (sec.
537 1702 697 1741 Io'cher.
718 1702 758 1740 11.
782 1701 839 1753 v.)
872 1702 910 1740 d.
935 1703 1000 1741 25.
1023 1703 1101 1740 Iul.
1125 1717 1160 1740 a.
1186 1704 1306 1741 1527.
1366 1704 1430 1741 De
1463 1717 1510 1741 eo
1542 1701 1783 1741 Huttenus².

402 1780 472 1811 Hic
500 1777 555 1822 [in
580 1777 729 1822 Silesia]
762 1779 891 1812 faciles
917 1780 1040 1823 elegos
1068 1779 1245 1813 Corvinus
1275 1780 1425 1822 protulit
1453 1784 1560 1812 autor

468 1836 539 1875 Qui
562 1836 721 1878 patriam
746 1836 862 1869 Musis
887 1837 1107 1878 ingenioque
1134 1837 1244 1870 fovet.

118 1903 284 1942 Corvini
318 1904 530 1942 ‘Latinum
561 1904 730 1942 idioma’
757 1903 806 1954 (p.
826 1903 926 1953 18⁷),
968 1906 1104 1955 pueris
1132 1905 1280 1943 Latine
1313 1905 1547 1943 erudiendis
1579 1905 1740 1943 libellus
1771 1906 1839 1943 im-

116 1961 306 2008 becillus,
351 1961 504 2011 prodiit
543 1959 789 2010 (secundum
826 1960 1100 2011 Panzerum3)
1136 1962 1185 1999 ab
1216 1976 1252 1999 a.
1274 1963 1392 2001 1506.
1416 1975 1543 2012 usque
1583 1962 1634 1999 ad
1663 1975 1698 1999 a.
1719 1963 1839 1999 1523.

118 2017 367 2055 duodeciens
398 2017 440 2054 in
462 2018 540 2063 4⁰„
582 2019 828 2068 quinquiens
859 2015 1046 2068 Lipsiae⁴.
1113 2017 1208 2055 Alia
1239 2032 1262 2055 a
1292 2017 1501 2055 Panzero5
1531 2018 1712 2056 indicata
1744 2017 1839 2056 Cor-

116 2074 201 2110 vini
218 2074 368 2124 scripta
384 2080 497 2111 suut:
513 2074 733 2112 ‘Structura
751 2075 974 2112 carminum
991 2087 1021 2111 s.
1040 2073 1341 2125 Compendiosa
1362 2075 1584 2112 carminum
1605 2072 1838 2121 st1·uctura‘⁵,

118 2128 436 2180 Oosmographia
459 2130 560 2167 dans
581 2130 940 2169 manuductionem
963 2131 1004 2168 in
1026 2131 1185 2168 tabulas
1202 2129 1436 2177 Ptolomei7,
1461 2131 1658 2168 Hortulus
1677 2131 1838 2182 elegan-

115 2185 302 2233 tiarumss,
345 2185 518 2224 Carmen
552 2187 601 2224 de
631 2186 826 2237 Apolline
867 2193 906 2225 et
936 2200 1082 2225 novem
1113 2186 1278 2234 Musis⁹,
1316 2187 1557 2238 Epicedium
1589 2189 1631 2225 in
1661 2186 1839 2225 Alexan-

117 2243 232 2280 drum
253 2242 397 2282 Polon.
420 2241 571 2293 Regum,
606 2243 804 2294 Dialogus
838 2243 887 2281 de
909 2243 1059 2281 Mentis
1087 2244 1351 2281 saluberrima
1376 2242 1688 2294 persuasione¹¹.
1741 2243 1841 2294 Quae

114 2299 307 2337 Iocherus
338 2312 518 2337 seorsum
548 2299 718 2347 indicat,
761 2299 952 2338 Carmina
991 2300 1040 2338 de
1071 2300 1246 2339 Polonia
1287 2306 1338 2345 et.
1358 2299 1571 2347 Cracovia,
1613 2299 1663 2337 de
1696 2299 1841 2338 Silesia

207 2420 238 2462 1)
266 2423 338 2463 „A.
359 2422 455 2455 1499.
475 2421 592 2453 Celtis
619 2421 664 2453 ad
682 2423 921 2455 Laurentium
941 2422 1136 2456 Corvinum
1154 2422 1418 2455 Vratislaviam
1442 2422 1538 2454 datae
1556 2422 1690 2454 litterae
1710 2423 1841 2454 amoris

206 2478 325 2519 plenae
353 2482 472 2518 erant,
500 2488 543 2510 ac
568 2479 797 2514 monitorum.
844 2480 1040 2520 Hortatur,
1067 2483 1122 2520 ut,
1151 2489 1230 2511 cum
1255 2479 1339 2511 ludo
1364 2479 1548 2510 litterario
1567 2478 1763 2520 praefectus
1782 2480 1840 2517 sit,

205 2534 363 2575 patriam
396 2537 431 2565 et
455 2534 580 2566 urbem
608 2535 789 2567 celebrem
815 2535 1026 2567 melioribus
1052 2535 1183 2567 studiis
1210 2535 1379 2570 illustret.
1426 2536 1574 2567 Excitat
1600 2534 1647 2566 ad
1672 2535 1780 2566 famae
1805 2537 1841 2566 et

205 2590 361 2621 nominis
393 2589 666 2631 adipiscendam
699 2591 1014 2624 immortalitatem
1031 2605 1038 2632 ;
1077 2602 1185 2632 quam
1215 2593 1286 2634 ipsi
1317 2592 1513 2634 pollicetur
1545 2590 1645 2622 cultu
1676 2600 1839 2632 poeseos.

203 2646 318 2685 Petit,
346 2645 391 2677 ad
417 2656 454 2678 se
480 2648 520 2677 ut
544 2647 669 2678 mittat
694 2648 855 2679 carmina
872 2648 1047 2680 Bohuslai
1074 2648 1116 2680 de
1135 2647 1417 2680 Hassenstein.“
1467 2647 1540 2688 „A.
1562 2649 1659 2681 1500.
1678 2648 1841 2679 Lauren-

203 2703 292 2733 tium
318 2701 530 2743 Corvinum,
562 2703 799 2736 Vratislaviae
825 2704 972 2735 litteras
997 2703 1224 2745 profitentem
1251 2704 1435 2743 hortatur,
1467 2707 1524 2744 ut,
1558 2713 1638 2744 quae
1664 2704 1840 2745 promisit,

204 2759 367 2790 carmina
392 2758 559 2791 mittat“.
654 2758 687 2800 2)
708 2759 891 2799 Querelar.
906 2760 952 2794 II.
969 2762 1020 2792 10.
1036 2772 1087 2792 vv.
1101 2767 1143 2792 39.
1157 2769 1201 2792 40.
1220 2761 1257 2791 in
1272 2761 1374 2792 Hutt.
1389 2760 1480 2802 Opp.
1497 2771 1529 2801 p.
1544 2761 1598 2791 66.
1693 2759 1726 2800 3)
1746 2761 1840 2792 Pan·

203 2825 264 2847 zer
280 2816 372 2849 Ann.
390 2818 465 2857 typ.
483 2815 527 2846 X.
546 2826 578 2857 p.
595 2816 670 2848 270.
764 2816 799 2856 4)
820 2816 924 2848 annis
944 2817 1039 2849 1506.
1060 2818 1157 2849 1507.
1177 2818 1273 2848 1511.
1295 2818 1392 2851 1521.
1415 2817 1510 2851 1523.
1603 2816 1637 2854 5)
1655 2815 1678 2848 Ι.
1696 2827 1728 2849 c.
1747 2820 1782 2848 et
1797 2817 1838 2851 V.

203 2882 236 2913 p.
258 2872 331 2904 167.
447 2871 482 2913 6)
509 2872 609 2913 Lips.
629 2872 725 2904 1496.
743 2870 790 2902 4⁰.
829 2871 982 2904 Cracov.
1004 2873 1101 2904 1496.
1118 2872 1164 2904 40.
1206 2873 1304 2915 Lips.
1325 2874 1423 2906 1504.
1440 2872 1487 2904 4⁰.
1514 2873 1610 2907 1505.
1628 2872 1675 2907 4⁰.
1712 2871 1839 2907 Colon.

205 2928 301 2960 1508.
320 2926 367 2962 4⁰.
478 2929 510 2968 7)
529 2938 556 2959 s.
574 2927 598 2959 1.
618 2931 654 2960 et
673 2938 706 2962 a.
724 2926 770 2963 4⁰,
795 2927 911 2962 Basil.
927 2928 1026 2960 circa
1045 2939 1076 2960 a.
1097 2930 1194 2964 1496.
1302 2928 1336 2971 8)
1358 2929 1576 2971 quinquiens
1601 2928 1750 2961 deciens
1776 2929 1839 2960 im-

204 2993 361 3026 pressus,
380 2984 534 3026 primum
549 2982 739 3016 Cracoviae
755 2984 910 3025 a.1502.‚
929 2984 1125 3018 novissime
1139 2986 1278 3028 Lipsiae
1299 2996 1332 3018 a.
1351 2986 1447 3019 1519.
1532 2986 1567 3025 9)
1588 2985 1789 3020 Vratislav.
1806 2996 1838 3017 a.

204 3041 300 3072 1503.
316 3039 363 3071 4⁰.
391 3041 620 3082 Norimberg.
635 3051 667 3072 a.
686 3042 782 3073 1509.
802 3040 848 3075 4⁰.
942 3041 1000 3079 10)
1019 3041 1205 3075 Cracoviae
1225 3043 1321 3075 1506.
1339 3042 1386 3076 4⁰.
1487 3042 1538 3082 ll)
1558 3043 1658 3084 Lips.
1677 3043 1773 3075 1516.
1790 3041 1836 3075 4⁰.
