2119 3522
704 202 956 225 INSCRIPTIONES
980 204 1166 226 VOLVMINIS
1190 206 1226 226 11.
1718 191 1811 234 649

103 256 189 297 Pag.
208 255 296 292 184.
1206 263 1292 303 Pag.
1309 265 1381 296 183.
1401 275 1430 296 v.
1445 271 1459 296 7
1478 288 1484 295 .
1502 289 1529 295 ..
1550 265 1636 306 Peg.
1654 266 1726 297 184.
1744 277 1774 297 v.
1787 274 1812 298 9.

102 313 122 343 6
146 310 293 355 inqenio
317 337 325 345 .
346 338 354 346 .
377 313 532 358 amoeno]
565 312 618 348 Cf.
635 313 751 348 Tacit.
770 314 864 348 Anu.
881 327 918 349 11.
936 318 989 349 64.
1015 342 1053 358 „.
1073 342 1079 349 .
1103 326 1234 360 regum
1264 316 1416 361 ingenia
1446 317 1501 351 illi
1526 318 1615 352 mite
1642 320 1680 353 et
1703 330 1813 354 amoe-

190 377 298 409 num,
324 367 410 402 huic
434 369 556 410 atrOX,
591 368 742 402 avidum
768 370 807 403 et
829 370 1015 405 societatis
1039 371 1239 415 impatiens
1264 374 1382 407 erat“.
1431 373 1523 407 Ibid.
1540 386 1615 407 xm.
1634 379 1664 409 3.
1689 401 1728 417 „.
1748 403 1753 409 .
1772 376 1815 409 ut

190 421 263 456 fuit
291 422 347 457 illi
372 423 450 458 viro
477 423 664 468 [Senecae]
690 424 881 469 ingenium
913 437 1099 460 amcenum
1130 428 1168 461 et
1191 427 1370 472 temporis
1395 429 1472 463 eius
1497 429 1646 464 auribus
1671 441 1812 465 accom-

190 477 422 513 modatum“.

143 533 422 580 Hieronymum]
448 535 565 570 Immo
589 536 856 581 Augustinum,
886 538 931 572 de
957 537 1142 582 baptismo
1168 540 1296 574 contra
1319 538 1532 575 Donatistas
1555 541 1617 575 lib.
1635 554 1681 576 vi.
1699 553 1728 576 c.
1746 546 1813 584 44„

188 590 227 623 in
245 588 414 625 Gratiani
438 590 587 626 decreto
606 591 709 627 Caus.
726 592 753 627 Ι.
772 605 831 637 qu.
849 606 871 627 1.
890 604 967 628 can.
986 598 1038 629 37.
1058 595 1220 638 „Nonne
1241 594 1440 630 Sodomitae
1465 596 1603 631 ethnici
1628 599 1749 640 erant,
1775 598 1813 632 id

189 646 246 679 est
268 646 453 690 gentiles?
484 646 633 682 Peiores
665 659 752 693 ergo
779 650 885 683 erant
907 649 1038 692 Iudaei,
1069 651 1203 694 quibus
1228 651 1398 685 dominus
1429 651 1521 686 dicit
1551 651 1813 688 ‘Tolerabilius

189 701 261 736 erit
283 700 451 737 Sodomis
475 702 513 736 in
538 703 598 737 die
622 703 751 738 iudicii
776 715 887 748 quam
912 705 1046 748 vobis’,
1073 706 1112 740 et
1135 706 1268 750 quibus
1292 707 1477 752 propheta
1502 707 1593 742 dicit
1618 708 1812 744 ‘iustifica-

187 756 252 791 stis
277 757 511 801 Sodomam',
542 759 581 793 id
607 760 662 793 est
689 760 966 804 comparatione
996 761 1111 796 vestri
1134 762 1233 796 iusta
1260 762 1361 797 facta
1392 764 1447 797 est
1471 791 1478 797 .
1498 791 1504 797 .
1524 791 1557 797 ..
1583 767 1814 799 sacramenta

188 812 316 848 divina
340 825 422 857 quae
446 814 546 859 apud
570 814 712 849 Iudaeos
738 816 845 849 erant
864 843 870 849 .
890 843 896 849 .
916 817 954 850 et
976 817 1015 851 in
1033 817 1140 851 bonis
1156 817 1366 852 hominibus
1383 819 1483 852 illius
1498 819 1678 864 temporis
1695 822 1811 862 erant,

187 869 225 902 et
247 869 286 902 in
309 869 417 904 malis
440 870 629 914 peioribus
653 881 765 914 quam
790 870 863 905 sint
887 871 1042 915 ethnici,
1068 873 1370 917 quandoquidem
1386 874 1583 909 Sodomitis
1607 875 1645 909 in
1670 875 1813 910 malitia

186 924 331 969 praelati
354 927 455 968 sunt,
483 927 522 961 et
544 927 670 961 tamen
687 926 753 961 illa
768 929 1000 962 sacramenta
1023 929 1128 963 erant
1144 929 1181 962 in
1199 929 1364 973 utrisque
1382 930 1529 975 integra
1545 932 1657 975 atque
1676 931 1810 966 divina.

185 980 282 1015 Nam
314 981 352 1016 et
379 981 450 1026 ipsi
474 982 650 1027 gentiles,
682 982 713 1016 si
742 982 832 1027 quid
864 983 1032 1018 divinum
1063 985 1101 1018 et
1131 985 1274 1019 rectum
1305 985 1343 1018 in
1369 984 1546 1020 doctrinis
1577 987 1650 1020 suis
1674 987 1811 1022 habere

184 1037 404 1081 potuerunt,
430 1048 503 1072 non
527 1038 836 1083 improbaverunt
859 1039 977 1074 sancti
1001 1039 1134 1082 nostri,
1168 1041 1337 1084 quamvis
1360 1041 1416 1075 illi
1440 1052 1508 1086 per
1532 1053 1614 1076 suas
1638 1043 1811 1087 supersti—

184 1093 322 1136 tiones,
349 1094 387 1128 et
409 1093 677 1137 idololatriam,
705 1095 744 1129 et
767 1095 997 1139 superbiam,
1024 1096 1241 1140 ceterosque
1265 1096 1431 1141 perditos
1456 1107 1577 1132 mores
1602 1098 1811 1133 detestandi

186 1150 323 1192 essent,
351 1150 406 1192 et,
431 1149 502 1184 nisi
527 1150 816 1196 corrigerentur,
848 1151 974 1186 divino
998 1151 1135 1186 iudicio
1161 1152 1387 1196 puniendi“.

95 1209 114 1240 7
138 1205 304 1250 scomma]
331 1206 497 1250 σκῶμμα.
539 1206 583 1241 cf.
601 1207 647 1241 ad
672 1218 706 1251 p.
725 1208 837 1242 26824.

94 1265 114 1296 S
144 1261 331 1296 Urbanum
348 1262 500 1306 papam]
532 1262 628 1297 Huic
657 1273 731 1297 non
761 1265 862 1298 recte
894 1264 1115 1299 adscribitur
1138 1264 1252 1300 Palea
1280 1277 1361 1310 quae
1386 1267 1442 1300 est
1472 1277 1548 1309 „ex
1572 1267 1810 1311 responsione

183 1317 364 1352 Hadriani
388 1328 495 1362 papae
521 1318 568 1353 ad
594 1318 765 1353 Carolum
790 1330 869 1364 cap.
887 1323 965 1355 49.“
990 1321 1028 1354 in
1054 1320 1223 1356 Gratiani
1248 1321 1398 1356 decreto
1424 1333 1502 1357 can.
1520 1326 1550 1357 6.
1568 1320 1660 1356 Dist.
1677 1334 1809 1357 xxxvn.

185 1372 374 1416 „Omnem
399 1373 475 1408 vim
500 1385 729 1409 venenorum
754 1385 903 1409 suorum
928 1375 966 1410 in
991 1376 1187 1412 dialectica
1211 1377 1461 1421 disputatione
1486 1378 1717 1413 constituunt
1739 1378 1810 1413 hae-

183 1429 307 1472 retici,
339 1440 421 1474 quae
451 1429 757 1475 philosophorum
789 1432 975 1466 sententia
1004 1432 1181 1467 definitur
1211 1443 1285 1467 non
1316 1433 1532 1468 adstruendi
1561 1434 1636 1468 vim
1660 1433 1810 1477 habere,

183 1485 248 1520 sed
272 1485 436 1520 studium
461 1485 686 1520 destruendi.
736 1485 809 1521 Sed
833 1497 907 1521 non
931 1488 969 1522 in
987 1488 1183 1523 dialectica
1199 1489 1425 1533 complacuit
1442 1489 1511 1523 deo
1529 1489 1672 1524 salvum
1688 1489 1810 1524 facere

182 1541 363 1586 populum
388 1553 495 1576 suum
521 1556 528 1576 ε
552 1553 708 1587 regnum
741 1543 839 1577 enim
871 1542 932 1578 dei
956 1543 994 1577 in
1019 1543 1257 1588 simplicitate
1283 1544 1371 1578 fidei
1396 1545 1468 1587 est,
1500 1555 1574 1579 non
1598 1545 1637 1579 in
1662 1547 1810 1580 conten-

185 1598 287 1632 tione
312 1598 533 1633 sermonis“.

137 1654 335 1688 Rabmmm
352 1657 385 1688 et
404 1654 607 1699 Oriyenem]
627 1654 712 1690 Can.
731 1659 761 1689 7.
781 1655 896 1689 eiusd.
910 1655 1001 1690 Dist.
1018 1655 1409 1701 „[Pseudo-]Rabanus
1433 1656 1477 1691 de
1499 1658 1678 1701 pressuris
1696 1658 1810 1693 eccle-

184 1709 349 1744 siasticis
397 1709 571 1755 Legimus
596 1711 641 1745 de
666 1711 777 1745 beato
802 1711 1046 1756 Hieronymo,
1074 1712 1175 1756 quod
1200 1724 1284 1747 cum
1307 1713 1421 1747 libros
1445 1713 1589 1758 legeret
1614 1713 1809 1757 Ciceronis,

184 1766 230 1800 ab
256 1766 389 1811 angelo
415 1767 471 1801 est
495 1768 686 1811 correptus
711 1778 754 1802 eo
779 1767 879 1811 quod
903 1768 961 1801 vir
977 1767 1205 1803 Christianus
1230 1779 1460 1813 paganorum
1481 1768 1668 1814 figmentis
1692 1770 1810 1804 inten-

183 1822 330 1856 deret“.
365 1822 429 1867 [cf.
447 1833 558 1866 supra
582 1823 628 1856 ad
652 1835 686 1867 p.
704 1824 797 1868 36⁴¹.]
845 1824 908 1858 Ad
932 1835 1034 1868 quem
1059 1835 1138 1859 can.
1159 1823 1366 1859 Gratianus
1396 1825 1438 1859 in
1468 1825 1564 1860 dicto
1593 1828 1659 1867 §L
1685 1825 1810 1868 „Hinc

183 1879 296 1913 etiam
321 1877 500 1923 Origenes
524 1879 703 1923 cyniphes
728 1880 765 1914 et
789 1890 913 1922 ranas,
946 1880 1079 1923 quibus
1103 1879 1282 1924 Aegyptii
1306 1881 1392 1914 sunt
1415 1881 1594 1925 percussi,
1623 1881 1761 1925 [homil.
1777 1885 1808 1915 4.

183 1933 230 1968 ad
247 1945 325 1979 cap.
345 1935 388 1979 7.]
413 1944 548 1968 vanam
575 1935 854 1970 dialecticorum
879 1935 1137 1980 garrulitatem
1163 1937 1201 1970 et
1225 1935 1425 1980 sophistica
1449 1937 1672 1982 argumenta
1701 1937 1809 1971 intel-

181 1990 277 2035 ligit,
325 1990 379 2024 Ex
410 1992 544 2034 quibus
576 1992 746 2026 omnibus
771 1992 973 2037 colligitur,
1006 1991 1106 2035 quod
1130 2002 1204 2026 non
1230 1992 1285 2026 est
1309 1992 1354 2026 ab
1381 1992 1637 2027 ecclesiasticis
1661 1993 1809 2027 saecula-

184 2047 279 2080 rium
303 2046 513 2081 litterarum
540 2048 740 2091 quaerenda
762 2048 940 2092 peritia“.

94 2107 113 2137 9
137 2102 224 2137 Aul.
245 2102 349 2147 Gen]
375 2102 481 2137 Noct.
500 2104 576 2138 Att.
595 2104 622 2138 Ι.
640 2115 719 2148 cap.
735 2108 784 2146 2.,
810 2104 874 2138 ubi
899 2104 1110 2138 referuntur
1135 2104 1180 2138 ab
1198 2103 1346 2138 Herode
1364 2104 1489 2138 Attico
1506 2105 1728 2149 tempestive
1746 2105 1808 2139 de-

182 2159 355 2203 prompta
379 2159 416 2192 in
441 2160 628 2203 quendam
652 2160 855 2194 iactantem
880 2161 918 2194 et
934 2159 1135 2204 gloriosum
1153 2160 1446 2202 adulescentem,
1474 2160 1693 2202 „vocabulis
1709 2161 1809 2195 haud

181 2214 290 2249 facile
316 2215 474 2259 cognitis
498 2215 795 2260 syllogismorum
822 2215 1111 2260 captionumque
1137 2215 1416 2250 dialecticarum
1440 2216 1612 2260 laqueis“
1645 2217 1808 2261 strepen-

180 2272 275 2312 tem,
305 2271 428 2315 specie
461 2272 608 2305 tantum
638 2272 881 2316 philosophiae
911 2272 1150 2313 sectatorem,
1182 2272 1297 2306 verba
1327 2271 1488 2316 Epicteti
1514 2271 1643 2314 Stoici,
1676 2272 1809 2316 quibus

182 2326 365 2361 festiviter
390 2338 411 2361 a
435 2338 523 2361 vero
549 2327 670 2362 Stoico
702 2328 863 2362 seiunxit
886 2327 1020 2371 vulgus
1051 2327 1263 2371 loquacium
1288 2327 1532 2370 nebulonum,
1566 2327 1630 2371 qui
1654 2338 1691 2362 se
1716 2326 1809 2362 Stoi-

182 2393 242 2417 cos
267 2383 457 2417 iactarent.
484 2407 527 2412 -—
551 2383 655 2418 Idem
679 2383 724 2418 V.
742 2395 771 2418 c.
793 2388 842 2418 15.
861 2383 882 2416 i.
901 2383 923 2416 f.
951 2411 988 2425 „.
1010 2411 1016 2417 .
1040 2383 1116 2417 Hos
1140 2383 1305 2427 aliosque
1330 2383 1415 2417 talis
1443 2384 1583 2428 argutae
1609 2384 1808 2418 delectabi-

180 2439 299 2483 lisque
331 2438 482 2473 desidiae
513 2439 660 2474 aculeos
685 2450 769 2473 cum
795 2439 1006 2473 audiremus
1030 2438 1091 2473 vel
1115 2438 1384 2480 lectitaremus,
1416 2450 1536 2483 neque
1568 2439 1606 2473 in
1630 2439 1687 2473 his
1712 2451 1807 2473 scru-

181 2495 278 2539 pulis
308 2496 373 2528 aut
409 2495 702 2529 emolumentum
733 2495 883 2539 aliquod
913 2494 1072 2529 solidum
1109 2494 1156 2528 ad
1186 2495 1368 2529 rationem
1404 2494 1489 2529 vitae
1524 2495 1714 2539 pertinens
1745 2497 1810 2529 aut

182 2550 294 2584 finem
319 2550 437 2584 ullum
462 2551 651 2594 quaerendi
668 2551 894 2593 videremus,
921 2550 1129 2584 Ennianum
1146 2550 1435 2594 Neoptolemum
1452 2549 1717 2594 probabamus,
1745 2551 1808 2594 qui

182 2606 348 2650 profecto
372 2606 426 2640 ita
450 2606 519 2640 ait:

291 2686 334 2690 —
351 2682 394 2686 -
411 2682 454 2686 ——
471 2682 513 2686 —
536 2661 878 2706 Philosophandum
904 2663 960 2696 est
982 2662 1131 2706 paucis:
1158 2672 1244 2696 nam
1276 2663 1424 2696 omnino
1455 2662 1547 2696 haut
1575 2661 1739 2705 placet.“
1765 2682 1807 2686 —

184 2718 288 2752 Idem
312 2717 375 2751 lib.
393 2717 435 2751 X.
454 2728 482 2752 c.
501 2721 553 2752 22.
576 2718 727 2752 exhibet
755 2717 877 2752 locum
915 2728 960 2751 ex
990 2717 1156 2751 Platonis
1188 2716 1327 2761 Gorgia
1357 2717 1402 2751 de
1434 2717 1534 2752 falsae
1564 2717 1807 2762 philosophiae

182 2773 336 2817 probris,
366 2772 499 2817 quibus
523 2772 761 2817 philosophos
785 2774 925 2807 temere
951 2774 1138 2808 incessunt
1162 2773 1225 2816 qui
1251 2773 1503 2808 emolumenta
1526 2784 1622 2808 verae
1648 2773 1807 2817 philoso-

181 2829 278 2873 phiae
301 2829 484 2873 ignorant.

141 2885 252 2920 Cicer.
271 2884 330 2918 lib.
349 2884 376 2917 I
375 2911 381 2917 .
400 2884 562 2929 officior]
582 2888 676 2927 puto
692 2884 754 2918 lib.
774 2885 799 2918 Ι.
818 2895 897 2928 cap.
916 2888 945 2918 6.
965 2888 983 2926 ἓ
1002 2888 1052 2919 19.
1072 2885 1271 2927 „Alterum
1290 2886 1345 2919 est
1361 2885 1511 2928 vitium,
1539 2885 1639 2929 quod
1656 2885 1808 2929 quidam

181 2940 290 2974 nimis
314 2951 495 2984 magnum-
514 2940 678 2974 studium
709 2940 939 2984 multamque
971 2951 1122 2984 operam
1152 2940 1190 2974 in
1220 2951 1278 2974 res
1303 2940 1475 2975 obscuras
1500 2942 1612 2985 atque
1638 2940 1807 2975 difficiles

183 2995 394 3038 conferunt,
421 2995 644 3039 easdemque
669 3007 742 3031 non
767 2997 1015 3031 necessarias.
1035 2999 1090 3030 .“.
