2119 3522
349 215 442 259 802
716 229 881 252 ADDENDA
905 230 947 250 ET
970 228 1183 251 EMENDANDA
1207 229 1253 251 AD
1276 229 1375 251 HVTT.
1393 229 1463 250 OPP.
1489 229 1589 251 VOLL.
1606 230 1629 251 1.
1646 230 1682 251 ΙΙ.

346 345 435 385 Pag.
453 344 528 375 423.
547 353 581 374 n.
599 342 671 374 CC.
719 342 915 384 Exemplar
939 335 1044 373 huius
1069 341 1234 383 epistolae
1260 342 1354 383 quod
1384 342 1569 383 superiore
1601 341 1732 373 saeculo
1760 342 1797 372 in
1822 341 1983 374 Castello
2007 342 2051 374 ad

434 398 581 429 Blesam
608 397 838 429 adservatum
863 397 933 429 fuit
959 397 1021 437 (ef.
1041 396 1122 428 Car.
1139 397 1237 428 Frid.
1255 398 1389 430 Moseri
1413 399 1559 429 Patriot.
1578 397 1682 428 Arclz.
1701 397 1738 427 in
1763 396 1884 428 adnot.
1902 406 1982 428 mea
2006 397 2052 429 ad

434 465 467 495 p.
486 452 595 494 423),
631 463 746 494 nuper
777 454 814 484 in
844 453 1014 484 Palatino
1046 452 1177 494 oppido
1208 453 1389 485 Diirklzez'm
1419 453 1535 494 pretio
1569 454 1611 484 60
1641 452 1855 484 florenorum
1888 455 2052 484 emerunt

433 509 658 540 Parisienses
690 508 790 540 Mans
815 511 851 549 cf·
876 508 1016 540 Strauss
1037 509 1170 548 freres,
1201 510 1296 539 teste
1327 509 1470 540 notario
1500 508 1757 539 Hornbacensi
1781 508 1976 548 Karsehio,
2009 518 2052 539 ex

434 565 533 595 cuius
551 564 685 595 litteris
704 563 736 596 d.
751 565 806 595 28.
819 564 887 598 Iul.
903 564 1000 596 1868.
1020 563 1116 595 datis
1132 563 1210 595 haee
1228 567 1394 605 repetere
1419 564 1539 596 iuvat:
1563 588 1582 604 7.
1596 564 1664 594 Der
1681 562 1789 603 Briel‘
1806 566 1849 595 ist
1872 564 1968 604 anfl
1981 563 2052 596 Bo·

430 631 494 661 gen
511 620 641 660 Papier
664 630 728 651 υοη
751 621 814 651 fler
833 620 949 660 Gro‘sse
975 620 1034 651 des
1056 619 1217 660 gyezoo'lznl.
1237 619 1519 660 Selzrez'bpapz'ers
1532 619 1749 660 ,qesehrz‘ehen
1772 620 1842 650 und
1856 621 1965 650 nz‘mml
1981 617 2053 660 3¹,s2

433 675 548 707 Seiten
574 676 639 708 ein.
678 675 732 706 Er
755 676 799 706 ist
822 676 977 707 inclessen
1001 676 1114 706 wecler
1137 686 1198 706 von
1215 675 1363 706 Huttens
1386 675 1495 706 Hand
1514 675 1747 716 geselwieben,
1773 675 1857 706 noclt
1879 684 1943 706 von
1965 675 2052 706 dem-

433 731 545 762 selben
570 731 854 765 untersehrieben.
903 731 956 762 Er
979 731 1107 761 scheint
1136 731 1220 761 nach
1251 732 1355 762 einem
1379 731 1512 761 Dic-tate
1537 730 1684 762 Hutlens
1712 740 1776 761 von
1805 731 1910 760 einem
1934 729 2053 761 Secre-

435 790 490 818 τιϊν
517 787 734 827 yeselzrieben
764 797 804 817 :u
834 787 921 826 sein,
954 786 1080 818 entium
1110 796 1173 816 nur
1202 788 1223 816 4
1253 787 1336 818 oder
1367 787 1386 817 5
1413 785 1635 817 Correeturen
1664 795 1727 817 von
1752 785 1900 816 Hnttens
1929 785 2053 819 Hand.-

432 843 563 874 soclann
593 844 637 873 ist
668 843 731 874 das
753 843 894 881 Datum,
926 842 1036 872 leinter
1060 841 1244 873 demselhen
1275 844 1347 874 eine
1372 842 1590 881 Naeleselzrift
1619 852 1681 872 von
1712 842 1732 872 2
1759 842 1871 872 Zeilen
1902 842 1970 872 und
1999 841 2052 872 die

435 899 587 929 Adresse
611 909 674 929 von
700 898 846 929 lluttens
872 898 1006 938 eiyener
1030 897 1138 928 Hand
1161 925 1167 930 .
1186 922 1191 928 .
1208 922 1214 928 .
1231 897 1251 912 ‘⁶

345 956 436 996 Pag.
455 955 531 985 424.
549 964 579 985 v.
594 961 636 985 29.
653 956 785 993 carri-qe
811 953 981 984 animum.

343 1011 458 1052 Pagg.
477 1010 681 1044 427...429.
721 1008 775 1040 Ad
801 1019 835 1041 n.
855 1007 964 1039 CCII.
985 1007 1111 1041 CCIII.
1130 1004 1171 1039 ex'
1197 1008 1394 1049 archetypo
1421 1008 1456 1039 in
1481 1008 1586 1040 Arch.
1605 1009 1776 1042 seminar.
1815 1009 1971 1042 Protest.
1993 1008 2053 1040 ad-

435 1069 582 1097 servato
599 1065 665 1096 has
685 1063 958 1096 emendationes
976 1064 1139 1095 enotavit
1155 1074 1189 1095 v.
1206 1063 1251 1095 cl.
1265 1064 1449 1096 Baumius.
1539 1075 1573 1104 p.
1588 1065 1665 1095 427.
1680 1074 1714 1095 v.
1729 1066 1760 1097 5.
1778 1064 1883 1106 ignes
1973 1074 2006 1099 v.
2020 1065 2052 1096 8.

433 1132 504 1154 non
519 1124 637 1152 ratam
663 1120 742 1151 fore
833 1130 867 1152 v.
884 1121 936 1150 14.
954 1120 1090 1150 Francs
1116 1119 1316 1151 arbitratur
1335 1119 1431 1161 apud
1448 1118 1619 1151 Carotum
1638 1129 1719 1151 esse
1823 1130 1857 1153 v.
1872 1121 1924 1152 15.
1943 1119 2054 1151 etiam

433 1178 493 1218 qui
518 1175 598 1217 (non
624 1177 683 1216 qui
710 1178 747 1206 et
771 1175 856 1216 ipsi)
995 1186 1027 1206 v.
1046 1175 1096 1206 18.
1122 1175 1266 1217 generis
1291 1177 1399 1216 atque
1425 1174 1561 1207 ordinis
1697 1186 1730 1208 v.
1748 1177 1801 1207 21.
1826 1185 1901 1208 rem
1926 1176 2051 1207 fuisse.

434 1243 468 1266 v.
486 1234 538 1266 30.
564 1231 768 1264 Tiloninum
794 1231 873 1271 (non
896 1230 1090 1272 Tilonium)
1140 1230 1208 1272 [Ad
1232 1230 1301 1262 hoc
1325 1240 1455 1262 nomen
1478 1230 1614 1262 Tilonii
1637 1231 1756 1272 posita
1781 1230 1968 1263 adnotatio
1993 1231 2053 1263 de-

435 1288 543 1320 lenda
569 1291 635 1319 est.
677 1286 867 1318 Tiloninus
890 1286 950 1318 hio
975 1290 1030 1318 est
1052 1286 1114 1318 ille
1140 1286 1280 1318 Euricii
1305 1286 1414 1318 Cordi
1439 1286 1672 1319 adversarius
1696 1290 1824 1328 poeta,
1849 1286 2055 1319 Thileman-

433 1355 499 1376 nus
525 1343 685 1375 Conradi
711 1342 980 1383 Gottingansis,
1013 1352 1119 1383 quem
1145 1342 1210 1374 sub
1235 1342 1350 1374 variis
1375 1343 1484 1374 etiam
1515 1343 1721 1374 nominibus
1747 1341 1943 1382 (Thilonis⁷
1974 1342 2052 1374 Til-

433 1401 573 1440 manni,
606 1399 782 1436 Theonis,
813 1398 1015 1439 Phssymni,
1042 1398 1225 1437 Philoeni,
1254 1397 1381 1438 T1elli,
1407 1398 1617 1430 Telamonis
1643 1387 1720 1430 sive
1745 1397 1963 1439 Telamonii)
1989 1397 2052 1429 ille

433 1455 646 1497 exagitavit.
691 1454 737 1486 es.
759 1454 794 1485 C.
814 1454 950 1485 Krause
974 1453 1145 1485 Euricius
1171 1453 1319 1486 Cordus.
1352 1453 1465 1485 Marb.
1501 1454 1597 1486 1863.
1638 1464 1672 1494 p.
1690 1455 1744 1487 32.
1764 1463 1840 1495 sqq.
1889 1453 2053 1485 Eundem

432 1511 640 1544 Tiloninum
659 1510 794 1551 saepius
811 1510 849 1540 in
865 1509 1000 1541 litteris
1015 1509 1375 1541 Melanehthonianis
1398 1510 1589 1541 memorari
1607 1508 1652 1549 (e.
1671 1519 1724 1551 gr.
1742 1509 1848 1551 Corp.
1866 1509 2053 1541 Reforma-

430 1571 496 1601 tor,
529 1567 558 1601 Ι.
579 1576 612 1600 n.
628 1567 704 1598 104.
721 1566 743 1598 i.
758 1566 782 1596 f.
797 1576 830 1596 n.
848 1566 921 1597 107.
938 1565 1017 1596 init.
1043 1576 1075 1596 n.
1093 1566 1168 1597 128.
1183 1564 1294 1606 med.)
1324 1565 1512 1597 adnotavit
1537 1563 1733 1606 Baumius.]
1871 1565 1961 1607 Pag.
1974 1566 2051 1599 428.

431 1634 463 1655 v.
483 1624 535 1654 12.
561 1624 702 1653 tantum
728 1621 813 1652 fidei
919 1632 952 1652 v.
973 1622 1024 1652 19.
1044 1631 1096 1662 sq.
1122 1614 1327 1652 Tiloninurn
1353 1621 1448 1662 apud
1472 1621 1624 1662 primum
1729 1631 1762 1652 v.
1781 1622 1836 1654 24.
1863 1621 2053 1653 Tiloninus

430 1689 463 1710 v.
482 1680 534 1711 25.
561 1679 592 1709 si
619 1688 690 1719 qua
714 1677 768 1709 vis
883 1687 915 1709 v.
935 1678 989 1710 29.
1015 1687 1111 1708 nuno
1137 1687 1155 1707 e
1182 1675 1261 1717 (pro
1287 1677 1376 1708 meis
1402 1676 1436 1718 e)
1544 1677 1634 1718 Pag,
1653 1677 1729 1707 429.
1747 1687 1779 1708 v.
1799 1679 1831 1708 3.
1858 1687 1938 1708 eum
1961 1678 2052 1710 Vor-

434 1734 576 1765 maciae
602 1734 780 1771 inveniat,
807 1742 933 1764 curare
960 1732 1030 1763 huc
1056 1733 1160 1772 mihi,
1186 1742 1230 1763 ne
1257 1742 1328 1773 qua
1353 1733 1400 1764 sit
1506 1743 1539 1763 v.
1558 1734 1590 1764 4.
1618 1742 1712 1772 quae
1738 1731 1866 1763 aiebas
1969 1743 2002 1764 v.
2022 1733 2052 1766 7.

434 1789 609 1831 reliquum
627 1790 658 1821 si
675 1789 760 1830 quid
778 1798 883 1830 posse
977 1799 1007 1820 v.
1024 1791 1054 1820 9.
1070 1788 1172 1819 mitte
1187 1788 1327 1829 Spiram
1420 1788 1513 1819 sciet
1530 1788 1589 1819 ubi
1682 1798 1716 1819 v.
1733 1789 1784 1821 12.
1798 1787 1917 1819 literis
1935 1787 1978 1819 ad
1996 1798 2051 1819 me

431 1846 586 1877 indicem
679 1845 722 1876 In
735 1847 802 1884 fine
821 1844 934 1876 adnot.
952 1854 986 1885 p.
1004 1845 1082 1876 429.
1100 1845 1206 1876 adde:
1234 1844 1289 1876 Cf.
1310 1844 1406 1876 infra
1425 1844 1469 1875 ad
1489 1843 1558 1878 vol.
1576 1844 1623 1875 II.
1643 1854 1675 1884 p.
1691 1843 1755 1884 (3.)
1774 1854 1868 1876 num.
1885 1853 2008 1875 ccxvn
2019 1842 2050 1874 ¹.

430 1901 464 1935 d.
483 1903 512 1935 7,
530 1901 607 1932 Ian.
627 1902 722 1932 1521.

339 1958 428 2000 Pag.
447 1959 524 1991 432,
543 1957 564 1987 i.
583 1957 606 1987 f.
625 1956 733 1988 adde:

340 2046 554 2067 MOGVNTL‘E.
1122 2031 1270 2066 CCVI²⁵².
1835 2041 1861 2065 4.
1877 2040 2050 2066 DEc.1520.

907 2089 1088 2142 [CAPITO
1112 2099 1174 2127 AD
1196 2089 1479 2142 [svmmvm]

430 2163 630 2206 „Epistola
657 2165 758 2195 extat
782 2164 980 2204 impressa,
1013 2162 1076 2195 sed
1101 2173 1275 2204 perquam
1301 2163 1453 2203 vitiose,
1483 2162 1520 2193 in
1546 2162 1641 2194 Bibl.
1660 2162 1840 2197 Bremens.
1859 2162 1967 2194 class.
1987 2163 2048 2196 IV.

429 2232 463 2263 p.
482 2223 536 2253 29.
555 2231 631 2262 sqq.
672 2220 729 2251 Ibi
753 2219 850 2250 inter
876 2218 966 2250 alia:

341 2280 559 2317 Classicum
600 2277 748 2316 dedisti
793 2276 890 2314 tuba
933 2278 1053 2315 toties
1090 2282 1129 2314 et
1167 2276 1373 2314 Huttenus
1413 2276 1621 2314 nobiseum
1659 2277 1804 2314 cecinit
1839 2276 2047 2323 Bellicum,

339 2349 432 2373 mox
462 2335 580 2372 armis
614 2333 965 2384 pereclitaturus.“

1134 2375 1210 2414 (Ex
1238 2377 1380 2416 epistola
1404 2387 1432 2407 v.
1451 2377 1491 2407 cl.
1510 2375 1645 2407 Baumiz'
1667 2376 1713 2407 ad
1735 2376 1895 2407 editorem
1919 2374 2003 2415 scr.)

337 2436 428 2477 Pag.
446 2436 522 2467 433.
541 2434 673 2475 corrige
698 2443 731 2465 v.
752 2434 780 2464 1.
804 2431 1070 2464 ERFORDIAE
1162 2442 1196 2464 v.
1222 2433 1274 2463 27.
1302 2432 1524 2463 existimant.

338 2492 427 2532 Pag.
444 2491 520 2523 455.
539 2488 584 2521 ad
602 2499 635 2521 v.
652 2488 706 2520 26.
726 2488 902 2520 adnotata
918 2488 992 2519 iam
1011 2487 1226 2529 corrigenda
1244 2490 1328 2519 sunt
1345 2498 1388 2519 ex
1404 2487 1451 2519 iis
1470 2497 1548 2528 quae
1567 2487 1603 2518 in
1617 2486 1694 2519 Ind.
1709 2487 1824 2529 biogr.
1840 2497 1873 2528 p.
1887 2488 1962 2518 392.
1978 2489 2048 2520 art.

428 2546 568 2577 Hessus
582 2545 625 2576 de
640 2544 746 2576 huius
760 2547 871 2576 aetate
885 2543 1159 2585 disputavimus.
1183 2542 1329 2574 Natalis
1343 2543 1454 2575 Hessi
1469 2553 1584 2574 annus
1598 2553 1669 2575 non
1684 2543 1754 2574 fuit
1768 2543 1863 2576 1487.
1873 2541 1934 2573 sed
1950 2542 2047 2573 1488.

951 2736 1029 2772 AD
1063 2734 1338 2774 VOLVMEN
1367 2736 1423 2774 ΙΙ.

337 2793 427 2834 Pag.
448 2792 506 2833 (3.)
528 2795 611 2824 ante
639 2791 835 2825 CCXVIII.
855 2790 965 2822 adde:

338 2869 518 2890 BASILEAE.
1088 2853 1250 2889 CCXVII
1259 2854 1288 2888 ⁴⁹.
1844 2859 1955 2887 [mn.
1969 2862 2045 2895 1521,

644 2913 837 2966 [BEATvs
858 2921 1105 2952 RHENANVS
1126 2920 1378 2952 BONIFAcio
1399 2911 1734 2964 AMORBACHIO.]

338 3007 355 3022 Ι..
371 2983 533 3023 Epistolce
563 2982 678 3021 Bonis.
696 2982 912 3013 Amorbuehii
945 2980 1007 3022 [cf.
1026 2980 1097 3012 vol.
1115 2979 1142 3011 I.
1162 2991 1197 3021 p.
1214 2981 1291 3011 429.
1310 2978 1447 3021 adnot]
1480 2980 1679 3011 Ro'lcrielzizcs
1707 2980 1907 3020 partic-ulum
1929 2980 2046 3010 solum-

338 3039 431 3067 modo
456 3038 579 3078 publici
601 3038 684 3068 iuris
704 3037 804 3076 feeit:
837 3048 912 3077 qna?
937 3038 1054 3068 desunt
1079 3038 1111 3067 in
1130 3037 1190 3067 vol.
1213 3036 1241 3068 I.
1259 3038 1278 3068 I.
1297 3046 1323 3066 c.
1343 3037 1395 3066 lei(-
1420 3037 1551 3067 addam.
1598 3035 1706 3066 Versu
1729 3035 1855 3074 penult.
1871 3039 1950 3074 post
1974 3045 2042 3066 voe.
