2119 3522
249 224 347 270 584
766 236 1029 259 COMMENTARIVS
1056 235 1102 258 AD
1127 236 1199 257 EPP.
1219 236 1248 257 o.
1266 236 1300 257 v.
1325 235 1402 257 von.
1419 236 1442 258 1.

247 298 472 386 Pag·v{{3ms
496 348 668 383 videatur
671 374 781 381 .....
804 357 900 390 saepe
924 347 1052 380 tamen
1082 346 1125 380 fit
1148 345 1249 390 quod
1271 345 1366 380 tales
1395 357 1479 381 suos
1507 346 1720 382 inventores
1744 359 1888 391 cervos,
1919 348 1958 382 id

337 408 393 441 est
416 404 604 445 cornutos,
637 403 675 436 et-
699 402 832 436 divites
856 401 1013 443 faciunt,
1048 402 1085 435 et
1108 402 1159 435 sic
1188 401 1367 446 loquendi
1391 402 1437 436 de
1468 402 1557 446 ipsis
1580 403 1789 447 potentiam
1814 404 1866 438 013
1889 404 1959 438 tol-

335 462 426 494 lunt.
473 458 687 493 Ezechielis.
704 470 775 492 xm.
795 458 844 502 [7.
862 457 911 501 S.]
944 456 1033 490 Eras
1056 457 1159 491 nuda
1183 459 1221 492 et
1245 457 1458 492 confusione
1489 457 1619 502 plena:
1652 459 1691 493 εὴ
1712 459 1869 494 transivi
1892 470 1960 504 per

336 518 373 550 te
399 516 437 549 et
460 514 538 548 vidi
561 515 642 548 te“.

248 577 267 606 7
291 572 458 606 Bacchus
483 573 533 604 est
556 569 610 604 bis
632 569 789 613 yem'tus]
822 567 943 612 (Ovid.
961 569 1050 602 met.
1066 581 1117 602 111.
1136 572 1211 602 317.
1237 568 1440 613 „Tutaque
1464 569 1520 604 bis
1551 569 1671 614 geniti
1695 571 1781 604 sunt
1811 571 1961 605 incuna-

335 626 424 660 bula
447 625 618 659 Bacchi.“
642 637 709 658 1111.
734 629 786 658 11.
804 635 856 668 sq.
881 650 918 666 ,‚.
938 651 944 657 .
965 650 972 657 .
989 623 1250 668 Bacchumque
1274 626 1411 658 vocant
1428 653 1434 658 .
1454 653 1460 659 .
1480 652 1488 660 .
1504 625 1798 670 Ignigenamque
1825 627 1962 661 satum-

336 692 407 726 que
436 681 573 715 iterum
604 680 797 724 solumque
829 679 1069 713 bimatrem“.
1125 679 1197 714 Vel
1228 681 1402 725 τρίγονον
1431 680 1543 715 fuisse
1575 682 1729 715 constat.
1769 681 1962 717 cf.Danffis

337 749 442 782 purg.
459 749 558 770 xvm.
584 740 637 770 91.
654 748 732 780 sqq.
756 735 883 780 parad.
903 748 978 769 xm.
1000 739 1052 770 25.
1078 737 1178 780 sqq.)
1209 735 1275 770 Th.
1290 735 1335 770 de
1349 735 1410 773 W.
1428 736 1492 770 III.
1510 736 1709 771 fol.m111.
1733 737 1854 779 „Cum
1878 738 1962 782 Iup-

335 793 434 837 piter
462 792 696 827 fulminasset
726 791 917 833 Semelen,
949 791 988 824 in
1019 802 1093 835 qua
1123 792 1306 836 genuerat
1335 791 1541 833 Bacchum,
1579 792 1701 826 noluit
1731 792 1848 827 filium
1880 805 1963 827 cum

335 850 454 883 matre
485 848 617 892 perii-e.
665 847 712 881 Et
741 847 826 881 ideo
856 847 979 891 ipsum
1004 847 1049 882 de
1075 848 1205 882 ventre
1230 848 1360 882 matris
1386 848 1563 890 extraxit,
1596 849 1634 882 et
1658 848 1697 882 in
1721 859 1786 883 suo
1810 849 1963 884 foemore

334 905 506 946 inseruit,
534 905 572 938 et
593 903 749 937 immisit
771 904 809 937 et
832 903 885 937 ibi
903 914 987 937 eum
1013 913 1130 947 usque
1148 903 1195 937 ad
1213 903 1530 947 complementum
1548 916 1600 938 ,IX
1613 931 1620 938 .
1636 904 1820 938 mensium
1844 906 1963 940 custo-

336 961 445 994 divit:
472 971 583 1004 quem
606 960 738 1004 postea
760 959 961 1003 parturivit
987 960 1025 993 et
1048 960 1203 1003 propter
1225 959 1294 993 hoc
1313 958 1480 993 Bacchus
1504 959 1559 994 bis
1576 959 1724 1005 genitus
1742 960 1862 995 dictus
1883 961 1963 995 fuit.

335 1016 473 1050 Fuerat
502 1015 614 1050 etiam
647 1015 766 1049 dictus
800 1014 994 1059 ignigena,
1028 1014 1116 1058 quia
1141 1015 1186 1048 ab
1207 1015 1294 1059 igne
1319 1014 1442 1049 fuerat
1472 1016 1601 1059 raptus
1709 1017 1748 1050 et
1775 1017 1815 1050 in
1851 1017 1966 1051 antris

338 1083 465 1106 earum
498 1071 797 1116 [nymphen-um]-
815 1070 1026 1104 reconditus
1058 1072 1096 1104 et
1124 1070 1286 1104 nutritus
1311 1097 1318 1103 .
1338 1097 1370 1104 ..
1397 1070 1468 1104 Vel
1499 1070 1557 1104 dic
1589 1071 1688 1114 quod
1712 1071 1879 1106 Bacchus
1911 1074 1967 1107 est

338 1129 502 1163 Christus
538 1127 602 1171 qui
633 1127 768 1161 dicitur
802 1126 979 1171 ignigena
1011 1127 1050 1160 et
1079 1126 1136 1159 bis
1164 1125 1323 1170 genitus.
1349 1124 1655 1161 Deuteronomii.
1673 1138 1740 1171 111]-
1760 1127 1840 1171 [24]
1866 1127 1966 1162 Deus

337 1185 463 1218 noster
488 1183 598 1228 [tuus]
624 1183 720 1227 ignis
746 1192 964 1216 consumens
991 1183 1055 1215 est.
1104 1181 1166 1215 Bis
1191 1181 1350 1226 genibus,
1378 1191 1399 1215 a
1422 1182 1529 1225 patre
1555 1182 1679 1225 quoad
1704 1182 1902 1225 deitatem,
1929 1184 1968 1218 et

337 1251 357 1274 a
387 1240 505 1273 matre
536 1238 659 1282 quoad
689 1238 960 1272 humanitatem
1068 1237 1175 1271 Unde
1207 1236 1331 1271 dicere
1361 1238 1487 1281 potest
1517 1237 1608 1272 deus
1638 1239 1747 1282 pater
1776 1239 1838 1273 vel
1861 1240 1966 1284 virgo

338 1294 456 1329 Maria
474 1294 605 1329 animae
630 1293 725 1327 illud
740 1293 859 1328 Exodi
879 1321 885 1327 .
904 1306 940 1326 11.
960 1293 1016 1337 [9.]
1044 1293 1181 1337 Accipe
1207 1303 1366 1337 puerum
1383 1294 1495 1327 istum
1514 1294 1551 1327 et
1574 1293 1675 1328 nutri
1699 1294 1807 1337 mihi,
1835 1296 1874 1330 et
1897 1305 1966 1340 ego

337 1351 406 1385 tibi
431 1351 526 1385 dabo
550 1350 762 1384 mercedem
785 1350 926 1383 tuam.“

248 1412 268 1441 9
293 1407 438 1450 Semele]
464 1406 508 1440 cf.
526 1407 600 1440 not.
618 1406 775 1450 praeced⁴

251 1466 291 1496 11
317 1462 472 1496 Piramo
504 1465 536 1496 et
562 1462 700 1505 Thisbe]
734 1461 954 1505 &Pyramus
985 1463 1022 1495 et
1053 1461 1205 1495 Thisbe'
1231 1460 1336 1495 Ovid.
1355 1463 1441 1495 met.
1460 1474 1506 1495 1v.
1525 1466 1578 1496 55.
1597 1474 1676 1506 sqq.
1718 1462 1896 1497 Similiter
1927 1464 1970 1497 ut

338 1518 376 1551 in
394 1529 471 1562 sqq.
490 1518 756 1561 interpretatus
774 1518 829 1551 est
842 1517 994 1559 Dantes,
1012 1529 1118 1562 purg.
1133 1529 1256 1551 xxvm.
1274 1519 1431 1561 37.3(1(1.)
1449 1517 1516 1551 Th.
1535 1517 1581 1552 de
1598 1518 1656 1552 W.
1675 1518 1756 1552 IIII.
1773 1518 1836 1553 fol.
1849 1532 1968 1553 xxxw.

340 1574 412 1616 „In
442 1574 510 1607 hoc
536 1585 600 1606 rm.
619 1573 714 1607 libro
747 1572 901 1606 Ouidius
925 1601 931 1606 .
951 1601 956 1606 .
977 1600 984 1607 .
1007 1574 1135 1607 narrat
1170 1573 1381 1615 historiam,
1418 1585 1499 1617 quae
1535 1574 1654 1618 magis
1684 1574 1832 1608 videtur
1868 1576 1971 1609 certa-

339 1629 501 1663 narratio
533 1640 645 1673 quam
680 1629 816 1663 fabulae
847 1629 1075 1673 compositio.
1123 1628 1223 1662 Dicit
1255 1629 1353 1663 enim
1385 1629 1485 1673 quod
1509 1629 1689 1674 Pyramus
1715 1632 1795 1665 erat
1824 1631 1970 1665 iuuenis

339 1685 609 1729 pulcherrimus
628 1686 665 1719 et
682 1684 802 1728 Tysbe
820 1684 1020 1718 iuuencula
1036 1684 1288 1728 pulcherrima
1307 1712 1443 1719 ......
1462 1685 1538 1720 Ista
1560 1686 1716 1721 historia
1732 1688 1858 1731 potest
1881 1686 1970 1722 alle-

340 1741 421 1786 gari
445 1741 490 1775 de
515 1741 684 1785 passione
710 1742 747 1774 et
771 1740 1024 1774 incarnatione
1051 1740 1194 1774 Christi.
1225 1740 1406 1784 Pyramus
1432 1743 1487 1775 est
1510 1742 1571 1776 dei
1595 1741 1702 1776 filius.
1735 1742 1856 1786 Tysbe
1881 1753 1970 1777 vero

342 1797 463 1830 anima
495 1797 672 1837 humana,
706 1808 787 1840 quae
819 1806 855 1829 se
886 1796 1069 1840 principio
1102 1796 1261 1830 multum
1293 1796 1505 1831 dilexerunt
1538 1799 1576 1832 et
1603 1809 1671 1842 per
1707 1799 1902 1833 caritatem
1933 1801 1973 1833 et

341 1863 505 1886 amorem
530 1852 706 1896 coniungi
730 1852 890 1885 invicem
916 1852 1178 1886 decreuerunt:
1205 1853 1270 1886 sed
1296 1853 1384 1896 quia
1410 1853 1495 1887 dato
1522 1853 1622 1898 quod
1648 1856 1772 1888 essent
1796 1854 1909 1888 vicini
1934 1856 1972 1889 et

342 1908 446 1953 quasi
472 1908 689 1949 consimiles,
717 1918 760 1941 eo
786 1907 885 1951 quod
910 1907 957 1941 ad
981 1907 1183 1952 imaginem
1209 1908 1270 1942 dei
1294 1908 1414 1942 factus
1440 1911 1496 1943 est
1518 1909 1640 1951 homo,
1667 1909 1821 1953 quidam
1844 1911 1971 1944 tamen

341 1964 473 2008 paries,
499 1964 537 1997 id
556 1965 610 1997 est
634 1964 829 2007 peccatum
846 1963 948 2005 Adae,
975 1964 1273 1998 coniunctionem
1298 1964 1531 2008 impediebat
1555 1966 1594 1999 et
1616 1965 1715 2009 ipsos
1740 1965 1786 1999 ab
1811 1966 1972 2000 invicem

343 2020 587 2064 disiungebat.
621 2019 696 2063 Ipsi
720 2020 845 2053 autem
870 2030 937 2063 per
961 2020 1165 2064 prophetas
1189 2020 1444 2064 colloquentes
1461 2020 1708 2055 condixerunt
1731 2031 1799 2065 per
1821 2021 1972 2056 beatam

342 2076 635 2109 incarnationem
659 2075 808 2108 insimul
833 2076 1048 2117 convenire,
1082 2077 1119 2109 et
1144 2077 1210 2110 sub
1235 2077 1329 2110 mori
1355 2076 1503 2118 arbore,
1529 2076 1568 2110 id
1593 2078 1649 2110 est
1673 2077 1740 2111 sub
1766 2087 1891 2119 cruce,
1925 2077 1972 2112 ad

342 2131 484 2165 fontem
508 2132 685 2176 baptismi
710 2133 747 2165 et
771 2132 900 2176 gratiae
929 2132 1091 2166 invicem
1123 2133 1340 2166 consentire.
1390 2132 1449 2166 Sic
1479 2133 1595 2177 igitur
1626 2132 1768 2167 factum
1794 2134 1849 2167 est
1873 2133 1973 2177 quod.

342 2187 412 2220 ista
428 2187 556 2231 puella
580 2187 704 2221 anima
719 2188 873 2231 propter
896 2187 1063 2230 leaenam,
1089 2188 1128 2221 id
1153 2190 1208 2222 est
1233 2188 1434 2231 diabolum,
1462 2188 1605 2222 fontem
1622 2189 1753 2233 gratiae
1778 2188 1880 2223 adire
1898 2200 1973 2223 non

343 2243 482 2286 potuit,
509 2243 573 2277 sed
599 2243 801 2277 adventum
827 2243 936 2277 amici
960 2245 1016 2277 sui
1039 2244 1207 2288 Pyrami,
1240 2244 1278 2277 id
1311 2246 1367 2278 est
1391 2244 1462 2287 dei,
1489 2244 1555 2278 sub
1586 2244 1734 2278 silentio
1761 2245 1975 2289 expectavit

346 2326 352 2331 .
372 2325 378 2330 .
399 2326 404 2331 .
431 2298 503 2332 Iste
534 2298 649 2343 igitur
679 2299 781 2332 iuxta
813 2299 1025 2332 condictum
1055 2299 1218 2334 finaliter
1242 2300 1289 2333 ad
1320 2311 1385 2334 nos
1409 2300 1514 2334 venit
1539 2301 1578 2334 et
1607 2300 1674 2334 sub
1699 2301 1831 2334 arbore
1856 2302 1973 2335 crucis

346 2364 470 2387 amore
487 2354 623 2397 tysbes,
649 2354 687 2387 id
705 2356 760 2388 est
777 2355 920 2396 animae,
946 2356 1057 2388 morti
1075 2365 1112 2388 se
1132 2355 1304 2399 exposuit
1321 2382 1327 2389 .
1347 2383 1353 2388 .
1374 2383 1380 2389 .
1406 2355 1454 2389 Et
1477 2356 1561 2390 ideo
1578 2355 1698 2399 tysbe,
1724 2355 1763 2388 id
1781 2356 1837 2389 est
1853 2355 1974 2390 fidelis

347 2409 486 2451 anima,
520 2409 631 2443 dehet
662 2420 729 2453 per
760 2410 1052 2454 compassionem
1085 2410 1162 2443 eius
1187 2410 1232 2443 de
1262 2411 1441 2454 passionis
1472 2410 1598 2455 gladio
1623 2422 1660 2445 se
1691 2410 1911 2456 transfigere
1937 2413 1975 2446 et

347 2465 503 2499 eandem
534 2476 693 2509 poenam
722 2466 937 2499 mentaliter
966 2466 1157 2499 sustinere.
1206 2466 1277 2500 Vel
1308 2466 1365 2500 dic
1397 2467 1496 2510 quod
1525 2467 1597 2501 ista
1626 2466 1755 2511 puella
1784 2467 1839 2500 est
1868 2468 1973 2512 virgo

345 2520 473 2562 Maria,
501 2521 547 2555 ad
572 2532 684 2564 quam
709 2521 770 2555 dei
794 2521 891 2554 fflius
915 2532 983 2565 per
1006 2522 1300 2556 incarnationem
1324 2523 1445 2565 venit,
1473 2524 1533 2556 et.
1554 2550 1560 2556 .
1580 2550 1586 2556 .
1605 2522 1730 2567 gladio
1755 2533 1792 2556 se
1817 2523 1974 2558 transfo-

347 2577 411 2611 dit.
437 2576 522 2610 Luc.
540 2577 578 2621 ij.
598 2578 678 2621 [35]
704 2577 823 2611 Tuam
847 2577 963 2621 ipsius
989 2577 1151 2611 animam
1175 2579 1418 2622 pertransibit
1441 2578 1624 2623 gladius.“

259 2636 299 2666 15
328 2632 509 2676 Vulcano]
540 2632 606 2667 Th.
625 2633 670 2667 de
689 2633 748 2667 W.
768 2633 791 2667 1.
810 2633 1068 2667 c.fol.xxxv11.
1096 2633 1219 2676 „Cum
1249 2634 1340 2668 Iuno
1373 2635 1418 2668 de
1448 2634 1537 2669 Ioue
1563 2635 1657 2668 nihil
1687 2636 1856 2679 pareret,
1887 2634 1973 2679 Iup-

346 2688 444 2732 piter
468 2688 602 2722 timens
632 2700 678 2723 ne
703 2690 742 2722 in
766 2700 804 2724 se
828 2691 1024 2734 peccatum
1050 2690 1161 2731 esset,
1195 2700 1304 2724 causa
1335 2691 1581 2736 experimenti
1613 2691 1726 2736 caput
1757 2701 1865 2724 suum
1890 2701 1974 2725 con-

348 2743 469 2786 cussit,
496 2755 563 2788 per
587 2756 698 2788 quam
723 2747 1000 2780 concussionem
1016 2745 1140 2779 Pallas
1165 2746 1210 2779 de
1236 2746 1387 2781 cerebro
1414 2747 1491 2781 eius
1515 2748 1605 2782 nata
1630 2748 1686 2781 est
1711 2747 1750 2780 et
1772 2746 1811 2779 in
1835 2747 1975 2781 terram

349 2800 489 2833 armata
513 2801 681 2844 prosiliit.
700 2802 790 2835 Iuno
816 2803 941 2836 autem
965 2801 1161 2846 indignata
1177 2802 1306 2836 volens
1330 2802 1525 2837 ostendere
1551 2802 1651 2847 quod
1674 2803 1756 2846 ipsa
1778 2812 1853 2836 non
1878 2804 1976 2837 esset

348 2865 457 2888 causa
481 2856 697 2899 sterilitatis,
722 2857 863 2892 levavit
887 2868 924 2891 se
951 2859 987 2892 et
1013 2858 1226 2892 concutiens
1256 2859 1408 2892 vulvam
1439 2870 1542 2893 suam
1567 2858 1778 2892 Vulcanum
1803 2858 1881 2892 sine
1906 2869 1975 2891 usu

349 2910 502 2942 masculi
533 2913 695 2955 peperit,
728 2914 791 2957 qui
821 2913 1010 2947 Vulcanus
1042 2914 1147 2956 quasi
1178 2914 1223 2948 (10
1255 2914 1369 2948 vulva
1399 2914 1534 2948 cadens
1564 2915 1719 2959 propter
1754 2914 1823 2948 hoc
1855 2914 1975 2948 dictus

351 2967 416 2998 est.
463 2965 544 2999 Iste
559 2968 685 3001 tamen
709 2968 799 3012 quia
822 2969 941 3013 turpis
967 2970 1046 3003 erat
1069 2969 1174 3011 facie,
1202 2970 1247 3003 de
1274 2969 1367 3004 coelo
1391 2970 1463 3004 fuit
1485 2971 1674 3014 proiectus
1696 2969 1735 3002 in
1760 2970 1909 3010 terram,
1937 2969 1976 3002 et

352 3020 504 3053 claudus
529 3023 583 3055 est
607 3022 736 3065 factus,
764 3025 826 3067 qui
851 3025 889 3058 in
905 3024 1045 3058 Lemno
1069 3024 1190 3058 insula
1214 3025 1286 3059 fuit
1310 3025 1547 3060 absconditus
1573 3027 1611 3060 et
1632 3024 1805 3067 nutritus,
1832 3025 1871 3058 et
1893 3025 1973 3057 tan-
