2119 3522
282 198 375 242 300
773 211 876 232 mnes
902 207 1152 230 moenAPfficvs
1176 207 1218 228 ET
1243 205 1483 228 ONOMASTICVS.

278 328 511 367 Alexandro
544 325 770 362 detraham:
804 323 922 371 „Qui
954 322 1102 359 deinde
1134 326 1294 357 centum
1326 333 1440 370 paene
1471 321 1587 358 annis
1618 325 1709 370 post
1740 320 1985 370 (Ebrardum

279 379 610 429 Bethuniensem)
633 385 791 417 secutus
822 383 881 415 est
902 376 1138 414 Alexander
1170 376 1219 414 de
1240 376 1349 414 Villa
1380 376 1445 414 dei
1474 382 1555 413 tam
1586 381 1679 426 apte
1705 383 1744 415 et
1772 379 1983 429 perspicue

278 446 400 478 totam
421 443 575 488 partem
594 435 857 486 syntacticam
881 433 1102 479 ordinavit,
1132 438 1176 470 ut
1197 432 1230 469 si
1250 431 1386 479 Valla,
1418 431 1625 478 Perottus,
1656 433 1858 480 Lancilot,
1882 434 1981 471 Tar-

280 497 412 539 divus,
446 493 635 536 Linacer,
668 490 1024 527 Henrichmannus
1057 494 1096 526 et
1126 489 1356 539 quicunque
1386 488 1455 525 alii
1483 489 1729 538 grammatici
1757 488 1982 527 barbariem

278 551 398 588 medii
429 549 503 585 aevi
535 547 719 584 insectati
751 551 865 592 sunt,
898 545 1006 582 illius
1039 544 1265 594 exemplum
1293 544 1406 594 sequi
1427 544 1667 590 voluissent,
1700 545 1824 582 multo
1845 546 1982 582 111011οε

276 620 338 644 res
370 611 408 643 et
438 603 698 654 perfectiores
729 601 852 639 libros
884 601 1032 639 edituri
1064 601 1216 638 fuerint
1245 613 1366 650 quam
1395 614 1505 638 nunc
1535 599 1766 638 fecerunt“.

277 700 545 732 ALPHONsvs
577 699 605 729 A
637 697 770 729 sPINA
802 690 1154 728 m'd.F01·taliei111n
1183 689 1291 728 fidei.

276 789 527 821 AMORBACH
560 779 614 829 (s.
637 782 905 826 Ammerbaclz,
938 777 1221 828 Bonifacius,)
1260 780 1426 817 Ioannis
1466 779 1570 816 filius
1602 779 1742 816 Basilii
1774 784 1888 829 pater
1917 780 1987 817 mi-

276 854 350 877 nor
379 844 494 884 natu,
528 837 785 882 Basiliensis,
817 841 935 873 natus
957 850 992 873 a.
1017 836 1155 881 1495.‚
1189 850 1225 873 a.
1251 836 1369 872 1513.
1393 835 1657 886 philosophiae
1681 835 1819 872 doctor
1840 836 1982 882 factus,

275 896 465 946 Friburgi
496 894 602 932 Zasii
642 892 861 942 discipulus
902 890 1218 941 familiarisque¹
1253 892 1349 928 iuris
1386 891 1520 929 studio
1552 891 1752 937 incubuit,
1796 892 1904 941 quod
1941 892 1983 928 in

275 952 395 989 Italia
427 951 546 989 etiam
576 949 793 998 Galliaque
824 948 879 984 ita
910 953 1143 998 prosecutus
1175 953 1253 993 est,
1286 953 1330 984 ut
1357 946 1571 985 Avenione
1602 960 1774 984 summos
1803 947 1846 984 in
1877 952 1984 985 utro—

276 1022 352 1058 que
384 1008 469 1044 iure
499 1007 674 1043 honores
706 1004 1006 1042 nancisceretur
1037 1009 1076 1041 et
1106 1003 1201 1040 inde
1230 1003 1279 1040 ab
1310 1017 1417 1040 anno
1443 1003 1561 1042 1525.
1585 1004 1682 1040 iuris
1711 1003 1917 1053 professor
1943 1004 1985 1040 111

277 1064 408 1114 patria
437 1063 535 1100 urbe
569 1062 694 1099 factus
727 1060 842 1097 ‘iuris
873 1060 1100 1110 prudentiae
1123 1059 1345 1097 oraculum'
1379 1058 1592 1096 diceretur.
1651 1058 1689 1095 A
1720 1073 1874 1096 morum
1895 1072 1984 1096 san-

277 1120 431 1165 ctitate,
466 1118 620 1168 ingenii
652 1116 912 1162 excellentia,
947 1129 1041 1165 erga
1072 1116 1219 1153 amicos
1253 1114 1376 1165 (inter
1406 1128 1503 1165 quos
1536 1115 1735 1165 praecipue
1757 1115 1916 1153 Zasium
1946 1121 1985 1153 et

275 1176 485 1212 Erasmum
514 1171 708 1222 habebat)
743 1173 988 1218 constantia,
1032 1172 1072 1208 in
1104 1185 1302 1222 pauperes
1337 1171 1524 1209 libertate
1556 1176 1595 1208 et
1625 1171 1666 1208 111
1699 1184 1836 1208 omnes
1867 1172 1984 1208 comi-

275 1237 355 1268 tate
387 1243 639 1280 summopere
670 1229 871 1266 laudatur.
924 1229 1105 1266 formosae
1136 1241 1296 1278 quoque
1329 1228 1536 1277 gravitatis
1565 1228 1681 1264 faciei
1711 1227 1836 1264 fuisse
1857 1228 1986 1265 virum

275 1293 445 1325 testatur
465 1286 661 1323 Iohannis
682 1285 876 1322 Holbenii
899 1290 1090 1322 autumno
1113 1298 1147 1321 a.
1170 1285 1288 1321 1519.
1307 1284 1415 1334 picta
1446 1283 1618 1333 effigies,
1653 1283 1785 1321 adhuc
1814 1283 1984 1321 Basileae

275 1340 467 1381 servata?
529 1341 691 1380 Obortis
729 1342 794 1378 hic
826 1341 875 1378 de
906 1341 984 1378 fide
1016 1341 1234 1378 christiana
1267 1340 1444 1377 dissidiis
1476 1353 1563 1377 cum
1593 1339 1830 1377 Bonifacius
1861 1340 1984 1377 refor—

276 1405 469 1436 matorum
501 1398 680 1449 partibus
710 1398 843 1448 palam
871 1411 958 1435 sese
988 1397 1228 1442 addixisset,
1263 1410 1371 1434 anno
1397 1397 1515 1435 1551.
1534 1395 1737 1446 publicam
1767 1396 1982 1446 professio-

275 1469 365 1493 nem
399 1455 602 1505 deposuit,
638 1453 817 1504 obiitque
849 1454 887 1491 d.
907 1454 971 1493 24.
989 1452 1089 1504 Apr.
1107 1467 1142 1490 a.
1163 1451 1302 1491 15623.

367 1532 398 1573 1)
418 1532 464 1564 cf.
484 1531 647 1572 Slintzinsj
667 1531 736 1563 mr.
754 1530 871 1562 Zasz‘us
890 1530 971 1564 Bas.
992 1531 1088 1563 1857.
1107 1530 1151 1564 80.
1170 1541 1202 1571 p.
1219 1531 1292 1563 164.
1307 1540 1383 1571 sqq.
1476 1528 1510 1570 2)
1529 1529 1591 1560 {eri
1614 1529 1732 1560 incisa
1750 1531 1805 1560 est
1822 1529 1931 1560 etiam
1947 1529 1984 1560 in

366 1587 492 1619 Clerici
510 1587 665 1618 editione
678 1586 874 1626 Epistolar.
890 1586 1031 1618 Erasmi
1044 1586 1160 1627 Lugd.
1176 1587 1257 1617 Bat.
1276 1586 1369 1618 1706.
1385 1584 1447 1618 fol.
1541 1584 1575 1625 3)
1589 1584 1668 1616 Vid.
1684 1584 1886 1616 Pantaleon
1901 1585 1982 1616 Pro-

365 1653 505 1685 sopogr,
530 1642 613 1674 Bas.
634 1644 730 1674 1565.
757 1641 818 1675 fol.
837 1642 903 1674 Ill.
926 1653 959 1683 p.
980 1643 1054 1673 264.
1072 1652 1122 1683 sq.
1185 1642 1315 1673 Adami
1336 1642 1423 1672 vitre
1450 1641 1658 1673 Germanor.
1677 1640 1793 1674 ICtor.
1811 1640 1982 1672 Haidelb.

366 1700 462 1731 1620.
477 1698 522 1731 8⁰.
538 1709 571 1740 p.
588 1699 661 1729 152.
678 1708 754 1739 sqq.
802 1697 1003 1739 (Herzogii)
1018 1698 1149 1729 Athen.
1163 1698 1307 1729 Rauric.
1322 1708 1354 1738 p.
1372 1698 1443 1728 111.
1460 1708 1535 1738 sqq.
1577 1696 1720 1728 Fecleter
1734 1697 1849 1737 Bonis.
1864 1697 1982 1729 Amer-

364 1755 462 1791 baele,
489 1755 525 1785 in
548 1754 732 1795 Beilrci'gsen
755 1766 782 1788 z.
800 1756 915 1785 ναίω-Ι.
937 1754 1051 1787 Gesch.
1075 1754 1176 1785 Basel
1194 1755 1289 1786 1843.
1310 1754 1357 1785 II.
1375 1764 1408 1795 p.
1431 1754 1504 1787 167.
1524 1762 1600 1794 sqq.
1655 1752 1797 1784 Viseher
1816 1753 1930 1785 Gesclc.
1950 1754 1982 1787 (Ζ,

368 1811 459 1842 llniv.
479 1810 595 1842 Basel.
618 1810 712 1842 1860.
731 1809 777 1843 8⁰.
796 1820 829 1851 p.
850 1811 923 1842 246.
944 1821 995 1852 sq,

274 1896 669 1935 AMPHORATICIVS,
703 1889 898 1936 Ioannes,
933 1891 1159 1940 „magister
1189 1895 1343 1935 noster,
1378 1890 1506 1927 evasit
1535 1889 1575 1925 in
1604 1880 1981 1926 solennem'virum:

275 1952 334 1984 est
355 1947 463 1983 enim
490 1946 731 1996 praedicator
754 1952 909 1984 noster:
943 1947 1070 1983 omnis
1100 1946 1218 1983 homo
1251 1959 1340 1983 eum
1360 1945 1514 1983 laudat.
1556 1959 1663 1982 anno
1687 1945 1838 1982 domini
1863 1945 1982 1982 1416.

277 2000 378 2052 [quo
403 1999 545 2052 1516.]
570 2002 805 2052 praedicavit
829 2003 1057 2053 passionem
1084 2032 1090 2039 .
1113 2003 1155 2039 .“
1185 2002 1321 2039 Rmnae
1347 2000 1403 2050 (p
1420 1998 1561 2050 296¹¹).
1621 2001 1675 2038 Et.
1704 2001 1790 2038 haec
1820 2001 1983 2051 quidem

275 2059 407 2095 omnia
444 2064 537 2095 sunt
567 2071 656 2108 quae
693 2058 742 2096 de
772 2059 848 2095 1100
878 2060 995 2096 11111110
1027 2058 1300 2097 Franciscano
1331 2071 1393 2096 me
1422 2058 1558 2108 legere
1589 2057 1766 2095 memini.
1824 2057 1982 2095 Nomen

273 2115 358 2151 viro
390 2114 558 2151 fortasse
590 2114 666 2151 suit
688 2116 854 2163 Kriigyer,
887 2116 971 2153 sive
1002 2115 1116 2153 malis
1143 2116 1352 2160 Eimerich,
1385 2114 1634 2165 Eymericus.
1667 2113 1738 2151 sed
1769 2113 1983 2163 quominus

276 2170 324 2207 de
354 2170 583 2207 Heimerico
617 2170 666 2207 de
699 2169 878 2221 Campis,
919 2171 1067 2208 celebri
1104 2171 1210 2208 inter
1242 2169 1505 2208 Colonienses
1538 2170 1719 2207 doctores
1750 2170 1980 2220 scriptores-

274 2238 352 2276 que
373 2226 477 2272 viro,
504 2225 678 2263 Lovanii
700 2239 807 2263 anno
832 2228 950 2265 1460.
971 2227 1181 2273 defuncte,
1206 2227 1396 2276 cogitem,
1428 2232 1572 2276 praeter
1594 2226 1691 2264 anni
1715 2226 1835 2263 1416.
1853 2225 1981 2263 incer·

272 2281 507 2327 titudinem,
540 2282 620 2319 alia
650 2295 811 2332 quoque
844 2283 967 2320 dubia
994 2280 1245 2333 prohibent¹.

364 2357 396 2399 1)
412 2359 467 2390 De
481 2358 688 2390 Heimerico
703 2357 896 2400 Campensi
912 2359 1070 2391 conferri
1087 2362 1240 2401 possunt
1253 2359 1427 2392 Trithem.
1444 2358 1555 2392 catal.
1569 2358 1619 2390 ill.
1634 2358 1719 2390 virr.
1734 2369 1766 2400 p.
1785 2359 1860 2390 155.
1909 2358 1979 2389 Fa-

360 2413 468 2445 bricii
480 2413 573 2444 Bibl.
589 2414 670 2447 Lat.
687 2415 778 2449 med,
795 2418 830 2446 et
847 2414 911 2447 inf.
926 2425 991 2450 aev.
1007 2415 1072 2448 III.
1088 2426 1121 2456 p.
1137 2416 1211 2446 612.
1258 2414 1429 2456 Poppens
1447 2414 1540 2448 Bibl.
1557 2414 1659 2456 Belg.
1676 2425 1708 2456 p.
1725 2415 1801 2447 433.
1849 2414 1979 2445 Hartz-

361 2468 456 2500 heim
476 2469 569 2504 Bibl.
587 2469 711 2502 Colon.
731 2480 762 2512 p.
780 2472 853 2503 110.
902 2471 1031 2503 Bianco
1052 2470 1167 2502 Geseh.
1187 2471 1218 2502 d.
1237 2481 1267 2502 α.
1289 2470 1382 2505 [suiv.
1401 2470 1502 2505 Κόῖη.
1520 2471 1547 2504 I.
1566 2481 1600 2512 p.
1615 2471 1692 2503 823.
1712 2470 1755 2501 ad
1775 2480 1806 2502 a.
1823 2471 1920 2502 1432.

272 2555 548 2586 ANGELINVS.
595 2549 853 2600 „VVimpinus
882 2551 951 2601 qui
972 2556 1139 2588 vocatur
1158 2549 1424 2600 Angelinus“
1448 2549 1498 2599 (p.
1512 2555 1576 2585 ‘289
1589 2547 1652 2598 ¹⁰),
1685 2563 1789 2587 unus
1813 2563 1862 2587 ex
1882 2563 1979 2600 pree-

271 2605 396 2642 tensis
426 2605 641 2642 iuvenibus
673 2606 1031 2657 antitheologistis,
1065 2606 1302 2656 quibuscum
1335 2606 1520 2644 dominus
1542 2606 1764 2644 Volwinius
1795 2606 1844 2643 de
1865 2606 1979 2644 Mon-

270 2660 461 2698 teflascon
485 2660 611 2711 Spirae
638 2662 681 2698 in
704 2663 889 2700 convivio
915 2663 1148 2713 disputavit.
1208 2662 1438 2713 Wimpinus
1461 2668 1520 2700 est
1542 2676 1592 2700 ex
1614 2662 1763 2713 oppido
1790 2663 1978 2710 Wimpfen

271 2716 321 2753 ad
343 2716 507 2753 Nicrum
537 2718 613 2754 sito
645 2717 881 2765 oriundus¹,
914 2725 958 2756 ut
988 2719 1030 2756 in
1061 2718 1152 2756 albo
1175 2718 1310 2756 Viteb.
1328 2732 1363 2756 a.
1384 2719 1504 2756 1507.
1522 2719 1738 2769 inscriptus
1768 2723 1828 2755 est
1854 2717 1978 2764 „Ari-

270 2772 433 2809 stoteles
465 2772 650 2811 Zcerhaff
679 2774 728 2811 de
754 2776 959 2825 wympina
989 2776 1127 2812 franco
1158 2774 1358 2825 herbipol.
1377 2772 1547 2812 dioc.“².
1609 2774 1798 2812 Ceterum
1829 2773 1878 2811 de
1908 2774 1978 2811 illo

271 2827 476 2877 WVimpino
507 2828 609 2865 nihil
640 2830 860 2879 exploravi.
921 2831 1222 2881 Wimpinenses
1252 2836 1524 2868 memorantur
1545 2831 1665 2868 etiam
1685 2844 1724 2881 p.
1744 2830 1837 2867 293.
1854 2843 1877 2867 a
1898 2843 1977 2867 ma.-

270 2883 393 2933 gistro
425 2883 602 2921 Abraam
628 2885 764 2933 Isaac,
808 2893 847 2924 et
882 2887 932 2925 de
966 2887 1142 2937 capitulo
1177 2886 1471 2937 ‘Wimpinensi
1501 2900 1536 2925 a.
1562 2887 1682 2925 1506.
1708 2885 1866 2931 habito,
1908 2885 1976 2922 ubi

361 3026 392 3066 1)
410 3026 465 3058 Cf.
484 3027 581 3059 infra
598 3031 663 3059 art.
683 3028 851 3070 Hungen.
946 3029 978 3071 2)
993 3031 1233 3062 F'drstemann
1251 3030 1332 3061 Alb.
1351 3030 1470 3064 Viteb.
1489 3040 1521 3071 p.
1536 3030 1589 3062 23.
