2119 3522
350 228 423 249 EPP.
437 225 480 249 22.
493 225 535 250 23.
562 227 666 250 GERH.
679 227 928 250 sefflnRmavs
944 227 1101 249 omvmo.
1120 234 1163 238 —
1180 225 1248 247 loA.
1261 224 1491 248 viem-,nrmvs
1507 224 1665 246 ommno.
1769 205 1829 250 57
1840 206 1863 250 1

156 286 242 328 Pag.
261 284 324 321 35.
1288 283 1374 324 Pag.
1389 284 1441 315 34.
1461 293 1489 313 v.
1503 290 1536 314 29
1555 307 1560 312 .
1577 307 1583 312 .
1599 307 1606 313 .
1624 282 1710 324 Pag.
1725 283 1778 314 36.
1797 293 1827 313 v.
1841 290 1866 313 4.

157 344 200 374 30
225 339 397 383 leyz'tima]
424 339 482 372 Ad
507 339 783 373 distinctionem
807 338 1129 372 matrimoniorum
1147 348 1257 381 quam
1281 337 1366 381 post
1383 335 1601 370 Gratianum
1627 335 1678 378 (in
1704 335 1803 370 dicto
1821 336 1867 369 ad

246 405 324 428 can.
345 398 396 428 17.
415 395 500 430 Can.
518 394 684 428 XXVIII.
703 406 762 437 qu.
783 396 826 437 1.)
846 394 1015 427 doctrina
1038 404 1220 427 canonum
1245 392 1397 436 recepit,
1423 391 1658 425 referendum
1677 393 1742 434 est,
1768 392 1866 436 quod

245 450 494 494 Pepericorni,
522 450 609 484 olim
634 450 765 491 Iudaei,
799 460 891 483 uxor
917 449 1121 493 ‘legitima'
1148 450 1293 482 tantum
1320 449 1482 483 vocatur.
1531 447 1777 492 „Coniugium
1802 448 1870 489 (ait

248 505 411 540 Gratian.
430 506 452 540 l.
471 507 516 549 c.)
542 505 643 539 aliud
675 507 730 539 est
758 505 971 549 legitimum
996 506 1034 538 et
1063 516 1135 539 non
1167 505 1305 546 ratum,
1339 504 1441 538 aliud
1472 504 1593 537 ratum
1619 504 1657 537 et
1680 515 1753 537 non
1777 503 1867 548 legi-

245 562 395 604 timum,
428 561 529 595 aliud
557 561 769 605 legitimum
794 561 832 594 et
856 561 988 594 ratum.
1036 560 1263 604 Legitimum
1295 560 1509 604 coniugium
1540 560 1596 593 est
1626 559 1725 603 quod
1756 559 1869 604 legali

246 617 478 651 institutione
497 617 558 651 vel
582 617 781 660 provinciae
806 616 969 650 moribus
987 616 1226 650 contrahitur.
1244 616 1313 650 hoc
1337 616 1434 650 inter
1456 614 1626 649 infideles
1648 626 1722 649 non
1746 616 1868 649 ratum

248 674 304 708 est
321 701 327 707 .
347 700 354 707 .
373 700 380 706 .
400 701 406 707 .
424 673 522 707 inter
546 673 675 707 fideles
701 684 788 707 vero
814 673 936 706 ratum
954 699 960 705 .
980 699 987 705 .
1007 673 1062 705 est
1079 700 1085 705 .
1105 700 1111 705 .
1132 700 1138 705 .
1159 675 1195 705 .“

157 734 197 764 31
225 729 422 764 dimittatis
447 730 535 774 eam]
563 729 688 763 desine
713 728 897 763 adulteria
922 727 1153 761 committere
1180 739 1262 762 011111
1289 738 1341 761 ea.

156 788 241 829 Pag.
262 786 325 823 36.

159 845 175 875 1
200 841 294 875 stim.
312 843 426 886 carm]
453 842 497 875 cf.
516 841 560 874 ΙΙ.
580 840 658 875 Cor.
676 854 737 875 XII.
756 845 785 875 7.

156 901 177 931 4
200 897 434 942 Hieronym]
461 908 517 941 ep.
535 909 619 930 xxn.
643 897 690 931 ad
714 896 955 931 Eustochium
980 900 1020 938 ἓξ
1038 901 1090 930 29.
1110 908 1161 940 sq.
1187 898 1199 939 ζ
1208 896 1263 930 ed.
1278 895 1449 929 Martian.
1469 896 1494 928 Ι.
1514 907 1597 939 pag.
1619 900 1690 929 114.
1709 899 1781 939 sq.)
1807 897 1871 939 qui

246 953 348 987 loeus
372 964 445 987 non
471 953 588 987 solum
613 953 713 997 apud
731 953 967 987 Colonienses
991 952 1145 997 insignis
1168 951 1228 985 hic
1254 953 1324 985 est:
1351 979 1391 994 ‚,.
1411 980 1417 985 .
1437 951 1532 993 Quid
1556 951 1646 985 facit
1670 963 1753 985 011111
1770 951 1870 985 Psal-

246 1009 340 1044 terio
366 1009 553 1052 Horatius,
579 1020 663 1043 cum
680 1009 894 1054 Evangeliis
918 1009 1034 1051 Maro,
1061 1020 1144 1042 cum
1162 1007 1340 1052 Apostolo
1366 1007 1519 1042 Cicero?
1545 1018 1666 1041 nonne
1692 1007 1870 1040 scandali-

248 1066 351 1099 zatur
374 1065 499 1107 frater,
526 1065 555 1099 si
579 1066 617 1099 te
643 1065 780 1099 viderit
803 1065 841 1099 in
864 1065 979 1099 idolio
1005 1064 1311 1098 recumbentem?
1338 1092 1344 1097 .
1367 1092 1372 1096 .
1393 1092 1398 1097 .
1425 1063 1534 1096 simul
1558 1062 1686 1096 bibere
1712 1073 1784 1096 non
1811 1063 1870 1096 de-

246 1121 377 1155 bemus
402 1121 557 1155 calicem
583 1121 717 1156 Christi
743 1122 781 1155 et
806 1121 960 1156 calicem
985 1120 1261 1155 daemoniorum.
1308 1119 1481 1153 Referam
1505 1119 1575 1153 tibi
1600 1130 1691 1153 meae
1716 1119 1871 1153 infelici-

246 1178 333 1212 tatis
362 1176 564 1211 historiam.
614 1177 705 1211 Cum
740 1178 826 1212 ante
864 1188 977 1211 annos
1008 1176 1188 1221 plurimos
1214 1175 1340 1217 domo,
1373 1175 1607 1219 parentibus,
1640 1185 1780 1216 sorore,
1814 1186 1871 1209 co-

247 1233 386 1278 gnatis,
414 1234 452 1267 et
475 1233 575 1277 quod
600 1233 655 1267 his
681 1233 868 1267 difficilius
894 1234 965 1275 est,
980 1232 1259 1266 'consuetudine
1284 1231 1452 1265 lautioris
1477 1230 1560 1272 cibi,
1586 1232 1740 1275 propter
1765 1231 1872 1265 00010-

247 1301 329 1323 rum
353 1300 411 1322 me
437 1300 553 1333 regna
577 1290 793 1323 castrassem
819 1290 857 1323 et
872 1288 1135 1332 lerosolymam
1160 1288 1385 1322 militaturus
1401 1297 1608 1331 pergerem,
1634 1286 1871 1328 bibliotheca,

247 1356 358 1388 quam
383 1344 473 1378 mihi
497 1345 623 1379 Romae
654 1357 796 1379 summo
821 1345 943 1379 studio
969 1356 1011 1378 ac
1040 1345 1167 1379 labore
1193 1344 1442 1385 confeceram,
1475 1353 1599 1376 carere
1625 1343 1774 1376 omnino
1799 1354 1873 1377 non

248 1401 427 1445 poteram.
446 1401 572 1444 itaque
598 1401 709 1435 miser
726 1412 795 1446 ego
812 1401 975 1435 lecturus
993 1400 1156 1434 Tullium
1174 1400 1403 1441 ieiunabam,
1429 1399 1513 1443 post
1535 1398 1701 1432 noctium
1727 1398 1874 1432 crebras

247 1456 394 1501 vigilias
411 1484 419 1491 .
438 1484 445 1491 .
464 1484 472 1491 .
509 1457 663 1491 Plautus
687 1458 903 1491 sumebatur
927 1457 965 1490 in
990 1468 1131 1490 manus.
1150 1455 1331 1500 siquando
1355 1455 1394 1488 in
1418 1454 1681 1498 memetipsum
1706 1466 1874 1489 reversus

247 1513 448 1557 prophetas
478 1513 603 1557 legere
636 1514 845 1557 coepissem,
878 1523 998 1546 sermo
1023 1512 1200 1546 horrebat
1223 1511 1401 1553 incultus,
1435 1511 1472 1544 et
1496 1510 1584 1554 quia
1613 1509 1740 1544 lumen
1766 1511 1874 1544 eoeeis

249 1569 363 1603 oeulis
387 1580 461 1603 11011
486 1569 676 1612 videbam,
708 1580 783 1604 non
809 1568 1000 1603 oculorum
1029 1568 1209 1612 putabam
1234 1567 1383 1611 culpam
1415 1577 1509 1608 esse,
1543 1566 1607 1599 sed
1633 1565 1728 1599 solis.
1776 1565 1873 1599 Dum

248 1625 302 1659 ita
324 1636 383 1659 me
416 1625 590 1669 antiquus
623 1636 773 1670 serpens
803 1625 994 1667 illuderet,
1027 1624 1065 1657 in
1090 1623 1216 1658 media
1245 1623 1361 1657 ferme
1393 1621 1679 1667 quadragesima
1702 1622 1874 1655 medullis·

248 1681 369 1715 infusa
393 1681 506 1715 febris
531 1692 663 1725 corpus
694 1681 831 1715 invasit
861 1681 1099 1722 exhaustum,
1134 1681 1172 1714 et
1195 1680 1273 1714 sine
1298 1679 1377 1713 ulla
1400 1678 1529 1722 requie
1554 1705 1561 1712 .
1580 1705 1587 1712 .
1606 1705 1613 1712 .
1637 1677 1688 1711 sic
1712 1678 1875 1712 infelicia

247 1738 415 1771 membra
446 1737 602 1781 depasta
632 1738 703 1779 est,
736 1738 779 1771 ut
809 1737 949 1771 ossibus
974 1737 1037 1770 vix
1061 1736 1250 1770 haererem.
1268 1735 1419 1769 interim
1443 1735 1622 1779 parantur
1647 1734 1812 1778 exequiae
1839 1736 1876 1768 et

249 1793 373 1827 vitalis
404 1793 536 1827 animae
567 1793 666 1827 calor
701 1794 780 1827 toto
818 1793 1041 1837 frigescente
1070 1793 1145 1826 iam
1176 1802 1329 1836 corpore
1362 1791 1399 1824 in
1430 1790 1508 1825 solo
1539 1791 1684 1824 tantum
1721 1791 1874 1834 tepente

249 1849 465 1894 pectusculo
490 1849 718 1893 palpitabat:
752 1860 835 1883 cum
859 1849 981 1882 subito
1007 1850 1135 1892 raptus
1158 1847 1196 1881 in
1222 1847 1353 1892 spiritu
1378 1847 1425 1880 ad
1451 1846 1613 1880 tribunal
1637 1846 1769 1879 iudicis
1793 1857 1874 1890 per-

249 1905 386 1947 trahor,
413 1904 477 1938 ubi
502 1905 648 1938 tantum
672 1904 822 1938 luminis
848 1906 886 1939 et
915 1906 1062 1938 tantum
1088 1904 1169 1938 erat
1193 1915 1237 1937 ex
1269 1902 1587 1937 circumstantium
1613 1901 1780 1935 claritate
1806 1902 1874 1935 ful—

249 1961 358 2006 goris,
385 1961 427 1994 ut
450 1961 637 2005 proiectus
662 1961 700 1994 in
725 1962 863 1995 terram
888 1972 1031 1994 sursum
1058 1960 1222 2004 aspicere
1240 1970 1314 1993 non
1332 1957 1804 2001 auderem.interrogatus
1829 1957 1874 1991 de

249 2016 465 2051 condicione
491 2016 739 2051 Christianum
769 2028 828 2051 me
861 2027 937 2051 esse
968 2016 1152 2060 respondi.
1171 2016 1210 2049 et
1232 2015 1295 2049 ille
1328 2015 1391 2059 qui
1421 2013 1645 2058 praesidebat
1671 2012 1874 2047 ‘Mentiris’

251 2073 313 2114 ait,
342 2072 620 2107 ‘Ciceronianus
646 2084 700 2115 es,
726 2084 799 2107 non
825 2072 1069 2107 Christianus:
1103 2071 1166 2105 ubi
1193 2071 1292 2105 enim
1322 2071 1517 2105 thesaurus
1540 2070 1643 2111 tuus,
1674 2068 1727 2103 ibi
1753 2071 1791 2103 et
1815 2080 1877 2103 cor

249 2129 385 2162 tuum⁷.
434 2128 524 2163 Ilico
549 2129 719 2163 obmutui
745 2130 783 2163 et
805 2128 904 2163 inter
928 2128 1086 2162 verbera
1110 2129 1211 2171 (nam
1237 2127 1329 2161 caedi
1353 2137 1411 2160 me
1444 2126 1614 2165 iusserat)
1642 2125 1875 2159 conscientiae

249 2184 367 2229 magis
391 2185 478 2229 igne
503 2185 715 2228 torquebar,
742 2185 848 2218 illum
873 2195 1019 2218 mecum
1045 2184 1267 2218 versiculum
1292 2184 1468 2227 reputans
1495 2181 1555 2214 ‘In
1579 2181 1724 2215 inferno
1750 2182 1875 2214 autem

250 2240 332 2283 quis
356 2240 594 2274 confitebitur
617 2241 727 2274 tibi‘?’
755 2241 915 2275 clamare
940 2241 1066 2274 tamen
1085 2240 1179 2283 coepi
1205 2240 1244 2273 et
1261 2239 1403 2273 eiulans
1421 2238 1544 2271 dicere
1571 2236 1764 2270 ‘Miserere
1790 2237 1875 2278 mei,

250 2296 416 2338 domine,
443 2296 619 2331 miserere
651 2297 775 2331 mihiz’
803 2297 881 2332 haec
905 2308 977 2331 vox
1002 2297 1098 2329 'mter
1123 2295 1273 2340 flagella
1296 2294 1517 2328 resonabat.
1536 2292 1688 2327 tandem
1714 2292 1762 2326 ad
1785 2296 1876 2336 prae-

251 2352 405 2386 sidentis
435 2363 559 2397 genua
588 2353 777 2397 provoluti
808 2355 872 2397 qui
902 2352 1101 2387 adstabant
1136 2351 1401 2396 precabantur,
1439 2350 1482 2383 ut
1510 2350 1659 2383 veniam
1694 2348 1878 2382 tribueret

251 2407 510 2443 adolescentiae
549 2410 587 2443 et
623 2410 738 2443 errori
774 2410 897 2444 10011111
940 2408 1169 2453 poenitentias
1207 2407 1476 2448 commodaret,
1516 2405 1712 2439 exacturus
1741 2404 1876 2438 deinde

251 2464 472 2507 cruciatum,
511 2465 541 2498 si
571 2465 769 2509 gentilium
804 2465 1016 2499 litterarum
1051 2464 1164 2497 libros
1201 2462 1401 2507 aliquando
1437 2461 1620 2506 legissem.
1639 2471 1708 2505 ego
1741 2461 1803 2504 qui
1839 2460 1877 2493 in

251 2520 355 2554 tanto
381 2521 600 2555 constrictus
626 2521 781 2555 articulo
807 2521 943 2555 vellem
969 2520 1083 2554 etiam
1108 2520 1248 2554 maiora
1271 2518 1501 2562 promittere,
1528 2516 1694 2550 deierare
1719 2516 1814 2560 ccepi
1840 2517 1878 2549 et

251 2587 387 2610 nomen
412 2576 490 2610 eius
507 2577 697 2611 obtestans
723 2577 846 2611 dicere
874 2576 1060 2618 ‘Domine,
1086 2576 1116 2610 si
1132 2586 1298 2619 unquam
1321 2574 1485 2608 habuero
1503 2572 1648 2606 codices
1673 2571 1876 2613 saeculares,

253 2631 283 2664 si
305 2631 449 2675 legero,
474 2634 512 2666 te
537 2633 704 2677 negavi'.
729 2633 767 2666 in
792 2633 869 2667 haec
887 2632 1109 2666 sacramenti
1133 2632 1248 2665 verba
1272 2629 1441 2663 dimissus
1464 2628 1632 2662 revertor
1655 2627 1702 2661 ad
1725 2639 1878 2671 superos

255 2688 291 2720 et
322 2687 542 2722 mirantibus
573 2688 714 2722 cunctis
745 2688 870 2722 0011100
908 2688 1034 2731 aperio
1065 2688 1170 2720 tanto
1203 2686 1453 2729 lacrymarum
1477 2684 1595 2717 imbre
1620 2683 1803 2727 perfusos,
1836 2684 1879 2717 ut

254 2743 366 2776 etiam
391 2743 591 2777 incredulis
622 2743 733 2777 fidem
762 2744 924 2777 facerem
957 2754 1000 2776 ex
1026 2742 1164 2776 dolore.
1212 2741 1290 2775 Nec
1315 2751 1403 2775 vero
1436 2750 1545 2783 sopor
1573 2739 1636 2773 ille
1668 2739 1790 2773 fuerat
1813 2740 1879 2773 aut

256 2809 352 2832 vana
375 2799 533 2841 somnia,
565 2799 699 2843 quibus
723 2810 820 2843 saepe
852 2798 1082 2833 deludimur:
1113 2798 1219 2831 testis
1244 2798 1300 2831 est
1328 2795 1493 2830 tribunal
1517 2795 1627 2837 illud,
1659 2795 1745 2828 ante
1777 2795 1878 2838 quod

254 2854 363 2896 iacui,
389 2854 494 2889 testis
517 2854 697 2888 iudicium
720 2854 837 2896 triste,
863 2854 964 2898 quod
988 2854 1112 2887 timui:
1138 2854 1193 2887 ita
1215 2853 1307 2886 mihi
1331 2862 1521 2895 nunquam
1546 2851 1739 2894 contingat
1761 2850 1799 2883 in
1824 2851 1878 2884 ta-

254 2910 329 2944 lem
353 2910 516 2944 incidere
541 2911 799 2954 quaesffionem:
825 2910 984 2944 liventes
1008 2910 1127 2944 fateor
1151 2909 1322 2943 habuisse
1348 2919 1407 2942 me
1433 2907 1618 2952 scapulas,
1642 2906 1774 2951 plagas
1798 2917 1876 2940 sen-

256 2966 342 3000 sisse
367 2968 452 3010 post
476 2978 663 3009 somnum,
697 2968 736 3001 et
759 2967 864 3001 tanto
889 2966 1023 3000 dehinc
1048 2965 1170 2999 studio
1196 2965 1323 2999 divina
1345 2965 1496 3009 legisse,
1529 2963 1669 3007 quanto
1693 2973 1766 2997 non
1791 2963 1877 2996 ante

255 3022 429 3056 mortalia
451 3023 652 3067 legeram.“
702 3022 753 3057 Cf.
773 3022 888 3056 eiusd.
906 3022 1126 3066 Hieronymi
1151 3021 1246 3066 apol.
1266 3020 1348 3056 adv.
1366 3019 1488 3057 Rufin.
1504 3020 1567 3054 lib.
1585 3019 1631 3054 ΙΙ.
