2119 3522
304 210 398 255 320
791 224 898 245 INDEX
921 221 1173 244 BIOGRAPHICVS
1197 222 1239 242 Er
1263 221 1506 244 oxoitAs‘mcvs.

303 348 407 379 sunt.
441 332 549 390 apud
569 335 787 375 Ηὶ11111111112
817 337 997 386 quinque
1026 336 1171 373 saeculo
1200 348 1267 374 XV.
1291 335 1401 373 edita
1431 338 1615 388 exempla
1644 344 1921 384 recensentur,
1954 339 2011 375 sic

303 397 495 446 inscripta
529 394 668 431 ‘Liber
696 393 765 442 qui
793 392 1022 429 intitulatur
1054 391 1289 428 ‘Brune-llus
1319 392 1362 428 in
1394 394 1584 442 opusculo
1616 394 1858 440 stultorum',
1893 393 2010 444 ‘Spe-

303 453 433 489 culum
455 450 697 495 stultomm',
725 448 900 485 ‘Veteris
918 447 1086 497 Vigellii
1105 447 1313 497 speculum
1333 448 1576 495 stultorum’,
1603 449 1835 486 ‘Brunellus
1857 450 1899 486 in
1920 463 2010 499 spe-

301 508 388 544 culo
420 506 665 543 stultomm'.
730 500 955 554 Leyserus³
985 503 1197 553 prologum
1228 504 1410 554 opusculi
1439 505 1496 542 sic
1532 505 1797 555 incipientem
1827 505 2009 542 exhibet:

680 579 832 620 Suscipe
856 589 977 620 pauca
1001 579 1068 610 tibi
1092 579 1246 618 veteris,
1275 578 1470 620 Gffilelme,
1501 580 1640 622 Nigelli

746 635 908 676 Scripta,
934 635 1052 666 minus
1077 634 1204 676 sapido
1229 643 1340 676 nuper
1365 639 1471 667 arata
1496 636 1605 677 stylo.

388 703 422 744 ⁶2)
449 703 636 744 Repertor.
653 702 1000 736 110.16·214...16218.
1099 701 1134 742 3)
1153 701 1248 732 Hist.
1266 704 1407 743 poetar.
1426 713 1460 744 p.
1475 703 1668 734 751...758.

301 789 666 828 BRVXELLENSIS,
699 781 898 831 Georgius
922 779 972 828 (p.
989 786 1053 816 ‘285
1065 778 1126 830 ¹⁷),
1161 781 1424 819 nominalium
1444 782 1644 832 interpres
1667 782 2011 832 diligentissimUS,

300 838 598 889 „philosophus
619 850 708 875 saec.
729 850 795 875 xv.
818 851 901 874 non
930 837 1145 875 incelebris
1167 844 1288 888 atque
1318 839 1360 874 in
1391 839 1656 876 universitate
1677 838 1898 876 Parisiensi
1930 839 2011 876 dia-

300 896 531 932 lecticorum
551 895 772 944 interpres,
805 894 965 943 scripsit
995 907 1178 931 sermone
1208 893 1380 931 barbaro
1416 894 1685 932 ‘Facillimum
1714 895 1756 931 iu
1783 894 2012 932 Aristotelis

300 951 468 1000 logicam
508 950 903 1000 interpretationem,
943 955 1057 986 textu
1094 950 1384 999 nonnullisque
1417 964 1439 988 a
1470 951 1659 1000 magistro
1690 950 1848 988 Thoma
1878 951 2014 987 Bricot

302 1007 419 1044 editis
452 1005 752 1056 Qtiaesti01iibus
784 1006 1086 1043 accumulatam.
1127 1005 1255 1043 Paris.
1275 1006 1394 1044 1496.
1422 1004 1515 1052 4⁰.¹,
1564 1006 1614 1042 In
1646 1006 1870 1044 summulas
1902 1006 2012 1043 Petri

300 1061 516 1112 Hispani²,
554 1062 603 1098 In
634 1061 851 1112 Physicam
882 1061 1078 1107 eiusdem,
1112 1061 1243 1111 Lugd.
1268 1074 1299 1097 c.
1323 1067 1480 1098 annott.
1503 1068 1542 1099 et
1571 1061 1823 1112 quaestionib.
1846 1062 2022 1099 Thomae·

300 1119 435 1156 Bricot
458 1119 577 1156 1504.
601 1124 640 1155 ct
663 1118 784 1155 1509.
807 1123 847 1155 et
867 1117 1083 1167 Rotomagi
1106 1118 1225 1154 1508.
1250 1117 1340 1153 40.“
1390 1116 1616 1168 Foppens³,

391 1193 423 1235 1)
448 1195 666 1225 Accuratius
689 1193 820 1225 librum
842 1193 995 1226 iudicat.
1012 1194 1121 1225 Hain.
1145 1190 1195 1225 11⁰.
1215 1194 1311 1225 6700.
1325 1203 1376 1234 sq.
1498 1192 1532 1235 2)
1557 1194 1666 1225 Hain.
1691 1198 1741 1226 110.
1760 1193 2012 1226 6702...6704.

389 1249 423 1291 3')
447 1249 663 1291 Bibl.Be1g.
681 1260 714 1291 p.
732 1251 808 1282 332.

300 1337 582 1368 BVRCKHARD
611 1343 642 1368 s.
667 1337 885 1367 BVRKART
917 1332 987 1367 vid.
1008 1329 1143 1377 Iesus,
1173 1329 1246 1367 Dr.

300 1427 582 1467 BVRIDANVS,
623 1419 848 1465 Iohannes,
881 1419 1171 1457 Bethuniensis
1202 1418 1407 1465 Artesius,
1450 1418 1670 1470 discipulus
1709 1418 1902 1456 ‘doctoris
1932 1418 2013 1456 sin-

301 1475 450 1526 gularis
488 1477 572 1513 sive
608 1476 875 1513 invincibilis’
910 1475 1118 1513 Guilielmi
1150 1474 1316 1522 Occam,
1358 1475 1511 1512 ordinis
1543 1488 1573 1512 S.
1601 1474 1809 1512 Francisci
1840 1481 1880 1512 et
1909 1475 2015 1512 inter

301 1533 578 1570 nominalistas
609 1532 824 1582 principiS,
858 1532 927 1582 qui
948 1533 1033 1582 ipse
1058 1533 1066 1549 ‘
1081 1530 1282 1569 doctorem
1304 1532 1510 1569 subtilem’
1533 1531 1759 1569 Iohannem
1779 1531 1897 1568 Duns
1920 1530 2013 1568 Sco-

300 1595 383 1626 tum
414 1594 699 1638 praeceptorem
729 1588 939 1626 habuerat.
1005 1587 1170 1625 Parisiis
1208 1594 1302 1625 ante
1340 1588 1517 1625 medium
1552 1587 1742 1624 saeculum
1770 1599 1879 1624 xxm.
1909 1587 2016 1624 inter

300 1645 565 1695 philosophiae
605 1650 644 1681 et
674 1644 757 1681 LL.
779 1644 870 1681 AA.
894 1644 1105 1694 magistros
1144 1657 1295 1681 summo
1334 1644 1421 1681 loco
1453 1643 1697 1689 habebatur,
1737 1649 1776 1680 et
1813 1649 1908 1679 sunt
1946 1643 2015 1693 qui

301 1714 408 1738 anno
433 1701 552 1738 1320.
576 1706 817 1738 rectoratum
846 1700 1015 1750 gessisse
1047 1699 1237 1737 scribant.
1287 1700 1335 1737 de
1368 1713 1414 1737 eo
1436 1697 1617 1736 Bulaeus¹
1649 1699 1818 1746 „floruit
1837 1698 2014 1736 loannes

300 1756 530 1794 Buridanus
562 1756 824 1806 philosophus
852 1757 1067 1803 maximus,
1099 1756 1168 1806 qui
1190 1756 1349 1793 invenit
1368 1756 1475 1793 viam
1495 1752 1850 1793 mode1·uorum“².
1900 1754 2014 1792 Post-

301 1825 419 1862 quam
450 1812 701 1849 realistarum
731 1811 1064 1849 insectationibus
1097 1818 1257 1849 coactus
1288 1812 1492 1849 Lutetiam
1522 1811 1760 1861 reliquerat,
1802 1811 2015 1848 commovit

300 1868 511 1905 Urbanum
540 1868 621 1906 ΡΙ).
644 1869 713 1915 V.,
754 1875 798 1906 ut
828 1868 1216 1906 Vindobonensibus
1254 1869 1468 1918 privilegia
1504 1867 1629 1905 studii
1667 1867 1888 1917 generalis,
1927 1867 1953 1903 i.
1979 1879 2014 1904 e.

299 1924 525 1961 litterarum
548 1925 843 1971 universitatis,
869 1924 1128 1971 concederet,
1161 1938 1268 1961 anno
1293 1925 1433 1970 1356„
1466 1923 1611 1974 quibus
1632 1923 1822 1961 Urbanus
1843 1922 1924 1959 PP.
1940 1922 2014 1960 VI.

301 1993 408 2017 anno
432 1981 551 2019 1385.
574 1981 787 2030 privilegia
817 1981 1019 2018 facultatis
1050 1980 1287 2030 theologicae
1323 1980 1495 2018 addidit.
1554 1979 1677 2016 Anno
1702 1980 1821 2017 1358.
1843 1978 2014 2016 Burida-

302 2050 396 2073 num
428 2036 663 2073 defunctum
695 2050 780 2074 esse
811 2036 1005 2074 scribunt.
1063 2036 1128 2073 Ab
1160 2050 1205 2073 eo
1237 2042 1376 2074 notum
1408 2036 1457 2074 de
1480 2036 1583 2074 asini
1608 2033 1709 2084 (sive
1730 2035 1853 2072 asinae
1874 2047 2014 2072 secun-

303 2092 397 2129 dum
420 2092 654 2142 Spinozam)
678 2093 784 2130 inter
816 2093 914 2129 duos
945 2093 1043 2129 foeni
1073 2093 1300 2143 manipulos
1333 2093 1437 2130 same
1468 2092 1676 2129 morientis
1709 2088 1916 2129 dilemma³
1944 2103 2014 2128 no-

301 2161 392 2185 men
424 2147 567 2193 habet,
605 2149 782 2198 lepidius
820 2148 922 2186 illud
960 2162 1080 2199 quam
1118 2149 1332 2199 explicatio
1365 2162 1502 2186 eorum
1533 2148 1623 2198 qui,
1663 2161 1752 2185 cum
1785 2147 1960 2185 ‘asinus'
1992 2160 2016 2184 a

304 2203 460 2242 Gallico
483 2207 555 2241 cine
579 2202 705 2254 (asne)
726 2205 882 2250 veniat,
915 2204 991 2242 hoc
1020 2215 1094 2241 ane
1122 2218 1211 2241 cum
1231 2202 1378 2242 Latino
1402 2218 1472 2250 cm,
1505 2210 1550 2241 ut
1579 2203 1845 2254 philosophus
1874 2203 2017 2253 quaerit

305 2260 449 2296 ‘ulrum
476 2259 551 2297 hoc
574 2260 625 2297 sit
653 2273 702 2296 cm
726 2260 860 2306 illud’,
895 2265 1177 2297 commutatum
1209 2274 1296 2298 esse
1327 2256 1581 2310 opinentur-⁴.
1639 2259 1786 2297 Eidem
1805 2258 2014 2296 Buridano

302 2315 486 2352 tribuunt
523 2316 643 2353 etiam
679 2315 755 2353 hoc
785 2316 987 2366 sophisma
1028 2316 1247 2366 ‘Reginam
1278 2316 1503 2353 interficere
1533 2316 1660 2353 nolite
1693 2316 1834 2352 timere
1864 2314 2016 2352 bonum

303 2373 392 2418 est',
427 2371 536 2421 quod
565 2377 684 2421 prout
715 2381 809 2410 ante
840 2378 909 2409 aut
938 2377 1029 2422 post
1062 2372 1240 2409 ‘timere’
1272 2372 1548 2422 interpungis,
1581 2372 1826 2408 contrarium
1853 2383 2015 2408 sensum

301 2426 438 2465 habet.
486 2426 591 2464 Item
621 2427 828 2466 deducunt
850 2427 900 2465 ab
923 2440 969 2466 eo
991 2427 1238 2478 singularem
1268 2429 1391 2466 ‘asini
1411 2428 1547 2479 pontis
1568 2425 1940 2478 significationem⁵.
1961 2448 2015 2452 --

394 2537 426 2577 1)
443 2537 540 2570 Hist.
558 2539 655 2571 univ.
676 2538 793 2572 Paris.
810 2538 873 2570 IV.
893 2538 967 2570 186.
987 2537 1032 2569 ad
1053 2548 1134 2569 ann.
1154 2538 1250 2569 1320.
1343 2537 1377 2577 2)
1397 2537 1443 2572 cf.
1462 2537 1548 2571 ibid.
1567 2538 1627 2571 IV.
1647 2548 1680 2580 p.
1696 2539 1772 2570 996.
1865 2536 1899 2579 3)
1920 2537 2014 2578 Quo-

393 2603 473 2625 cum
496 2596 580 2635 apte
598 2593 856 2626 Biichmannus
880 2592 1082 2636 (GeflHyeIte
1105 2594 1236 2627 Worte.
1261 2592 1356 2629 Berl.
1376 2594 1473 2626 1867.
1492 2593 1538 2625 8⁰.
1557 2604 1590 2635 p.
1607 2592 1683 2634 76.)
1712 2592 1865 2626 contulit
1880 2593 2016 2624 Dantis

392 2649 518 2690 parad.
536 2650 598 2683 IV.
617 2650 665 2682 L:

770 2694 872 2727 Intra
896 2696 960 2727 duo
986 2695 1050 2727 cibi
1073 2696 1215 2727 distanti
1237 2706 1255 2727 e
1279 2693 1421 2728 moventi

816 2752 905 2783 D’un
928 2753 1041 2789 modo,
1063 2753 1174 2793 prima
1197 2753 1229 2783 si
1251 2753 1377 2784 morria
1401 2753 1438 2784 ἀί
1456 2752 1546 2792 fame

820 2808 884 2839 Che
908 2808 1003 2839 liber'
1027 2818 1120 2840 nomo
1144 2808 1211 2840 l’un
1234 2818 1370 2840 recasse
1395 2808 1427 2839 α’
1453 2807 1580 2842 denti.“

394 2871 429 2913 4)
447 2871 501 2904 Cf·
520 2872 629 2914 Bayle
647 2875 783 2907 diction.
801 2885 834 2907 v.
853 2875 1026 2907 Buridan.
1119 2874 1153 2915 5)
1175 2875 1294 2907 Grimm
1311 2875 1468 2910 Deutselz.
1493 2874 1583 2907 WB.
1607 2873 1881 2915 „Eselsbrz'ieke‚
1900 2873 1941 2913 f.,
1960 2873 2016 2905 in-

395 2928 497 2960 ertiae
515 2927 776 2971 adiumentum,
791 2931 904 2971 fram.
922 2930 957 2963 le
974 2933 1062 2973 pont
1079 2941 1150 2962 aux
1169 2931 1269 2963 ¹fines.
1304 2931 1367 2963 der
1383 2930 1551 2962 ausdruck
1566 2931 1630 2963 soll
1645 2930 1749 2962 durch
1765 2930 1839 2961 Iolz.
1858 2928 2016 2962 Buridan

394 2984 436 3014 im
459 2984 512 3015 14.
523 2984 601 3024 stul.
620 2985 866 3027 anfgselcommen
889 2989 977 3024 sein,
1010 2988 1071 3019 der
1094 2987 1258 3028 spc'ittisclz
1284 2987 1406 3018 asinus
1430 2985 1635 3018 Buridanus
1658 2986 1727 3017 und
1751 2987 1871 3017 dessen
1894 2984 2017 3025 schrift

396 3049 504 3080 super
527 3040 722 3072 summulas
745 3041 858 3073 ‘asini
876 3041 984 3083 pons’
1006 3046 1155 3084 yenannt
1176 3044 1300 3075 warde.
1342 3043 1453 3075 Ritter
1467 3042 1577 3084 yesclc.
1596 3042 1658 3074 cler
1674 3041 1792 3083 philos.
1809 3042 1903 3082 8,606.
1944 3041 2014 3072 Αη-
