2119 3522
264 204 358 249 346
757 219 863 240 mom
887 216 1140 239 moGBAPfflcvs
1163 216 1205 237 ET
1229 214 1470 240 onouAsncvs.

263 342 518 374 CEREVISIA.
578 333 643 369 Da
674 344 722 368 ea
752 332 920 381 eiusque
950 330 1071 368 variis
1102 329 1313 380 speciebus
1345 330 1434 368 fuse
1464 331 1652 368 tractavit
1680 331 1935 369 Placotomus
1948 330 1968 378 ¹,

262 405 379 442 quem
409 391 448 427 h.
470 390 496 426 l.
519 389 746 425 nominasse
778 386 945 432 sufficit,
984 386 1296 424 transeribemus
1336 392 1486 432 autem,
1528 400 1618 424 cum
1647 400 1730 424 non
1760 388 1888 426 solum
1918 388 1971 425 ad

260 444 608 495 Langschneideri
639 442 817 493 epistolae
849 441 898 490 (1.
923 441 976 491 1.)
1006 442 1079 480 sed
1110 448 1149 480 et
1179 442 1231 479 ad
1261 443 1469 479 nominum
1490 456 1573 479 non
1594 442 1796 480 nullorum
1816 444 1858 480 in
1887 444 1968 494 epi-

260 502 368 539 stolis
392 500 440 537 O.
460 500 509 537 V.
526 499 675 549 passim
705 498 978 535 adhibitorum
1009 498 1319 548 explicationem
1347 498 1488 544 faciat,
1521 512 1572 536 ex
1591 499 1735 548 aequali
1755 498 1892 537 libello
1915 497 1970 548 {le

260 555 447 604 generibus
469 552 719 603 OEbzinsurum²
750 554 860 591 hunc
879 551 1055 591 locum-³:
1096 552 1325 603 „Quamvis
1348 551 1551 604 (fortasse)
1573 560 1691 604 turpe
1712 568 1795 592 non
1816 555 1867 592 sit
1888 568 1970 592 rem

259 627 329 649 suo
360 611 556 649 vocabulo
589 610 830 660 exprimere,
865 610 1019 647 alienas
1049 615 1185 647 tamen
1217 624 1240 648 a
1270 623 1313 647 re
1344 610 1433 660 ipsa
1456 623 1574 648 voces
1594 610 1800 660 fingimus,
1833 616 1877 648 ut
1897 611 1967 648 sci-

258 669 351 705 licet
380 680 538 717 semper
568 666 731 716 quidem
763 666 998 704 cerevisiam
1028 664 1234 712 bibentes,
1266 666 1477 703 videamur
1505 671 1641 704 tamen
1673 665 1832 704 diversa
1860 667 1971 704 velut

259 737 409 774 genera
441 723 608 760 diversis
640 721 870 759 nominibus
903 721 1124 772 explicare,
1157 722 1339 772 quamvis
1362 721 1533 760 ridicula
1553 722 1704 772 potius,
1737 735 1859 772 quam
1878 736 1969 760 cen-

258 780 364 818 soria
395 784 491 816 nota
523 778 661 827 digna.
712 778 821 828 quod
852 777 1138 816 Erfurdienses
1172 776 1239 826 (ut
1269 791 1292 815 a
1321 777 1438 814 nobis
1469 776 1684 828 incipiam)
1718 791 1831 816 suam
1859 778 1971 817 illam

257 837 449 886 pinguem
492 841 531 872 et-
567 847 738 871 crassam
775 834 1010 872 cerevisiam
1048 834 1243 884 peculiari
1272 833 1469 872 vocabulo
1502 835 1693 871 Schluncz
1729 834 1971 885 appellitant

258 892 420 928 nomine
458 903 557 928 sane
595 889 765 928 barbaro
799 896 838 927 et
867 890 1051 936 horrido,
1091 889 1200 940 quod
1239 904 1291 927 ne
1328 889 1490 927 barbari
1527 889 1691 940 quidem
1721 890 1967 940 intelligunt,

258 953 353 997 puto
386 960 431 985 eo
463 946 673 998 mysterio,
714 946 823 996 quod
854 945 1026 984 eandem
1064 946 1221 983 avidius
1252 951 1439 996 potantes
1471 947 1633 983 omnino
1665 960 1749 983 non
1779 946 1968 996 intelligi-

259 1003 377 1049 biles,
410 1003 625 1049 insensati,
660 1015 711 1039 ne
744 1002 873 1039 dicam
902 1002 1157 1038 irrationales
1189 1007 1309 1052 atque
1336 1001 1647 1040 indeclinabiles
1680 1002 1722 1038 in
1752 1015 1968 1052 quamcun-

259 1073 336 1109 que
374 1065 529 1109 partem
559 1071 733 1095 moveas.
769 1089 775 1095 .
802 1089 808 1095 .
835 1089 842 1095 .
892 1058 1152 1108 Lipsensium
1186 1071 1280 1095 vero
1318 1058 1554 1096 cerevisiam
1583 1057 1792 1095 studentes
1822 1064 1971 1096 vocant

259 1122 448 1161 rastrum,
488 1114 723 1164 metaphora
763 1119 858 1164 puto
899 1119 1055 1163 sumpta
1087 1114 1136 1151 ab
1168 1114 1372 1164 agricolis,
1414 1113 1522 1164 quod
1560 1114 1898 1164 quemadmodum
1927 1114 1969 1151 hi

258 1172 393 1209 rastris
425 1178 464 1208 et
493 1171 658 1208 sarculis
690 1176 728 1207 et
757 1169 962 1220 ligonibus
994 1183 1151 1207 omnem
1182 1170 1268 1220 agri
1294 1170 1479 1207 duritiam
1500 1175 1664 1208 vertunt
1685 1176 1725 1208 et
1746 1170 1966 1217 emolliunt,

258 1228 313 1264 ita
342 1227 601 1277 Lipsensium
639 1227 832 1264 cerevisia
869 1226 980 1263 velut
1017 1232 1187 1263 rastrum
1228 1227 1422 1264 intestina
1460 1226 1594 1263 omnia
1632 1239 1704 1263 sua
1735 1227 1968 1265 acetositate

256 1283 382 1329 laedit,
416 1283 541 1321 mouit
563 1289 634 1323 [sic]
658 1288 697 1320 et
718 1282 926 1333 corumpit.
986 1283 1060 1319 Est
1090 1288 1223 1320 autem
1253 1282 1400 1333 triplex
1433 1282 1481 1319 de
1513 1295 1590 1332 quo
1622 1282 1713 1320 talis
1744 1288 1803 1320 est
1830 1296 1968 1320 versus

258 1342 330 1376 Ein
363 1342 466 1387 {opff
491 1341 776 1385 sclzerpentum,
808 1351 935 1376 czmen
967 1344 1157 1385 rastrum,
1195 1341 1260 1375 dat
1290 1350 1462 1386 spanque
1493 1344 1690 1376 coa-emunt
1723 1337 1969 1387 [Coventum

256 1409 289 1440 p,
308 1394 404 1443 68⁷}
464 1395 736 1432 Nihilominus
767 1400 902 1432 tamen
934 1395 975 1431 in
1006 1400 1086 1432 tam
1116 1394 1242 1431 nobili
1265 1395 1414 1445 oppido
1438 1400 1613 1432 externae
1635 1408 1795 1445 quoque
1814 1395 1967 1432 haben-

256 1457 320 1488 tur
351 1452 571 1497 cerevisiae,
605 1457 649 1488 ut
679 1457 774 1487 sunt
806 1453 1083 1499 Eynbecensis,
1117 1463 1205 1500 quae
1237 1450 1346 1501 apud
1377 1464 1449 1488 nos
1481 1451 1753 1503 estloptimas
1780 1453 1967 1488 Numbur-

254 1512 381 1555 [sensis
411 1520 499 1557 quae
529 1507 663 1544 oculos
694 1507 823 1552 laedit,
861 1508 1146 1555 Turyaviensis,
1182 1508 1501 1555 Belyeranensis,
1534 1507 1583 1545 de
1610 1520 1689 1557 qua
1710 1507 1969 1558 proverbium

256 1570 315 1600 est
347 1565 566 1611 Belqerana
599 1569 653 1599 est
684 1564 850 1600 omnibus
880 1575 1001 1605 sana,-
1049 1564 1354 1609 chrtzellensis,
1395 1565 1684 1612 Fribmyensis,
1726 1569 1765 1601 et
1803 1564 1968 1614 reliquae

255 1619 296 1656 id
328 1632 469 1669 genus.
528 1619 731 1656 Praeterea
763 1619 851 1669 quis
882 1632 964 1655 non
995 1619 1108 1655 novit
1129 1618 1348 1657 Saxonicas
1380 1632 1540 1670 quoque
1573 1619 1740 1657 diversis
1771 1620 1969 1670 appellari

255 1675 506 1713 nominibus:
544 1677 641 1711 Filtz
674 1675 826 1712 scilicet
854 1674 1265 1725 Magdeburgensem,
1300 1677 1496 1713 Mommom
1526 1677 1611 1714 sive
1633 1677 1796 1713 Momum
1816 1676 1966 1714 Bruns-

254 1732 480 1781 vigensem,
515 1730 652 1776 Gausse
683 1727 1010 1769 Gosslariensem.
1063 1731 1135 1769 sed
1165 1737 1329 1782 praestat
1359 1732 1437 1769 alia
1466 1732 1672 1782 praeterire
1701 1732 1882 1779 silentio,
1916 1746 1968 1770 ne

236 1787 305 1825 vde
336 1801 379 1825 re
410 1787 527 1824 nihili
558 1787 713 1838 aliquid
744 1787 878 1825 facere
908 1787 1013 1825 velle
1044 1787 1202 1835 videar,
1237 1801 1324 1825 cum
1354 1789 1435 1825 sint
1463 1794 1522 1825 tot
1547 1801 1663 1839 paene
1685 1789 1968 1826 cerevisiarum

254 1857 373 1894 quam
403 1844 610 1881 civitatum
641 1849 681 1880 et
711 1843 951 1894 oppidorum
981 1844 1164 1890 nomina,
1197 1845 1240 1881 in
1272 1844 1418 1894 quibus
1449 1850 1488 1882 et
1513 1845 1610 1882 talia
1632 1844 1877 1895 quandoque
1899 1858 1966 1882 au-

256 1900 338 1937 divi
369 1899 557 1937 ridicula:
592 1900 831 1946 Quieschart,
866 1901 1098 1946 Kusmantz,
1131 1902 1402 1949 Kelberzayel,
1435 1902 1582 1948 Bilffel.
1641 1900 1767 1951 Apud
1786 1900 1966 1938 Franck-

253 1956 461 1993 fordianos
493 1955 545 1993 ad
575 1956 703 2006 ripam
731 1953 876 1993 Oderae
899 1956 1122 2004 Staffeliny,
1158 1957 1422 2004 Beydermcne,
1456 1958 1739 2004 Schlipsclzlap,
1772 1959 1965 1994 Fitscher-

252 2015 339 2060 ling,
364 2013 537 2059 Stampff
552 2015 589 2049 in
610 2014 668 2049 die
690 2014 876 2057 aschenn,
902 2013 1027 2048 Stortz
1053 2014 1125 2048 (len
1146 2014 1253 2058 KerZ,
1278 2014 1480 2059 Batzmmz,
1506 2014 1745 2058 Hotenbach,
1770 2015 1965 2050 Gluclcels-

252 2071 349 2114 han,
383 2069 603 2116 Sperpype,
635 2070 923 2113 Horlemolsclz,
957 2069 1225 2116 Strokeinyen,
1255 2070 1436 2115 Bastart,
1469 2070 1655 2116 Rutelop,
1686 2070 1964 2118 Hellsclzepoff,

253 2126 399 2171 Lorch,
437 2126 547 2169 Itasc,
591 2125 720 2171 Salat,
763 2125 1093 2171 Streclsepertzel,
1126 2126 1310 2171 Fertzer,
1351 2127 1508 2173 Rolinys
1546 2127 1625 2171 bir,
1657 2127 1873 2172 Raseman,
1905 2128 1966 2163 Alc

253 2179 394 2227 olaus-³,
436 2181 654 2223 Ῐιόνυίηεῖε,
698 2179 881 2225 Kressen,
922 2181 1205 2227 Mortportner,
1251 2180 1503 2229 Reisselcopff‚
1545 2183 1711 2227 Ficlelz‘a,
1754 2181 1963 2228 Lotenasse,

254 2237 527 2282 Hartenaclce,
559 2237 751 2284 Breypot,
785 2237 1075 2283 Muclcensenff,
1117 2242 1156 2274 et
1193 2236 1319 2274 multa
1355 2237 1451 2274 talia
1482 2238 1570 2287 quis
1602 2234 1856 2275 numerabit?
1895 2252 1963 2276 no—

252 2292 361 2329 mina
399 2305 471 2342 per
511 2291 629 2329 deum
667 2305 916 2330 emuscarum
954 2293 1136 2342 quamvis
1175 2293 1297 2343 plane
1336 2292 1526 2345 ridicula,
1573 2299 1709 2331 tamen
1747 2293 1964 2331 bibonibus

253 2353 293 2384 et
321 2347 634 2385 birolatronibus
672 2348 758 2385 istis
795 2348 897 2386 adeo
937 2348 1143 2395 amabilia,
1185 2348 1287 2386 adeo
1319 2348 1460 2387 auditu
1491 2349 1687 2396 iucunda,
1726 2355 1770 2387 ut
1807 2351 1964 2400 quoties

343 2538 374 2575 1)
403 2536 448 2567 ad
471 2537 615 2568 Eobani
631 2536 740 2568 Hessi
766 2536 808 2568 de
835 2537 970 2568 tuenda
995 2537 1092 2568 bona
1116 2536 1326 2569 valetudine
1352 2537 1530 2577 libellum,
1560 2549 1590 2570 e.
1609 2549 1662 2580 gr.
1681 2538 1766 2570 edit.
1794 2539 1963 2572 Francos.

342 2593 438 2624 1564.
458 2592 503 2624 80.
523 2591 599 2623 foll.
620 2590 834 2624 76b...114³.
957 2592 992 2633 2)
1018 2593 1063 2633 {12
1087 2592 1261 2633 generibus
1287 2593 1491 2634 (Ehnusnzum
1521 2594 1526 2635 Ι
1552 2596 1583 2627 et
1606 2594 1758 2628 ehzietnte
1782 2596 1927 2629 nimmia.
1957 2596 1959 2608 ¹

341 2647 477 2687 ‘anestia
501 2648 693 2688 facetiarum
718 2654 749 2681 et
772 2648 973 2682 urbanitatis·
997 2651 1121 2689 plena:
1148 2647 1182 2690 133
1206 2650 1416 2690 nultettimiz
1437 2649 1442 2692 1
1463 2651 1658 2691 omimnmm
1683 2651 1871 2691 [ttimmum
1895 2651 1962 2691 fln-

340 2704 436 2743 [culis
461 2704 604 2744 referta:
630 2705 666 2737 in
691 2707 815 2738 tunclu:
832 2705 919 2745 [inne
937 2703 1134 2738 anuntibeti
1153 2704 1419 2747 (Erphutbiensiz.
1447 2705 1554 2747 {Anno
1587 2704 1592 2746 Ι
1627 2706 1753 2747 (Εὺῖἰβί.
1780 2706 1960 2748 ἔῃῑὶὲἶί.

340 2759 436 2792 Uitru
461 2762 686 2800 autumnitate
709 2760 935 2801 equitantium
961 2761 1133 2800 §scolastico
1161 2760 1165 2802 Ι
1192 2770 1275 2794 moze
1305 2762 1474 2806 egulimta.
1497 2761 1502 2803 Ι
1547 2761 1718 2803 (Pictura
1749 2763 1961 2795 animalium

340 2815 542 2846 bibentium
559 2815 634 2856 (ΞῘεΙ
652 2816 739 2851 &am
758 2816 844 2851 aaa>
869 2816 983 2859 &baffi
1000 2815 1102 2859 {anub
1128 2816 1184 2858 Ἡῆ
1209 2817 1301 2857 28οΠ
1325 2817 1426 2853 &aas
1452 2817 1534 2854 ffiet:
1560 2828 1669 2851 anser
1693 2819 1830 2860 facem,
1856 2829 1960 2851 ursus

340 2870 472 2901 librum
495 2870 621 2913 tenet.)
670 2872 713 2903 In
732 2874 799 2912 fine
817 2873 894 2904 libri
911 2873 952 2903 14
966 2873 1123 2913 foliorum
1140 2874 1173 2904 in
1190 2872 1237 2906 40.
1262 2878 1331 2905 est:
1356 2872 1548 2915 §mmeffum
1566 2874 1758 2916 nurnbetge
1774 2884 1829 2916 pet
1845 2875 1958 2917 &iern-

340 2934 476 2966 nnmum
495 2927 620 2967 fioltjel
643 2926 647 2968 Ι
669 2927 775 2967 ganno
796 2926 862 2963 ῑιῆἰ.
882 2928 1065 2969 gilissesimn
1089 2929 1326 2970 quinflfitefimn
1349 2930 1606 2971 vetimoseptimn
1626 2930 1631 2973 Ι
1664 2931 1828 2972 Repetiit
1852 2930 1958 2964 libel-

340 2981 412 3012 lum
436 2981 496 3012 Fr.
515 2982 681 3019 Zmncke,
716 2985 778 3014 Die
802 2984 991 3015 Deutsclzen
1018 2984 1131 3016 Univv.
1151 2986 1173 3020 i.
1192 2986 1276 3017 MA.
1301 2987 1419 3028 Leipz.
1440 2986 1538 3019 1857.
1561 2986 1607 3019 8⁰.
1633 2997 1744 3029 pagg.
1765 2987 1958 3019 116...154.

340 3037 373 3077 3)
399 3047 482 3078 pag.
502 3036 585 3079 OEijb
603 3047 657 3079 sq.
676 3038 758 3071 edit.
777 3039 823 3070 40.
855 3050 938 3081 pag.
957 3041 1032 3072 144.
1051 3049 1127 3081 seq.
1147 3040 1201 3072 ed.
1220 3041 1398 3074 Zarncke.
