2119 3522
326 216 421 261 30ss
821 230 927 251 mmm
951 227 1202 250 BIOGRAPHICVS
1227 229 1267 248 ET
1292 227 1533 250 oxonAsnc-vs.

324 347 526 397 complura
558 346 606 382 de
639 344 891 394 depositione
921 344 1070 393 scripta
1099 343 1266 381 collecta
1286 348 1399 389 sunt,
1432 341 1542 379 unde
1571 342 1642 379 hos
1663 341 1914 381 Widebrami
1943 354 2031 380 ver-

311 404 466 439 siculos
497 400 825 450 interpunctione
846 412 885 449 q.
901 413 939 437 v.
959 399 1174 436 emendata
1194 399 1431 450 repetimus:

588 499 658 530 Hic
683 499 791 530 armis
817 508 904 540 opus
932 501 1006 538 est,
1030 498 1144 531 variis
1170 507 1259 540 opus
1284 497 1550 538 instrumentis,

588 555 670 586 Huc
696 554 838 586 directa
862 554 951 585 mihi
976 556 1052 586 tota
1078 556 1148 594 est,
1176 563 1282 595 quam
1306 555 1445 595 tracto,
1474 552 1654 595 supellex,

588 609 767 650 Horrida,
793 610 955 642 materiae
981 609 1112 642 similis
1138 609 1196 641 cui
1220 609 1337 641 forma
1361 612 1529 651 paratur:

590 665 697 697 Serra
723 665 892 706 dolabra,
917 665 1064 707 bidens,
1090 665 1194 705 dens,
1223 665 1346 705 clava,
1372 665 1574 706 novacula,
1600 667 1751 706 pecten,

591 720 680 752 Cum
705 721 860 753 terebra'
877 726 1020 763 toruus,
1047 732 1126 754 cum
1151 721 1238 753 lima
1262 721 1435 761 malleus,
1459 722 1582 762 incus,

587 777 795 819 Rastraque
823 788 902 810 cum
926 779 1071 818 rostris,
1102 788 1180 809 cum
1205 778 1308 809 furca
1335 781 1371 809 et
1397 777 1537 819 forcipe
1563 776 1707 818 forpex:

587 833 656 864 His
683 844 749 875 ego
778 831 985 877 [depositor]
1013 834 1203 865 distortum
1229 833 1365 865 nodoso
1389 834 1518 865 robore
1545 836 1709 864 truncum

589 889 754 929 Tondeo,
781 890 911 930 tundo,
938 900 1041 930 seco,
1067 890 1174 929 rado,
1200 889 1301 929 lavo,
1327 888 1466 931 levigo,
1493 888 1596 929 limo,

589 944 740 986 Scalpo,
767 945 914 987 sculpo,
940 946 1068 985 scabo,
1098 945 1216 986 fodio,
1243 949 1339 986 tero,
1365 947 1489 985 torno,
1515 944 1677 984 terebro,

589 1000 741 1040 Divido,
767 1011 956 1042 compono,
982 1001 1093 1039 frico,
1119 1000 1265 1041 dedolo,
1294 1000 1402 1041 cudo,
1429 1001 1580 1041 recudo,

590 1056 628 1088 Si
654 1067 724 1097 qua
748 1056 857 1088 dante
883 1057 951 1089 deo
976 1059 1050 1088 tarn
1077 1066 1201 1089 crasso
1228 1067 1246 1088 e
1271 1056 1396 1098 stipite
1421 1056 1555 1098 possim

589 1113 747 1154 Fingere
773 1112 991 1144 Mercurium
1018 1115 1054 1143 et
1079 1111 1173 1152 quod
1199 1122 1350 1144 curvum
1375 1114 1431 1144 est
1455 1121 1590 1154 ponere
1616 1114 1761 1146 rectum,

324 1203 444 1254 Quod
477 1204 621 1241 attinet
652 1203 704 1241 ad
734 1203 920 1241 vocabuli
952 1209 1117 1255 etymon
1147 1217 1291 1254 parum
1319 1209 1428 1241 recte
1448 1217 1486 1240 v.
1505 1201 1868 1252 el.Kosega1-ten⁷)
1894 1204 2038 1240 beamus

323 1275 345 1297 a
377 1260 532 1298 Gallico
565 1262 673 1306 beer,
703 1263 725 1296 ί.
747 1271 777 1296 e.
798 1262 871 1296 den
892 1261 1014 1296 Mmzd
1042 1261 1300 1307 ccufsperren,
1331 1262 1465 1308 yaffen
1497 1258 1678 1308 deducit;
1713 1271 1833 1308 quem
1863 1272 2038 1297 errorem

324 1330 408 1353 esse
440 1316 471 1352 is
503 1316 571 1366 qui
602 1316 643 1352 in
674 1316 736 1353 his
772 1316 890 1354 rebus
923 1316 1200 1367 etymologicis
1237 1316 1324 1353 sine
1363 1315 1649 1366 provocatione
1688 1314 1771 1352 fere
1810 1315 1934 1352 iudex
1964 1321 2034 1361 est,

323 1372 578 1410 Friedericus
609 1372 796 1419 Diezius,
838 1386 920 1409 non
951 1372 1080 1409 solum
1117 1372 1239 1409 tacite
1277 1370 1508 1418 iudicavit&
1546 1371 1620 1409 sed
1658 1376 1697 1408 et
1734 1384 1910 1421 praesens
1941 1371 2037 1407 mihi

325 1428 438 1473 (licit,
478 1428 581 1465 nihil
612 1429 718 1466 inter
738 1442 780 1466 se
803 1442 1011 1466 commune
1032 1428 1184 1465 habere
1205 1428 1402 1466 vocabula
1424 1430 1514 1465 beer
1535 1433 1575 1465 et
1596 1429 1740 1464 hermus
1759 1428 1844 1465 sive
1867 1429 2035 1465 beianus.

323 1483 600 1522 Diefenbacl1⁹
632 1498 681 1522 ex
709 1485 979 1522 vocabulariis
1010 1484 1192 1522 barbaris
1224 1485 1299 1522 sic:
1351 1485 1568 1531 „Beanus,
1601 1483 1783 1533 bijanus,
1816 1484 1842 1521 i.
1864 1483 2034 1531 lecator;

324 1541 417 1590 gall.
435 1541 460 1577 i.
478 1541 737 1578 scholasticus
758 1542 948 1586 trivialis,
983 1541 1155 1578 ethrusc.
1174 1541 1199 1577 i.
1214 1540 1426 1587 barbarus,
1458 1540 1787 1586 barbarusculus,
1818 1539 2035 1585 banausus,

324 1596 540 1634 bacchuns.
573 1601 634 1633 (ηή
667 1600 784 1645 bean,
817 1599 1024 1643 bacchum,
1059 1599 1220 1644 scheon,
1250 1599 1479 1645 qrobe'ames,
1509 1598 1648 1645 yrober
1677 1599 1774 1637 esd,-
1805 1597 1918 1644 ocle,
1945 1596 2037 1643 pus-

320 1654 397 1700 fel,
430 1653 593 1701 tulpel‘⁴.

414 1739 447 1782 7)
468 1741 502 1771 in
523 1742 638 1774 Gesch.
660 1742 692 1773 (Ι.
714 1741 805 1775 Unio.
828 1742 981 1782 Gz‘eifisw.
1003 1742 1098 1773 1857.
1117 1740 1164 1774 40.
1182 1742 1210 1775 I.
1228 1752 1262 1783 p.
1276 1742 1329 1772 84.
1429 1738 1464 1782 8)
1482 1740 1520 1771 111
1538 1741 1674 1774 Roman.
1696 1740 1867 1772 H'o'rlerb.
1887 1750 1962 1773 voe.
1981 1740 2037 1772 ba-

414 1799 497 1829 clare
523 1795 638 1838 (unde
662 1797 752 1829 illud
775 1795 873 1839 beer)
904 1798 947 1829 de
977 1797 1095 1828 beano
1119 1797 1222 1831 nihil.
1316 1795 1350 1838 9)
1370 1796 1530 1830 Glossar.
1547 1806 1581 1829 v.
1598 1797 1755 1828 Beanus.

324 1907 566 1947 BEBELIVS,
591 1900 813 1947 Henricus,
836 1900 1108 1950 Iustingensis
1127 1899 1295 1947 Suevus,
1319 1906 1437 1936 natus
1460 1912 1495 1937 a.
1518 1899 1637 1937 1472.
1657 1898 1830 1937 decessit
1850 1912 1885 1937 a.
1903 1899 2036 1945 1516„

323 1957 395 1994 sed
427 1957 476 1994 de
506 1963 677 2007 utroque
709 1970 816 1994 anno
848 1970 931 1993 non
970 1962 1077 1993 certo
1109 1961 1285 2002 constat,
1326 1956 1507 2006 quamvis
1543 1952 1677 1992 multi¹
1709 1956 1834 1993 vitam
1862 1955 1940 1992 viri
1972 1954 2038 1992 de-

323 2013 570 2063 scripserint.
630 2013 850 2063 Postquam
875 2013 918 2050 in
943 2013 1091 2063 patria,
1127 2012 1351 2058 Oraeoviae,
1384 2012 1555 2049 Basileae
1575 2012 1730 2049 litteras
1753 2011 1949 2048 didicerat
1971 2010 2038 2048 do-

324 2075 552 2120 cueratque,
577 2083 683 2106 anno
704 2070 824 2107 1497.
842 2068 1042 2119 'l'ubingae
1063 2069 1268 2119 professor
1287 2069 1438 2118 linguae
1455 2068 1611 2106 Latinae
1629 2068 1888 2118 poeticesque
1909 2066 2038 2104 factus

324 2126 591 2163 reformandis
629 2126 748 2162 huius
778 2125 928 2175 linguae
967 2125 1110 2162 studiis
1148 2125 1497 2175 diligentissimam
1528 2124 1712 2162 docendo
1743 2123 2039 2174 scribendoque

325 2195 487 2232 operam
527 2181 656 2227 dedit,
704 2181 839 2231 ibique
878 2194 1005 2231 usquc
1037 2181 1089 2219 ad
1120 2182 1212 2218 vitae
1244 2181 1395 2218 exitum
1435 2181 1537 2217 ‘non
1572 2181 1660 2218 sine
1690 2180 1844 2218 victuro
1876 2180 2039 2217 nomine

325 2244 454 2275 castra
475 2238 600 2274 locat’
615 2234 640 2274 ².
696 2237 818 2274 Anno
840 2238 961 2275 1501.
978 2237 1158 2275 lauream
1181 2237 1217 2274 ei
1237 2237 1475 2287 imposuisse
1495 2237 1820 2274 Maximilianum
1842 2235 2043 2273 Caesarem

324 2291 471 2343 supra¹
512 2306 672 2343 quoque
711 2292 1007 2330 adnotavimus.
1075 2293 1216 2330 Mortis
1254 2306 1387 2343 neque
1426 2306 1554 2343 genus
1598 2305 1733 2343 neque
1770 2298 1927 2342 tempus
1966 2292 2038 2329 sci-

326 2363 429 2386 mus.
489 2349 646 2399 Scripta
676 2349 751 2385 viri
782 2349 906 2386 multa
936 2354 1031 2386 sunt
1061 2355 1100 2386 et
1129 2349 1260 2395 varia,
1292 2361 1520 2399 magnaque
1543 2355 1582 2386 et
1603 2349 1864 2398 epistolarum
1886 2353 1925 2385 et
1945 2361 2039 2398 poe-

328 2411 476 2442 matum
514 2418 605 2455 pars
643 2405 813 2442 aliorum
842 2405 953 2442 libris
985 2404 1126 2442 addita
1154 2404 1314 2454 legitur.
1348 2406 1432 2442 eius
1463 2405 1750 2442 commentaria
1780 2404 2040 2454 epistolarum

329 2461 687 2507 conficiendarum,
728 2460 781 2498 ad
811 2473 898 2511 quae
929 2460 1153 2498 rettulerim
1182 2458 1316 2507 p.19⁶,
1358 2460 1407 2498 ab
1430 2474 1466 2498 a.
1488 2462 1607 2498 1503.
1630 2473 1758 2511 usque
1788 2460 1841 2498 ad
1862 2474 1898 2498 a.
1918 2461 2038 2498 1513.

328 2518 498 2554 noviens
536 2516 741 2567 publicata
780 2530 866 2554 esse
901 2515 1129 2554 Panzerus³
1160 2517 1327 2554 rettulit.
1396 2516 1496 2566 Quae
1525 2530 1561 2562 p.
1578 2514 1663 2553 <206¹
1692 2516 1834 2554 Iodoei
1867 2515 2040 2554 Sal-toris

326 2574 469 2610 studiis
500 2573 670 2610 inservit
703 2572 792 2610 ‘Ars
813 2573 1099 2610 metrificandi’
1131 2573 1216 2610 sive
1251 2573 1340 2610 ‘Ars
1360 2573 1617 2610 versificandi
1647 2578 1686 2611 et
1706 2572 1928 2610 carminum
1948 2585 2039 2610 cou-

329 2629 553 2667 dendorum
580 2629 746 2666 Henrici
774 2629 933 2667 Bebelii
961 2629 1231 2679 Iustingensis
1261 2634 1391 2679 poetae
1420 2630 1607 2667 laureati.
1668 2628 1929 2679 Quantitates
1959 2628 2039 2680 syl-

324 2685 506 2722 labarum
538 2685 730 2723 eiusdem.
789 2686 1098 2724 Racemationes
1129 2690 1170 2723 et
1199 2686 1478 2736 exquisitiores
1502 2685 1804 2724 observationes
1826 2684 2038 2730 eiusdem',

419 2884 452 2926 1)
469 2885 547 2916 Non
570 2884 685 2916 nullos
704 2885 806 2917 Hutt.
825 2887 915 2927 Opp.
935 2885 998 2916 111.
1017 2896 1050 2926 p.
1066 2887 1120 2918 79.
1141 2885 1185 2916 ad
1203 2895 1236 2917 v.
1253 2887 1329 2918 229.
1345 2896 1395 2928 sq.
1415 2887 1617 2928 nominavi,
1643 2886 1857 2927 quibuscum
1883 2885 1930 2918 cf.
1949 2895 2041 2927 prae—

419 2944 474 2972 ter
487 2940 765 2981 Pantaleonem,
784 2941 974 2981 Adamum,
998 2941 1196 2973 Freherum
1214 2942 1402 2974 locherum
1420 2943 1530 2974 etiarn
1544 2940 1817 2974 Burckhardum
1835 2941 1879 2972 de
1898 2942 1938 2975 L.
1956 2942 2039 2975 Lat.

417 2997 454 3027 in
474 2996 514 3027 G.
534 2996 599 3027 fat.
617 2997 662 3029 II.
679 3006 714 3038 p.
729 2998 804 3029 317.
821 3007 898 3038 sqq.
995 2996 1030 3037 2>
1050 2997 1170 3028 Verba
1194 3001 1278 3029 sunt
1294 2999 1466 3038 Hutteni,
1484 2998 1507 3029 l.
1524 3008 1554 3031 c.
1569 3008 1602 3030 v.
1618 2999 1693 3030 230.
1798 2995 1832 3038 3)
1851 2996 1941 3029 Ann.
1960 3000 2036 3039 typ.

417 3050 458 3081 X.
478 3061 510 3091 p.
532 3051 604 3082 143.
647 3051 700 3085 Cf,
720 3052 815 3083 infra
834 3056 899 3083 art.
917 3052 1075 3085 Pontius.
