2119 3522
547 204 599 227 ΕΡ.
612 203 654 227 35.
683 204 935 227 PAnomtAnnvs
958 203 1196 227 maraon-*1015
1220 204 1378 226 on'rvmo.
1729 182 1822 231 611

108 261 196 302 Pag.
209 259 274 297 58.
1242 262 1329 303 Pag.
1345 263 1397 294 58.
1416 272 1446 293 v.
1460 268 1476 293 5
1494 285 1501 292 .
1517 286 1523 292 .
1540 285 1547 293 .
1564 262 1650 303 Pag.
1666 262 1719 294 59.
1737 272 1768 293 v.
1782 269 1825 294 19.

199 325 305 348 suum
329 314 476 358 pascha.
506 315 549 349 cf.
566 315 645 348 Ind.
665 326 749 348 scrr.
767 327 802 359 p.
820 319 872 349 64.
891 327 967 359 sqq.
986 327 1020 349 n.
1038 328 1070 350 v.
1118 316 1156 359 d)
1181 315 1420 360 Pepericorni
1451 314 1558 349 Hosti
1587 315 1742 350 Iudaeor.
1781 315 1826 349 cf.

198 369 278 403 Ind.
296 381 381 404 scrr.
398 382 432 414 p.
452 374 504 404 66.
523 382 600 414 sqq.
617 383 652 404 n.
670 383 716 404 VI.

110 429 152 460 27
178 426 242 469 qui
270 425 345 468 fuit
371 453 378 460 .
398 454 405 460 .
424 454 431 460 .
459 426 711 470 Christianus]
761 425 848 467 Quae
883 427 1019 460 notitia
1047 427 1086 460 in
1118 427 1220 461 nullo
1250 427 1327 461 fere
1357 427 1670 472 Pepericorniano
1699 427 1827 461 libello

202 481 335 516 omissa
360 483 424 516 est.
455 481 494 515 in
516 481 704 526 plerisque
730 481 807 515 fere
837 482 1007 515 omnibus
1032 482 1145 516 etiam
1171 493 1287 516 annus
1310 483 1630 527 Pepericornianae
1656 483 1827 518 Christia-

199 537 327 572 nitatis
343 539 569 580 numeratur,
588 548 618 571 e.
633 549 685 582 gr.
703 537 741 570 in
757 537 820 570 lib.
835 537 1132 582 Juden-Spieyel
1149 538 1242 581 (Iud.
1260 550 1344 573 scrr.
1363 551 1397 582 p.
1417 543 1470 573 55.
1488 551 1565 583 sqq.
1579 551 1614 572 n.
1628 540 1680 583 Π.)
1698 539 1830 583 „Diess

200 594 366 627 buehlein
395 594 442 628 ist
466 596 546 637 auss
568 604 712 638 gmngyen
739 594 855 627 durch
883 594 977 627 mich
1001 593 1189 628 Johamzes
1212 594 1444 637 Pfefferfflrn
1472 595 1630 629 coo-mals
1653 597 1713 629 ein
1737 595 1830 638 Jazd,

198 652 279 683 min
303 650 363 683 ein
383 649 506 684 Christ
528 650 571 683 in
595 650 675 684 dem
700 649 837 683 dritten
855 648 927 683 Jar
950 660 1096 693 meyner
1119 651 1263 694 yebusrt,
1289 651 1348 684 ein
1372 651 1569 694 ro‘rlauffer
1584 651 1656 685 'der
1676 652 1830 696 vozylau-

200 705 305 749 biyeoz
329 705 484 739 Jezdeffl
509 706 577 739 etc.
625 705 697 739 Vix
728 716 802 739 nou
832 704 1027 738 miraberis
1056 706 1094 739 in
1126 706 1182 739 his
1213 706 1378 750 epistolis
1403 717 1476 741 non
1502 707 1709 752 comparari
1732 707 1830 741 hunc

199 760 445 795 Prodromum
469 772 553 795 cum
577 760 757 805 Baptista.

110 821 154 852 30
172 827 268 860 pecc.
286 818 401 861 mora]
435 816 584 851 Scilicet
606 817 685 851 haec
709 817 852 851 incuria
875 816 1027 851 caderet
1049 817 1087 850 in
1113 817 1249 852 acediae
1273 819 1480 863 peccatum.
1514 818 1557 853 cf.
1576 818 1623 853 ad
1640 821 1729 853 26¹⁵.

110 877 163 908 31.
180 884 232 917 sq.
258 873 356 917 quod
379 899 386 907 .
406 899 413 907 .
432 900 439 907 .
462 873 662 917 Reuchlin]
695 873 738 907 ut
768 873 856 917 ipsis
887 873 1121 907 commodare
1148 873 1240 907 velis
1263 874 1330 907 tua
1352 873 1652 909 Prenotamenta.
1689 876 1734 910 cf.
1751 875 1831 910 Ind.

200 940 284 963 sorr.
304 940 338 973 p.
358 932 410 963 81.
427 941 462 962 n.
480 942 568 962 xnn.

110 988 155 1020 34
179 985 387 1029 eoescribere]
413 985 670 1019 transcribere.

156 1040 217 1075 De
239 1041 307 1075 isto
331 1052 376 1075 m.
388 1042 461 1086 pou]
487 1041 509 1075 i.
529 1052 559 1075 e.
578 1041 642 1085 qui
660 1040 779 1075 Gratii
804 1052 940 1076 nomen
965 1053 986 1076 a
1010 1042 1198 1086 supernali
1222 1042 1344 1087 gratia
1368 1042 1568 1078 deducunt.

111 1101 154 1132 35
178 1096 390 1142 Kirehbery]
402 1101 417 1130 ἱ)
444 1097 488 1131 cf.
506 1097 584 1131 Ind.
602 1097 719 1142 biogr.
737 1109 772 1142 p.
786 1102 862 1132 402.
879 1097 914 1131 h.
933 1098 1000 1132 art.

111 1157 154 1188 36
177 1153 378 1198 HuwyenJ‘?
405 1153 448 1187 cf.
466 1153 554 1187 ibid.
571 1165 608 1198 p.
626 1157 701 1189 396.
718 1153 752 1187 h.
771 1155 838 1187 art.

155 1210 402 1253 affectualiss.]
429 1208 682 1252 affectuosiss,
713 1210 846 1244 amoris
871 1210 1037 1254 pleniss,
1063 1210 1348 1245 benevolentiss.

112 1269 154 1301 37
178 1265 438 1310 Nurnberan‘?
471 1265 515 1300 cf.
534 1265 613 1299 Ind.
630 1265 747 1311 biogr.
765 1278 801 1310 p.
819 1270 895 1301 430.
912 1266 947 1300 h.
966 1268 1032 1301 art.

161 1321 418 1366 Wynssheim]?
445 1321 489 1355 cf.
507 1321 596 1355 ibid.
614 1333 649 1365 p.
668 1326 744 1357 511.
761 1323 796 1356 h.
816 1324 882 1357 art.

111 1381 155 1413 38
184 1377 497 1412 Verumenimcero
521 1379 593 1422 eqo]
622 1377 757 1412 Contra
781 1378 846 1413 hos
871 1390 970 1413 vero.

111 1437 197 1479 Pag.
217 1435 281 1472 59.

112 1495 131 1524 2
157 1490 266 1524 cond.
283 1490 389 1534 may]
416 1489 651 1535 syllogismus
676 1491 732 1525 est
756 1490 959 1525 secundum
983 1492 1246 1537 magistrorum
1270 1494 1460 1537 praecepta
1484 1493 1689 1529 dialectica.

156 1546 205 1580 sit
228 1546 273 1580 de
295 1549 412 1580 mente
434 1547 479 1591 vu]
511 1547 562 1581 sei
592 1547 694 1581 nicht
720 1548 815 1582 nach
837 1547 976 1582 Eurem
1001 1547 1116 1590 δίκη,
1147 1549 1184 1581 te
1215 1559 1290 1582 non
1321 1559 1366 1583 ea
1394 1550 1519 1584 mente
1547 1549 1667 1585 Gratii
1696 1562 1831 1585 nomen

203 1601 448 1646 adsumpsisse
479 1602 558 1645 (sed
584 1614 628 1637 ex
655 1603 717 1637 ‘de
744 1602 877 1638 Graes⁷
903 1603 1032 1638 fecisse
1060 1603 1256 1648 Gratium).

113 1662 133 1693 5
155 1658 372 1703 humilitatz]
399 1658 607 1702 modestiae,
636 1660 679 1693 ut
701 1660 840 1704 passim
864 1660 902 1694 in
926 1660 1051 1694 bibliis
1077 1661 1279 1705 opponitur
1303 1661 1496 1705 superbiae.

112 1718 132 1748 6
155 1715 359 1759 oppositum
375 1715 417 1748 in
433 1715 585 1759 adiecto]
610 1715 853 1759 praedjcatum
872 1716 1031 1750 alterum
1049 1716 1208 1751 alterum
1224 1717 1468 1761 praedicatum
1484 1719 1646 1763 tolleret,
1665 1722 1832 1766 negaret.

156 1781 230 1805 ποίη
248 1771 452 1814 patiuntur
475 1772 522 1816 se]
547 1775 738 1816 vetirayen
761 1772 837 1807 sich
861 1773 979 1815 vicht,
1004 1772 1074 1806 sibi
1099 1773 1374 1816 contradicunt3
1401 1774 1502 1808 idem
1527 1777 1593 1810 est.

112 1831 132 1862 8
156 1838 192 1862 se
214 1837 290 1861 non
314 1827 599 1872 compatiuntur]
624 1831 813 1872 vertrayen
838 1829 913 1863 sich
937 1829 1037 1863 m'clzt
1060 1839 1276 1864 zusammen.
1324 1829 1437 1863 Aliud
1463 1832 1518 1865 est
1545 1833 1709 1877 compati
1734 1834 1833 1878 apud

201 1883 326 1928 patres
351 1883 456 1926 ech,
484 1887 720 1928 συμπαθεῖν.

113 1943 143 1974 8.
160 1951 238 1984 sqq.
256 1950 371 1974 unum
397 1940 471 1984 eta]
497 1939 584 1975 Haec
611 1952 655 1975 ex
680 1941 946 1975 commentario
963 1940 1168 1975 Par-vorum
1192 1941 1408 1986 logicalium
1432 1944 1581 1988 sumpta
1601 1955 1678 1979 esse
1697 1945 1833 1980 additis

202 1996 325 2030 verbis
343 1996 553 2041 „magister
568 2009 602 2031 n.
622 1997 658 2040 (i.
674 2009 703 2032 e.
719 1997 855 2041 dicit)“
873 1997 1113 2042 significatur.
1132 1997 1176 2031 cf.
1190 1997 1268 2031 Ind.
1282 1998 1399 2043 biogr.
1415 2011 1449 2043 p.
1465 2003 1540 2034 393.
1554 2001 1622 2034 art.
1636 2000 1832 2046 Hispanus.

115 2056 155 2087 13
179 2052 314 2086 malam
339 2053 559 2097 soozmztiam]
589 2055 856 2098 κακοφωνιάν,
887 2053 1121 2098 Uebelklcmy,
1151 2053 1354 2097 Uebellaut,
1380 2055 1655 2091 dissonantiam.

159 2108 309 2153 leyitur]
337 2107 552 2149 Quintilian.
572 2109 658 2144 Inst.
677 2121 728 2144 or.
745 2110 772 2143 Ι.
792 2114 850 2152 10,
869 2113 923 2144 27.
950 2137 970 2152 ‚‚
989 2137 995 2144 .
1015 2137 1022 2143 .
1048 2121 1121 2144 uno
1152 2110 1303 2144 interim
1334 2111 1501 2145 contenti
1524 2112 1636 2146 simus
1662 2113 1833 2158 exemplo

204 2163 241 2198 C.
261 2163 434 2207 Gracchi,
466 2165 645 2209 praecipui
668 2177 817 2200 suorum
847 2166 1060 2210 temporum
1085 2166 1257 2209 oratoris,
1290 2167 1348 2201 cui
1377 2168 1607 2202 contionanti
1631 2169 1835 2204 consistens

203 2221 289 2265 post
313 2231 398 2254 eum
422 2221 581 2255 musicus
607 2222 746 2264 fistula⁷
774 2233 886 2266 quam
910 2222 1081 2256 tonarion
1106 2223 1256 2265 vocant,
1282 2223 1428 2266 modos,
1455 2223 1589 2268 quibus
1610 2223 1766 2259 deberet
1780 2225 1834 2259 in-

202 2275 325 2318 tendi,
351 2277 593 2312 monstrabat.
640 2277 729 2312 Haec
751 2278 785 2312 ei
802 2289 890 2312 cura
905 2278 1004 2312 inter
1019 2277 1291 2313 turbidissimas
1308 2279 1472 2314 actiones
1488 2279 1550 2314 vel
1566 2281 1723 2315 terrenti
1741 2282 1835 2326 opti-

203 2333 322 2367 mates
346 2332 408 2367 vel
431 2333 506 2367 iam
530 2334 678 2368 timenti
709 2334 891 2379 profuit“.
946 2334 1027 2368 Val.
1046 2333 1142 2368 Max,
1160 2347 1236 2369 vm.
1256 2339 1307 2378 10,
1327 2346 1352 2369 1.
1371 2334 1440 2378 ‚,C.
1459 2334 1646 2371 Gracchus
1669 2364 1677 2371 .
1693 2365 1721 2371 ..
1746 2348 1834 2382 quo-

204 2389 301 2423 tiens
332 2388 432 2433 apud
462 2390 643 2434 populum
674 2390 910 2425 contionatus
936 2392 1006 2433 est,
1039 2402 1186 2425 servum
1211 2392 1296 2436 post
1320 2402 1356 2426 se
1382 2386 1530 2426 musieae
1559 2392 1648 2427 artis
1671 2394 1835 2438 peritum

203 2444 352 2488 habuit,
379 2445 444 2489 qui
467 2446 612 2481 occulte
638 2446 801 2481 eburnea
825 2447 950 2481 fistula
972 2448 1285 2491 pronuntiationis
1303 2448 1380 2482 eius
1397 2447 1526 2482 modos
1542 2448 1744 2492 formabat,
1771 2450 1837 2483 aut

204 2501 314 2535 nimis
342 2501 512 2536 remissos
544 2502 740 2537 excitando
771 2504 836 2537 aut
865 2503 949 2548 plus
980 2503 1077 2537 iusto
1109 2504 1313 2538 concitatos
1343 2504 1569 2547 revocando,
1602 2505 1690 2549 quia
1712 2506 1835 2550 ipsum

206 2557 306 2592 calor
335 2558 447 2602 atque
478 2558 641 2603 impetus
671 2559 828 2593 actionis
858 2560 1044 2593 attentum
1073 2559 1226 2594 huiusce
1257 2560 1548 2604 temperamenti
1572 2561 1835 2596 aestimatorem

206 2624 284 2647 esse
308 2624 383 2648 non
406 2614 663 2658 patiebatur“.
713 2614 765 2649 Cf.
784 2614 877 2649 Gell.
892 2614 937 2649 N.
955 2615 997 2649 A.
1015 2615 1041 2649 I.
1062 2619 1112 2649 11.
1132 2617 1171 2649 et
1187 2626 1245 2660 ap.
1262 2616 1360 2650 hunc
1385 2615 1457 2650 Cic.
1474 2616 1566 2651 item
1583 2616 1770 2652 Plutarch.
1789 2618 1835 2652 de

207 2670 325 2703 cohib.
342 2670 398 2704 ira
413 2673 444 2704 6.
491 2669 561 2705 Dio
579 2669 675 2704 Cass.
694 2681 771 2705 exc.
787 2669 935 2705 Peiresc
953 2683 1028 2705 .xc‚
1045 2682 1080 2715 p.
1099 2675 1153 2706 38.
1170 2683 1222 2715 sq.
1241 2671 1298 2705 ed.
1315 2671 1491 2715 Reimar„

119 2729 160 2759 14
187 2725 332 2770 Gracci]
349 2726 393 2759 ut
408 2738 438 2759 v.
456 2736 499 2760 20.
517 2727 555 2760 et
571 2736 612 2760 22.
631 2726 844 2771 pluraliter,
872 2727 1041 2770 quamvis
1062 2726 1107 2760 de
1126 2726 1218 2761 Gaio
1235 2728 1383 2762 tantum
1400 2728 1500 2772 quod
1516 2730 1689 2764 narratur
1704 2740 1835 2764 verum

207 2780 265 2815 sit.
305 2780 379 2815 Sed
402 2782 521 2827 magis
552 2781 750 2816 ridiculum
782 2783 838 2816 est
863 2781 1033 2817 Gratium
1058 2793 1079 2817 a
1104 2782 1280 2818 Gracchis
1311 2784 1421 2818 simul
1452 2785 1623 2819 omnibus
1654 2797 1765 2830 quam
1790 2786 1836 2820 ab

207 2847 280 2870 uno
306 2835 472 2872 Graccho
497 2836 693 2872 deducere.

157 2892 284 2937 poetce]
309 2893 332 2927 i.
351 2904 381 2927 e.
405 2893 469 2937 qui
493 2893 651 2938 pulchra
674 2894 875 2929 dictamina
899 2894 994 2929 bene
1019 2894 1210 2929 latinisata
1235 2896 1520 2941 componebant.

120 2951 159 2983 17
183 2959 258 2983 non
281 2948 399 2983 tubali
422 2953 454 2984 et
478 2951 612 2996 qrossa]
638 2951 681 2984 ut
703 2950 835 2985 beatus
858 2950 991 2985 Petrus
1014 2963 1050 2995 p.
1068 2955 1110 2986 45
1120 2953 1158 2986 ³².
1184 2963 1310 2997 grossa
1333 2954 1376 2987 ut
1399 2964 1465 2987 nos
1488 2954 1593 2998 yrobe
1617 2953 1776 2990 Stimme.

120 3008 160 3039 19
185 3005 461 3051 affectualitate]
487 3006 769 3041 affectuositate.
810 3006 854 3041 cf.
873 3006 921 3041 ad
939 3008 1029 3043 58³⁶.

1498 3067 1569 3102 39*
