2119 3522
296 232 321 276 7
330 233 390 277 122
810 248 1074 271 coMMsNrAmvs
1097 249 1144 270 AD
1170 249 1241 272 EPP.
1259 251 1289 272 o.
1308 250 1340 273 v.
1365 250 1442 273 vot..
1460 249 1497 273 11.

382 374 417 405 p.
437 366 510 395 101.
530 361 770 402 enumeratis,
803 372 848 394 ex
873 371 946 404 quo
970 360 1048 394 haec
1072 361 1217 404 repeto:
1251 387 1271 403 „
1284 363 1315 404 1)
1341 360 1534 395 Tractatus
1559 361 1644 396 Ger.
1667 362 1712 395 de
1737 361 1862 396 Monte
1883 391 1890 397 .
1907 390 1913 396 .
1929 390 1936 396 .
1956 362 2002 397 ad

381 416 623 451 favorabilem
655 416 817 460 dirigens
848 416 1082 450 concordiam
1113 416 1282 460 quaedam
1312 416 1546 460 problemata
1574 417 1673 451 inter
1703 429 1728 451 s.
1754 417 1933 451 Thomam
1966 420 2004 452 et

381 482 462 505 ven.
481 471 677 505 Albertum
701 471 750 504 M.
775 472 811 505 in
837 471 913 505 Fol.
938 472 1045 515 impr.
1065 471 1188 506 Colon.
1207 483 1233 505 s.
1251 482 1283 505 a.
1302 472 1340 505 et
1362 473 1445 516 typi
1468 484 1565 506 nom.
1593 472 1753 516 [Panzer
1777 473 1872 507 Ann.
1889 473 1949 507 IX.
1967 485 2003 517 p.

381 531 456 561 229.
480 538 514 560 n.
532 531 622 561 491⁶.
648 526 858 569 „Coloniae,
892 527 997 561 Char.
1022 527 1197 568 Quintell.
1220 527 1327 572 fol.“]
1360 527 1428 561 Hic
1463 528 1560 562 liber
1589 540 1673 562 cum
1708 529 2002 572 impugnaretur,

382 582 482 615 edita
506 582 593 616 fuit:
621 584 654 626 2)
680 582 927 627 Apologetica
951 594 977 616 s.
995 583 1211 626 responsiva
1234 583 1438 617 venerandi
1454 583 1621 628 Magistri
1644 583 1799 617 Gerardi
1817 583 1861 618 de
1876 583 2002 618 Monte

383 665 390 672 .
406 665 412 671 .
429 665 436 672 .
459 638 505 671 ad
531 637 718 681 quandam
750 638 976 672 invectivam
1001 649 1023 672 a
1052 638 1229 672 nonnullo
1259 639 1402 672 recenti
1427 640 1464 673 et
1494 639 1671 683 opulento
1700 638 1924 683 Philosopho
1944 667 1952 674 .
1967 667 1974 674 .
1989 667 1996 673 .

381 705 462 736 quae
495 694 721 727 ostensorem
753 694 957 728 concordiae
987 694 1085 728 inter
1110 705 1136 727 s.
1154 693 1334 728 Thomam
1367 695 1405 727 et
1429 705 1510 728 ven.
1527 694 1633 728 Dom.
1651 694 1846 728 Albertum
1871 695 1919 729 M.
1937 696 2003 729 im-

380 750 524 793 pugnat
548 749 774 793 opprobriis,
808 749 1096 783 authoritatibus
1122 751 1159 783 et
1190 750 1394 784 rationibus
1420 750 1578 792 omissis,
1609 751 1647 783 in
1672 750 1733 784 fol.
1753 750 1877 784 Colon.
1895 751 2002 795 impr.

380 817 406 839 s.
425 816 454 838 a.
473 806 512 838 et
527 805 609 848 typi
626 805 826 839 mentione.
858 806 892 848 3)
917 805 1113 839 Tractatus
1131 816 1263 839 aureus
1280 805 1314 839 S.
1332 805 1482 840 Thomae
1499 806 1567 849 Aq.
1588 805 1633 840 de
1659 807 1744 840 ente
1770 807 1808 840 et
1832 807 2000 849 essentia,

381 872 445 895 seu
463 860 508 894 de
533 860 805 904 quidditatibus
821 872 945 895 rerum
962 861 1185 895 intitulatus.
1205 889 1212 895 .
1228 889 1235 894 .
1251 889 1258 896 .
1278 861 1437 896 Coloniae
1462 873 1487 895 s.
1504 862 1586 905 typi
1612 863 1650 896 et
1666 862 1754 895 anni
1777 862 2001 896 mentione.“

381 916 432 951 Cf.
451 916 563 950 etiam
588 916 732 950 Bz'cmco
759 917 880 951 Gesch.
899 917 933 951 (Z.
951 917 1050 951 alten
1072 917 1295 951 Universum
1312 917 1424 951 Ko'ln.
1442 917 1469 950 Ι.
1486 929 1522 961 p.
1540 920 1617 951 264.

290 976 331 1005 35
357 972 540 1006 aclz'ectz'va
565 972 772 1016 appellant]
799 972 851 1007 Cf.
869 973 1007 1007 Prantl
1027 972 1149 1007 Gesch.
1168 973 1201 1007 (Ζ.
1221 973 1338 1017 Loyik
1355 973 1419 1007 111.
1435 985 1471 1017 p.
1491 977 1564 1008 106.
1583 974 1621 1007 et
1642 985 1677 1016 p.
1699 978 1748 1008 17.
1767 973 1812 1008 de
1837 974 2001 1018 proprie-

378 1028 518 1062 tatibus
542 1028 785 1062 terminorum
811 1040 917 1072 „quae
942 1029 1028 1062 sunt
1051 1028 1289 1072 significatio,
1316 1029 1534 1072 suppositio,
1561 1029 1760 1072 copulatio,
1787 1029 2001 1073 appellatio.

450 1084 665 1128 Appellatio
697 1085 821 1118 autem
853 1085 908 1117 est
937 1094 1097 1127 praesens
1127 1084 1388 1118 convenientia
1418 1084 1583 1126 termini,
1610 1085 1632 1119 i.
1651 1095 1682 1119 e.
1698 1085 1922 1128 proprietas,
1948 1096 2001 1119 se-

380 1139 542 1173 cundum
561 1151 671 1183 quam
697 1140 945 1184 significatum
969 1140 1119 1173 termini
1136 1140 1261 1183 potest
1285 1139 1358 1173 dici
1375 1140 1420 1174 de
1447 1139 1570 1184 aliquo
1588 1140 1775 1174 mediante
1793 1139 1862 1174 hoc
1886 1141 2000 1174 verbo

382 1196 472 1229 ‘est'
494 1222 523 1230 ..
540 1222 546 1228 .
561 1222 568 1229 .
589 1195 793 1239 appellatio
825 1196 950 1229 autem
975 1196 1012 1228 in
1039 1195 1209 1230 omnibus
1239 1195 1479 1229 substantivis
1505 1197 1543 1229 et
1573 1196 1766 1230 adiectivis
1791 1197 1829 1230 et
1852 1197 2001 1240 partici-

382 1251 452 1294 piis
478 1252 515 1285 et
531 1262 604 1284 non
629 1251 666 1284 in
683 1251 963 1295 pronominibus
983 1278 1012 1285 ..
1032 1262 1100 1286 nec
1117 1251 1155 1284 m
1172 1251 1295 1285 verbis
1317 1278 1321 1284 .
1338 1254 1377 1285 .“
1402 1263 1436 1295 p.
1456 1254 1508 1285 20.
1526 1253 1601 1285 not.
1619 1255 1672 1285 67.
1698 1251 1852 1293 „Partes
1876 1253 2002 1286 autem

382 1306 644 1340 enuntiationis
676 1308 761 1340 sunt
781 1334 809 1341 ..
825 1334 832 1341 .
851 1307 1074 1351 principales
1095 1334 1102 1341 .
1117 1334 1124 1340 .
1150 1318 1286 1341 nomen
1317 1306 1590 1340 substantivum
1616 1309 1654 1341 et
1677 1307 1832 1341 verbum
1852 1335 1859 1341 .
1875 1335 1881 1341 .
1897 1334 1922 1350 .‚
1949 1319 2001 1341 se-

381 1361 565 1396 cundariae
590 1363 676 1395 sunt
705 1373 840 1397 nomen
866 1362 1091 1397 adiectivum
1123 1364 1161 1396 et
1185 1362 1403 1397 adverbium
1429 1364 1467 1396 et
1497 1363 1775 1397 coniunctiones
1800 1364 1838 1397 et
1860 1374 2001 1408 praepo-

381 1417 647 1453 sitiones:haec
673 1420 771 1453 enim
802 1429 875 1453 non
906 1420 991 1452 sunt
1015 1419 1222 1452 necessaria
1252 1418 1298 1453 ad
1330 1430 1406 1453 esse
1444 1418 1706 1453 enuntiationis
1726 1422 1803 1454 ..“.
1857 1419 2003 1454 Similes

380 1473 641 1508 altercationes
665 1476 888 1518 mutuasque
913 1474 1169 1508 infestationes
1187 1475 1300 1508 etiam
1324 1474 1362 1508 in
1380 1474 1461 1508 aliis
1486 1474 1788 1508 universitatibus
1812 1475 2003 1510 litterariis

380 1529 533 1564 diversae
559 1531 667 1564 sectae
698 1530 795 1564 inter
820 1541 856 1564 se
883 1530 1121 1571 exercebant,
1148 1530 1308 1564 maxime
1334 1529 1670 1574 Heidelbergenses
1694 1530 1939 1565 nominalistae
1966 1532 2004 1565 et

379 1585 554 1627 realistae,
582 1596 739 1629 quorum
764 1585 818 1619 illi
845 1586 1052 1630 antiquam,
1078 1586 1117 1619 hi
1141 1596 1276 1620 novam
1301 1586 1400 1619 viam
1425 1585 1529 1629 sequi
1555 1585 1775 1620 dicebantur
1794 1613 1801 1619 .
1820 1587 1874 1620 ita
1898 1598 1929 1622 e.
1947 1598 2000 1631 gr.

380 1641 639 1685 disceptabant
663 1642 787 1675 utrum
812 1642 1004 1676 vocativus
1029 1642 1262 1685 suppositum
1288 1642 1398 1683 esset,
1426 1642 1464 1675 et
1486 1642 1612 1674 utrum
1642 1640 1742 1675 idem
1766 1642 1804 1674 in
1828 1642 2001 1686 praeposi-

379 1696 480 1730 tione
510 1707 577 1740 pro
608 1696 773 1731 subiecto
798 1698 886 1741 poni
910 1698 1035 1741 posset
1058 1708 1126 1731 nec
1151 1708 1208 1731 ne.
1241 1696 1285 1730 cf.
1309 1696 1430 1731 Hautz
1458 1697 1663 1731 (ieschichte
1687 1697 1751 1731 der
1779 1697 2003 1732 Universitczt

377 1752 595 1796 Heidelberg]
618 1752 645 1786 Ι.
663 1765 698 1796 p.
717 1757 793 1788 348.

334 1818 463 1851 corpus
486 1808 613 1842 ‘mobile
638 1812 686 1842 est
711 1809 906 1843 subiectum
926 1809 1043 1853 phys]
1077 1811 1099 1843 i.
1119 1820 1148 1843 e.
1167 1809 1265 1852 quod
1296 1819 1362 1843 nos
1393 1808 1579 1843 obiectum
1611 1808 1853 1853 appellamus.
1891 1809 2001 1844 Arist.

376 1863 540 1907 metaph.
558 1876 589 1898 v
609 1875 637 1897 C.
658 1869 684 1897 1.
706 1865 813 1908 (1026
837 1865 973 1907 Bekk.)
1007 1865 1042 1900 εἰ
1066 1862 1110 1900 δέ
1135 1878 1170 1898 τι
1204 1862 1305 1898 ἐστὶν
1333 1862 1541 1909 ἀκίνητον.
1562 1892 1592 1907 .,
1624 1863 1794 1909 φανερὸν
1819 1860 1878 1900 ότι
1905 1868 2001 1901 θεω-

377 1921 533 1964 ρητικῆς
551 1917 592 1954 τὸ
618 1921 779 1963 γνῶναι·
807 1917 851 1955 οὗ
877 1920 1004 1965 μέντοι
1031 1922 1195 1965 φυσικῆς
1221 1933 1261 1966 γε
1288 1922 1387 1964 (περὶ
1407 1922 1562 1966 κινητοῦ
1582 1918 1652 1965 γάρ
1670 1934 1782 1955 τινων
1801 1918 1822 1966 ἡ
1843 1919 2000 1966 φυσικη)

459 1973 481 2021 ἡ
507 1975 577 2018 μὲν
603 1972 673 2021 γάρ
699 1975 842 2021 φυσικὴ
868 1977 952 2022 περὶ
980 1973 1169 2021 ἀχώριστοι
1194 1977 1274 2020 μὲν,
1302 1972 1386 2011 ἀλλ’
1414 1974 1482 2012 οὖν.
1508 1974 1698 2021 ακίνηῑα.

288 2035 376 2075 Pag
392 2034 483 2070 257
962 2054 1002 2056 ων
1079 2054 1158 2056 ”fis
1196 2054 1241 2056 ἡ
1252 2054 1345 2056 v*—

287 2092 306 2121 ·2
330 2088 547 2131 Albertz'stoe]
575 2088 619 2122 de
638 2088 783 2122 Alberti
799 2088 847 2123 M.
867 2054 1018 2123 confusa
1032 2054 1182 2133 logices
1191 2088 1406 2122 definitione
1425 2088 1468 2122 cf
1486 2089 1663 2123 Pr.mztll
1682 2100 1711 2123 c.
1726 2089 1789 2124 ΠΙ.
1806 2101 1841 2133 p.
1856 2093 1908 2124 91.
1922 2101 2000 2135 sqq.

290 2148 309 2176 3
336 2143 536 2187 Thomistoe]
563 2144 607 2177 cf.
626 2144 763 2178 Prantl
788 2145 810 2179 l.
829 2156 857 2179 c.
877 2145 938 2178 III.
956 2157 991 2189 p.
1011 2149 1084 2180 109.
1103 2156 1155 2188 sq.

288 2203 307 2231 5
332 2199 497 2243 [salama]
523 2196 541 2233 ὁ
569 2201 752 2244 γαλαξίας
778 2198 941 2245 (κύκλος)
967 2201 1026 2235 dte
1049 2201 1308 2244 Blz'lclestrctsse,
1333 2201 1394 2235 via
1416 2201 1547 2235 lactea.
1584 2200 1734 2235 Aristot.
1754 2201 1959 2246 metaphys.
1977 2214 2000 2235 1.

376 2266 405 2288 c.
423 2259 453 2288 8.
480 2254 609 2298 (Bekk.
627 2267 662 2299 p.
681 2260 756 2290 345.
774 2258 840 2300 sq.)

330 2311 457 2344 mobile
482 2312 556 2354 eta]
583 2311 733 2345 Aristot.
750 2312 853 2355 phys.
873 2313 957 2347 aud.
974 2326 1050 2347 vm.
1068 2313 1175 2357 impr.
1196 2318 1246 2348 10.
1272 2313 1403 2357 (Bekk.
1420 2325 1455 2358 p.
1474 2316 1549 2348 266.
1567 2315 1633 2357 sq.)

289 2369 308 2399 8
333 2366 385 2399 sic
408 2366 462 2399 vel
486 2367 537 2400 sic
560 2368 691 2410 tenere]
717 2367 793 2401 sive
818 2368 913 2402 hanc
938 2368 1015 2402 sive
1040 2368 1144 2403 illam
1168 2369 1393 2403 sententiam
1419 2380 1626 2413 sequamur.

333 2422 524 2455 cluvmzoclo
548 2423 595 2455 sit
620 2423 694 2466 etc]
720 2423 742 2456 i.
762 2433 791 2457 e.
809 2424 852 2456 ut
875 2424 940 2466 illi,
967 2425 1096 2458 contra
1120 2435 1211 2468 quos
1235 2424 1309 2458 iam
1334 2424 1489 2459 Ioannes
1515 2424 1791 2458 Sarisberiensis
1817 2427 1861 2468 (†
1889 2428 1999 2469 1180.)

376 2477 524 2511 Enthet.
546 2489 577 2511 v.
597 2481 649 2511 41.
668 2489 746 2522 sqq.
764 2489 823 2522 ap.
839 2478 978 2513 Prantl.
996 2479 1019 2517 l,
1039 2491 1067 2513 c.
1086 2491 1121 2524 p.
1141 2484 1232 2515 117.:

645 2536 682 2567 Si
707 2537 805 2578 sapis
829 2541 1003 2578 auctores,
1027 2542 1189 2570 veterum
1214 2539 1246 2570 si
1271 2539 1405 2581 scripta
1429 2550 1603 2579 recenses,

690 2593 738 2624 Ut
765 2596 908 2625 statuas
934 2594 964 2625 si
989 2594 1075 2635 quid
1098 2594 1191 2626 forte
1219 2595 1368 2635 probare
1392 2595 1495 2636 velis,

644 2648 810 2690 Undique
838 2649 1040 2681 clamabunt
1067 2649 1196 2681 ‘Vetus
1220 2650 1279 2682 hic
1303 2661 1372 2692 quo
1398 2652 1517 2683 tendit
1541 2650 1686 2692 asellus,

688 2704 760 2736 Cur
782 2708 945 2737 veterum
969 2706 1071 2737 nobis
1098 2706 1193 2737 dicta
1216 2706 1275 2738 vel
1300 2711 1382 2738 acta
1407 2707 1537 2739 refert?

642 2761 672 2792 A
698 2761 800 2793 nobis
825 2762 994 2803 sapimus,
1021 2762 1142 2794 docuit
1168 2773 1204 2794 se
1228 2766 1353 2795 nostra
1376 2764 1557 2804 iuventus,

686 2818 768 2849 Non
792 2818 922 2859 recipit
948 2821 1105 2850 veterum
1128 2819 1296 2860 dogmata
1320 2823 1445 2851 nostra
1469 2819 1608 2859 cohors,

641 2872 722 2905 Non
747 2884 838 2905 onus
865 2874 1072 2916 accipimus,
1098 2878 1138 2906 ut
1163 2885 1283 2907 eorum
1305 2875 1414 2907 verba
1438 2886 1630 2917 sequamur

687 2929 783 2968 Quos
809 2929 917 2961 habet
941 2933 1106 2962 auctores
1131 2929 1280 2971 Graecia,
1306 2931 1418 2962 Roma
1442 2931 1554 2964 colit.
1570 2957 1577 2963 .
1592 2956 1600 2964 .
1615 2956 1624 2964 .

639 2983 871 3025 Temporibus
897 2985 1065 3026 placuere
1090 2987 1164 3018 suis
1189 2990 1350 3018 veterum
1374 2987 1460 3019 bene
1483 2987 1595 3028 dicta,

687 3040 921 3081 Temporibus
946 3042 1080 3074 nostris
1104 3042 1174 3072 iam
1200 3053 1293 3074 nova
1317 3042 1394 3074 sola
1418 3042 1560 3084 placent
1581 3066 1679 3075 .....
