2119 3522
325 230 418 275 338
816 243 924 265 11101111
947 241 1200 264 BIOGRAPmcvs
1224 241 1266 262 Er
1290 240 1533 263 oNOMAsmcvs.

326 361 457 401 1532!
492 368 530 399 et
561 362 602 398 in
634 357 843 396 matricula
874 356 1077 394 facultatis
1109 355 1253 392 artium
1273 355 1500 405 Lipsiensis
1533 355 1585 392 ad
1615 368 1764 392 annum
1793 356 1912 393 1521.
1935 355 2031 405 legi-

320 427 403 456 tur:
432 418 603 466 Magnus
626 414 771 451 Hundt
790 412 1118 462 Parthenopeus,
1144 411 1233 448 duc.
1254 409 1297 449 C.
1314 411 1420 448 med.
1438 411 1654 448 studiosus.
1685 411 1850 449 Pentec.
1871 427 1878 449 ε
1898 413 1934 449 5.
1952 411 2032 448 Na-

320 476 388 511 tiv.
411 474 549 510 Mariae
572 487 579 509 :
604 471 698 508 36.“

410 550 441 590 1)
460 547 626 580 Zarncke
645 545 789 578 Abhdll.
807 556 840 586 p.
857 545 930 576 765.
950 548 998 575 n0.
1017 545 1070 578 72.
1163 543 1198 583 2)
1218 543 1303 574 ibid.
1322 554 1354 584 p.
1371 544 1447 575 813.
1467 548 1514 575 n0.
1529 545 1605 575 224.

320 634 719 673 CANTIPRATANVS,
753 625 930 662 Thomas
960 626 1030 660 vicl.
1054 623 1261 662 Boethius

318 725 485 755 CAPNIO
517 720 588 754 vid.
609 715 826 753 1100011111]ε

317 813 583 844 CARAVAJAL
614 807 683 842 vicl.
706 803 999 841 Bernardinus.

318 903 550 942 CARBACH,
589 894 800 939 Nicolaus,
846 893 895 930 de
927 905 1005 942 quo
1037 897 1182 942 praeter
1213 904 1260 929 ea
1291 904 1378 941 quae
1409 889 1552 940 supra¹
1585 891 1712 928 relata
1743 896 1855 937 sunt,
1899 890 1942 928 id
1972 897 2033 928 est

316 953 538 1003 Moguntiae
571 965 659 989 eum
702 950 925 999 ‘legentem
962 961 1033 998 pro
1065 947 1316 985 scholaribus
1349 948 1582 997 exposuisse
1612 947 1751 984 Titum
1781 947 1960 984 Livium’
1994 953 2034 984 et

318 1010 378 1046 ‘in
416 1009 564 1059 poesi⁷,
606 1013 645 1044 et
684 1019 771 1042 cum
811 1005 1056 1053 VVolfgango
1086 1003 1260 1054 Angstio
1300 1003 1578 1053 imprimendis
1617 1002 1729 1040 libris
1769 1003 1824 1040 ibi
1861 1016 2032 1041 navasse

315 1078 494 1115 operam,
520 1064 560 1101 id
583 1069 643 1100 est
664 1061 898 1099 correctoris
923 1060 980 1108 (in
1004 1060 1165 1097 officina
1184 1058 1490 1108 Schoefferiana)
1514 1072 1680 1096 munere
1705 1059 1888 1096 functum
1910 1056 2028 1105 esse2,

315 1121 417 1158 nihil
448 1120 547 1157 mihi
577 1115 768 1164 constat3,
802 1117 881 1154 nisi
902 1116 1011 1166 quod
1033 1115 1266 1154 Germanici
1287 1115 1413 1161 Livii,
1448 1116 1517 1165 qui
1537 1115 1758 1165 Moguntiae
1783 1115 1891 1165 apud
1912 1115 2030 1151 Ioan-

315 1191 407 1214 nem
439 1175 700 1213 Schoefferum
738 1187 845 1211 anno
878 1173 997 1211 1523.
1020 1172 1193 1222 prodiit,
1239 1171 1385 1208 librum
1414 1183 1561 1208 XXXIII.
1588 1184 1669 1208 non
1704 1171 1906 1221 integrum
1943 1184 2031 1208 011111

319 1233 539 1282 posteriore
570 1231 661 1268 libri
692 1241 757 1267 XC.
786 1235 917 1280 parte,
953 1234 992 1266 et
1024 1229 1107 1266 eius
1139 1228 1207 1278 qui
1238 1227 1388 1265 ibidem
1419 1240 1526 1264 anno
1561 1228 1680 1264 1533.
1703 1227 1877 1277 prodiit,
1912 1227 2031 1264 etiam

318 1289 441 1325 libros
468 1299 673 1325 LXI.XL11.
694 1286 826 1324 vertit.
893 1284 960 1322 Ad
994 1298 1084 1322 eum
1114 1284 1275 1321 Livium
1312 1297 1431 1334 quem
1460 1282 1666 1321 Huttenus
1698 1283 1866 1321 Alberto
1905 1282 2030 1320 arehi-

319 1345 507 1395 episcopo
541 1340 776 1389 dedicavitss
813 1340 1057 1379 Carbachius
1089 1340 1258 1378 adiectis
1290 1340 1494 1377 annotatis
1526 1340 1716 1390 praefatus
1749 1345 1808 1377 est
1841 1339 2029 1389 ‘Mogun-

316 1401 382 1437 tiae
410 1400 551 1437 Idibus
573 1399 743 1437 Martiis.
772 1399 957 1435 M.D.X1X.'
991 1403 1030 1434 et
1060 1397 1110 1434 ad
1144 1396 1430 1434 Germanicum
1460 1395 1573 1433 illum
1603 1409 1710 1434 anno
1736 1396 1856 1433 1523.
1880 1394 2032 1433 editum

318 1457 520 1507 epilogum
552 1455 694 1493 eodem
725 1468 832 1491 anno
863 1453 1055 1504 scriptum
1086 1452 1248 1491 adiecit.

409 1531 440 1573 1)
460 1533 548 1573 Epp.
569 1531 610 1564 Ο.
623 1531 664 1562 V.
679 1542 712 1572 p.
731 1531 805 1563 203.
822 1536 923 1561 v.162.
943 1533 978 1561 et
995 1528 1100 1561 27013.
1149 1529 1254 1562 Hutt.
1273 1529 1364 1570 Opp.
1384 1539 1417 1570 p.
1437 1526 1576 1560 2513.sq,
1671 1527 1705 1567 2)
1726 1526 1780 1562 Cf.
1799 1528 1909 1560 etiam
1928 1528 2030 1560 Hutt.

408 1588 499 1630 Opp.
517 1589 545 1621 I.
565 1598 597 1629 p.
616 1585 725 1620 36522.
842 1586 876 1626 3)
902 1585 1069 1617 Carbach
1093 1596 1119 1617 s.
1139 1585 1309 1616 Karbach
1333 1595 1462 1616 nomen
1487 1594 1557 1616 non
1583 1583 1762 1615 nullorum
1787 1584 1967 1625 vicorum,
1995 1587 2030 1616 et

408 1646 513 1675 unius
531 1643 697 1675 Rhenani
723 1646 759 1674 et
784 1642 941 1684 plurium
958 1642 1267 1673 Franconicorum
1293 1643 1359 1672 est.
1393 1651 1436 1671 ex
1455 1640 1576 1681 aliquo
1595 1650 1734 1680 eorum,
1760 1639 1936 1672 Rhenano
1955 1640 2029 1682 opi-

405 1710 487 1740 ner,
513 1699 705 1731 Nicolaum
730 1701 890 1729 nostrum
917 1697 1105 1729 oriundum
1131 1697 1243 1728 fuisse
1270 1696 1442 1737 indeque,
1474 1700 1514 1728 ut
1541 1699 1616 1727 tum
1643 1696 1718 1728 fere
1745 1696 1852 1727 moris
1877 1696 1963 1737 fuit,
1995 1698 2029 1728 ei

407 1756 509 1797 quasi
534 1755 715 1786 familiare
741 1764 872 1786 nomen
898 1753 1034 1784 factum
1055 1763 1133 1784 esse
1153 1753 1304 1784 conicio.
1398 1754 1432 1793 4)
1453 1751 1507 1783 Cf.
1526 1752 1630 1787 Hutt,
1649 1752 1738 1794 Opp.
1756 1751 1785 1784 I.
1803 1761 1898 1785 num.
1917 1762 1973 1783 cx.
1996 1754 2032 1783 et

406 1811 519 1843 Indic.
539 1810 781 1852 bibliograph.
802 1811 905 1842 Hutt.
925 1820 1019 1842 num.
1039 1819 1131 1841 XXII.

316 1898 592 1929 CARDINALIS
616 1904 741 1942 prope
765 1890 1004 1941 Campoflor.
1028 1892 1098 1927 vicl.
1121 1890 1302 1935 Riarius,
1332 1888 1530 1939 Raphael.

315 1970 538 1972 --ᾉᾼήυψ
557 1970 578 1972 —
614 1953 763 1985 sanctae
786 1946 923 1984 Crucis
952 1949 1022 1983 vicl.
1046 1946 1325 1983 Bernardinus
1354 1944 1583 1994 Caravajal.

316 2026 580 2029 ⁷—jj-
615 2004 744 2041 sancti
767 2002 1024 2054 Chrysogoni
1053 2005 1123 2040 vicl.
1146 2002 1395 2040 Hadrianus.

313 2083 578 2085 ῆᾈν-»-
615 2060 744 2098 sancti
765 2059 934 2096 Ensebii
963 2062 1033 2096 vid.
1056 2058 1252 2104 Accoltis,
1278 2058 1423 2095 Petrus
1454 2057 1517 2094 de.

614 2117 743 2154 sancti
763 2115 889 2152 Marci
920 2117 989 2153 vicl.
1015 2114 1251 2161 Grimanus,
1284 2114 1535 2151 Dominicus.

315 2214 483 2244 CAROLI
504 2212 743 2244 EPISTOLAE
765 2203 816 2253 (p.
835 2203 928 2252 12⁴).
963 2204 1132 2242 Carolus
1149 2203 1385 2241 Manneken
1407 2203 1491 2240 sive
1508 2202 1775 2252 Mennigken,
1794 2202 1941 2239 Latine
1958 2202 2028 2240 Vi-

314 2263 444 2309 rulus,
468 2262 667 2308 Flander,
691 2261 815 2299 studii
836 2261 1108 2298 Bononiensis
1129 2261 1337 2310 magister,
1370 2272 1515 2309 regens
1536 2259 1711 2296 Lovanii
1735 2258 1777 2295 in
1798 2257 1918 2296 bursa
1938 2259 2025 2304 lilii,

314 2319 383 2368 qui
412 2317 510 2355 obiit
539 2331 645 2355 anno
678 2318 797 2356 1493.
821 2317 949 2354 aetatis
979 2318 1064 2362 80,
1098 2316 1257 2366 scripsit
1284 2315 1560 2365 Epistolarum
1588 2315 1798 2361 formulas,
1833 2327 1950 2364 quas,
1983 2321 2028 2351 ut

313 2375 392 2411 iam
411 2374 601 2411 Erasmus
624 2379 780 2419 censet,
813 2386 921 2410 nune
943 2385 1060 2409 nemo
1084 2372 1274 2421 dignetur
1295 2384 1451 2409 sumere
1480 2371 1521 2408 in
1551 2384 1717 2419 manus3
1750 2370 1869 2407 huius
1897 2370 2027 2408 libelli

313 2430 559 2475 formularis,
595 2430 688 2466 olim
719 2428 1040 2473 celebratissimi,
1075 2427 1260 2477 exempla
1290 2433 1474 2465 recenset
1503 2424 1653 2475 Hain¹3
1692 2425 1905 2464 Βο110111152
1937 2440 2028 2464 011111

315 2486 478 2523 damnat
506 2486 567 2523 his
597 2485 750 2523 verbis:
783 2514 828 2531 „.
850 2515 856 2521 .
880 2498 969 2521 cum
990 2484 1148 2520 Plinius
1178 2484 1312 2520 iunior
1334 2483 1441 2521 dicat
1461 2483 1737 2520 stultissimum
1760 2495 1846 2520 esse
1868 2482 1916 2520 ad
1940 2483 2025 2520 imi-

312 2542 480 2580 tandum
510 2555 593 2579 non
625 2542 775 2592 optima
806 2553 975 2591 quaeque
1007 2553 1253 2590 proponere,
1287 2540 1442 2577 nullum
1473 2545 1609 2577 tamen
1640 2539 1825 2577 invenies
1848 2540 2023 2584 omnino,

313 2599 381 2648 qui
412 2598 566 2648 aliquid
596 2603 664 2635 tuo
696 2610 804 2634 more
835 2602 925 2647 post
955 2610 996 2634 se
1024 2596 1249 2646 reliquerit,
1283 2596 1360 2633 nisi
1384 2594 1571 2633 Carolum
1598 2595 1802 2646 quendam
1826 2592 2024 2645 [Mennel-

310 2655 408 2691 lium
429 2654 608 2704 appellat
630 2654 749 2704 paulo
772 2659 884 2699 ante,
900 2685 905 2689 .
919 2666 1010 2690 nam
1033 2652 1177 2690 Suevis
1198 2652 1460 2689 Flandricum
1481 2651 1716 2689 Manneken
1746 2657 1806 2689 est
1825 2648 2021 2702 Mennel],

311 2716 355 2747 ut
397 2711 541 2760 opinor
578 2709 863 2760 Burgundum,
917 2709 1029 2746 cuius
1074 2708 1252 2759 epistolae
1289 2708 1471 2758 undique
1508 2708 1859 2754 circumferuntur,
1903 2707 2025 2744 velim

312 2772 507 2816 perpetuo
545 2766 706 2803 silentio
749 2767 873 2803 vitam
911 2765 1140 2811 transisset,
1189 2777 1307 2814 quam
1346 2770 1405 2801 tot
1446 2765 1610 2814 egregia
1649 2764 1816 2814 ingenia
1855 2763 2023 2809 seducit,

313 2828 351 2858 et
382 2823 424 2858 in
455 2828 693 2872 perpetuum
725 2835 900 2859 errorem
931 2821 1076 2867 allicit,
1108 2826 1153 2857 ut
1182 2820 1306 2858 multo
1338 2821 1480 2858 melius
1509 2821 1650 2858 fuisset
1678 2820 1781 2857 nihil
1802 2820 2022 2870 scripsisse,

312 2890 431 2927 quam
462 2877 563 2915 adeo
596 2878 758 2916 indocte
789 2877 1034 2928 prolabasse.
1096 2876 1265 2928 Scripsit
1296 2877 1404 2914 enim
1433 2877 1698 2915 salutationes
1727 2876 1919 2927 plurimas
1941 2889 2023 2913 non

403 3010 434 3049 1)
448 3011 633 3052 Repertor.
652 3015 699 3043 n0.
716 3011 823 3041 10659
835 3011 995 3043 ...10637.
1071 3010 1105 3050 2)
1123 3009 1391 3041 Commentaria
1407 3009 1641 3052 epistolarum
1658 3008 1854 3041 faciendar.
1880 3009 2021 3041 Phorce

381 3065 497 3099 *1510.
514 3066 561 3097 4⁰.
582 3066 641 3100 fol.
661 3065 708 3097 1¹».
