2119 3522
316 227 406 271 128
866 246 1074 267 c‹›NSPECTvs
1099 244 1380 266 CHRONOLOGICVS
1405 233 1463 265 &st

310 355 429 398 1513.

310 425 448 459 ocem.
473 424 537 461 Ab
558 425 800 463 Hochstrato
833 427 883 464 at]
915 426 1126 463 ferendam
1156 431 1295 463 contra
1327 426 1544 475 Speculum
1575 427 1736 466 oculare
1772 431 2016 468 sententiam

474 497 644 528 statutus
678 491 761 529 dies
794 493 1026 542 Moguntiae.
1086 492 1225 529 Turba
1259 492 1473 530 iudiciaria
1502 493 1758 544 Moguntina.

841 557 1037 590 Reuchlini
1062 557 1154 589 Acta
1180 557 1346 589 iudicior.
1372 569 1404 599 p.
1431 560 1459 590 B
1476 559 1530 592 iii.

839 613 1033 645 Reuchlini
1071 612 1115 644 ad
1152 612 1411 654 IVimpheling.
1449 614 1552 655 epist.
1588 615 1621 647 d.
1653 615 1687 649 d.
1716 617 1770 649 30.
1795 617 1883 649 Nov.
1917 617 1950 648 h.
1981 628 2014 650 a.

885 670 976 701 Vide
1004 679 1083 710 epp.
1111 668 1152 700 Ο.
1176 669 1218 701 V.
1245 669 1272 701 I.
1298 670 1353 701 27.

840 724 901 763 (cf.
929 732 993 759 bon
1019 725 1070 759 bel·
1094 723 1197 766 §barbi
1224 726 1287 756 cit.
1314 725 1398 757 hist.
1424 725 1518 767 Mog.
1545 736 1578 768 p.
1607 728 1680 760 146.
1709 727 1799 769 sqq.)

304 796 319 826 ’ἐ
342 796 357 826 2²
407 793 422 827 ’ἓ
473 791 643 829 Carmen
687 790 867 842 [Eobani
905 791 1047 844 Hessi]
1087 794 1129 830 in
1166 793 1328 832 laudeni
1367 793 1610 844 Oapnionis,
1662 796 1769 846 quod
1808 797 2015 836 Mutianus

471 859 636 896 Urbano
668 860 787 899 misit.

838 914 991 946 Tentzel
1017 914 1142 957 Suppl.
1169 915 1215 948 1³.
1243 925 1277 955 p.
1306 915 1380 949 188.
1405 920 1456 950 n0.
1484 915 1687 949 CCCCVII.

339 1011 352 1024 l,
394 986 443 1017 15,
466 981 621 1019 Urbani
653 983 705 1020 ad
734 983 1003 1020 Reuchlinum
1036 984 1152 1034 epist.
1185 983 1308 1031 „Pax
1337 990 1468 1022 tecum
1499 1015 1506 1023 .
1526 1014 1534 1022 .
1579 986 1601 1003 “

1648 1000 1736 1033 „ex
1765 986 2012 1038 Erphurdio.

470 1050 595 1087 natali
626 1050 898 1099 Virgiliano.“

839 1114 1004 1159 [Vergili
1028 1116 1188 1149 Maronis
1219 1116 1335 1149 natali
1366 1120 1463 1159 puto.
1490 1116 1566 1149 dies
1593 1118 1754 1161 episcopi
1778 1119 1927 1162 Virgilii
1959 1124 2014 1153 est

880 1174 934 1204 ⁶27.
961 1171 1070 1215 Now]
1666 1182 1673 1185 ”

834 1229 988 1261 Tentzel
1014 1229 1139 1271 Suppl.
1166 1230 1211 1261 1³.
1238 1240 1270 1271 p.
1300 1231 1372 1262 198.
1400 1239 1450 1271 sq.
1477 1235 1526 1264 11⁰.
1552 1230 1698 1263 CLXII.

338 1300 353 1329 ἱ)
402 1296 418 1330 ⁸?
467 1295 638 1334 Mutiani
669 1297 720 1334 ad
750 1297 959 1335 Urbanum
991 1299 1106 1349 epist.
1145 1298 1320 1345 „Placet
1351 1298 1566 1336 admodum
1597 1299 1720 1337 breve
1751 1300 1922 1351 apostol.
1948 1302 2010 1339 ..“

469 1362 515 1411 (δ’
548 1364 572 1401 l·
611 1366 642 1401 ὰ
674 1363 727 1414 a.)
833 1419 985 1451 Tentzel
1013 1419 1137 1461 Suppl.
1162 1421 1210 1452 1³.
1237 1431 1269 1462 p.
1298 1422 1371 1454 147.
1399 1430 1451 1462 Sq-
1478 1425 1527 1452 n0.
1556 1420 1764 1454 CCLXXX·

298 1485 679 1524 Nox-‚1oReuchlini
711 1487 761 1525 ad
793 1488 984 1526 Iacobum
1017 1488 1302 1539 Questcnberg
1339 1491 1456 1540 epist.
1495 1489 1653 1536 „Salve
1685 1505 1706 1528 0
1741 1490 1855 1528 dulce
1889 1491 2010 1529 decus

464 1567 593 1591 meum
627 1584 634 1591 .
657 1586 663 1592 .
686 1556 723 1592 .“
775 1556 873 1602 „Ex
905 1555 1141 1606 Stutgardia
1172 1557 1274 1594 IIII.
1306 1557 1361 1595 id.
1384 1557 1603 1595 Novembr.
1625 1557 1748 1595 Anno
1770 1558 2010 1597 MDXIII.“

830 1621 1069 1654 Friedliinder
1093 1622 1206 1655 Beitr.
1231 1633 1263 1657 z.
1288 1622 1519 1655 Ref.-Gesch.
1553 1622 1678 1654 Berlin
1697 1623 1792 1656 1837.
1827 1624 1874 1655 8⁰.
1906 1636 1938 1667 p.
1954 1626 2009 1656 46.

334 1717 348 1729 Ν
390 1692 438 1723 17.
461 1687 609 1727 Leonis
630 1689 711 1726 PP.
734 1690 788 1727 X.
812 1690 953 1738 breve,
988 1705 1066 1742 qno
1089 1691 1361 1730 Vorniatiensi
1392 1706 1422 1730 s.
1455 1692 1638 1743 Spirensi
1670 1693 1858 1744 episcopo
1889 1707 2009 1731 causa

462 1756 677 1794 Reuehlini
709 1759 976 1798 cminnittitur.
1038 1759 1223 1805 „Datum
1252 1760 1388 1797 Romae
1424 1760 1533 1810 apud
1565 1772 1596 1798 s.
1628 1760 1793 1798 Petrum
1811 1789 1819 1798 .
1838 1773 1890 1800 xv
1911 1791 1918 1798 .
1937 1761 2006 1799 ka-

462 1823 528 1860 len
550 1854 556 1861 .
578 1824 799 1862 decembris
820 1856 827 1863 .
846 1825 969 1864 Anno
1002 1827 1173 1877 primo.“

828 1890 895 1923 Est
919 1892 956 1923 in
982 1892 1145 1934 Spirensi
1171 1893 1356 1924 sententia
1379 1892 1411 1925 d.
1439 1892 1471 1927 d.
1498 1894 1552 1926 29.
1577 1892 1685 1926 Mart.
1713 1903 1745 1924 a.
1773 1894 1869 1926 1514.

828 1947 1021 1979 Reuchlini
1045 1949 1136 1980 Acta
1161 1948 1324 1981 iudicior.
1353 1959 1461 1990 pagg.
1487 1947 1636 1981 Fb...F
1652 1947 1716 1982 iil).
1743 1949 1790 1982 cf.
1816 1948 1914 1984 Cii³.

332 2041 345 2055 „
385 2017 436 2048 21.
459 2012 607 2051 Leonis
629 2014 710 2053 PP.
729 2015 782 2053 X.
801 2015 923 2054 breve
946 2017 1099 2055 iudices
1122 2031 1249 2055 causae
1272 2017 1565 2068 cognoscendae
1588 2017 1795 2057 ordinans.
1825 2019 2005 2065 „Datum

459 2081 593 2118 Romae
625 2096 689 2133 ap.
722 2096 751 2121 s.
783 2083 947 2122 Petrum
977 2085 1050 2122 sub
1083 2085 1235 2123 annulo
1266 2085 1477 2135 piscatoris
1510 2085 1574 2122 die
1604 2098 1676 2122 xxx
1703 2115 1710 2122 .
1736 2085 1976 2123 Novembris
1996 2117 2003 2124 .

459 2148 693 2188 M.D.x111.“

825 2206 1020 2238 Reuchlini
1044 2206 1136 2238 Acta
1160 2207 1328 2240 iudicior.
1354 2217 1463 2249 pagg.
1491 2206 1517 2238 C
1543 2217 1618 2249 sqq.
1642 2208 1671 2239 F
1687 2206 1735 2239 ib.

826 2262 916 2293 Maii
940 2263 1005 2296 vit.
1031 2262 1184 2294 Reuchl.
1211 2274 1243 2305 p.
1267 2264 1345 2296 404.
1372 2273 1426 2305 sq.

330 2354 344 2368 Η
387 2326 676 2364 30.Βο1101111111
719 2328 770 2365 ad
808 2329 1155 2381 IVimphelingnm
1202 2333 1317 2383 epist.
1369 2331 1441 2379 „O
1480 2333 1605 2370 amice
1642 2332 1728 2380 W.,
1777 2332 1858 2370 Ubi
1895 2347 2003 2371 nunc

459 2400 517 2431 est
551 2395 624 2432 ..“
657 2392 835 2443 (maxime
865 2399 910 2433 de
942 2401 993 2434 eis
1024 2412 1107 2445 quw
1135 2400 1340 2447 Moyuntiffl
1368 2406 1457 2437 acta
1493 2398 1611 2449 sunt.)
1652 2413 1739 2447 „ex
1767 2400 2002 2450 Stutgarclia

458 2461 498 2497 in
532 2461 598 2499 die
629 2461 670 2499 S.
701 2462 877 2501 Andreae
908 2464 1030 2502 Anno
1067 2467 1215 2503 1513.“

824 2530 976 2570 primum
1003 2530 1103 2562 edita
1126 2531 1162 2562 in
1187 2532 1277 2563 Maii
1302 2533 1364 2564 vit.
1392 2533 1544 2565 Reuehl.
1575 2544 1684 2575 pagg.
1709 2535 1917 2567 390...397.

288 2593 410 2629 Deest
457 2594 628 2633 Mutiani
660 2596 711 2634 ad
742 2597 951 2635 Urbanum
983 2599 1100 2649 epist.
1142 2600 1245 2647 „Vel
1278 2602 1427 2640 clariss.
1463 2603 1613 2640 doctor.
1636 2633 1643 2640 .
1663 2604 1708 2639 .“
1753 2603 1854 2650 „Ad
1886 2609 1998 2641 nata-

453 2662 531 2699 lem
561 2662 719 2700 Nicolai
742 2695 747 2701 .
769 2664 1007 2703 MDXIII.“

821 2731 974 2763 Tentzel
1000 2731 1123 2774 Suppl.
1149 2733 1200 2764 1³.
1226 2744 1259 2775 p.
1288 2736 1361 2769 102.
1388 2745 1441 2775 sq.
1473 2740 1521 2766 n0.
1550 2735 1751 2769 CXXXIII.

324 2823 335 2837 ,,
371 2800 421 2829 21).
453 2794 644 2847 Episcopi
667 2797 870 2849 Spirensis
890 2799 1072 2850 Georgii,
1097 2801 1242 2839 iudicis
1265 2808 1303 2839 et
1325 2805 1584 2842 commissarii
1606 2805 1836 2855 apostolici,
1861 2805 1997 2842 citatio

453 2864 638 2913 partium.
700 2866 883 2912 „Datum
923 2873 962 2904 et
1002 2874 1132 2905 actum
1171 2869 1212 2905 in
1252 2876 1380 2908 castro
1419 2878 1556 2909 nostro
1588 2872 1819 2910 Udenheini
1851 2878 1995 2909 nostrae

454 2929 601 2968 dioces.
631 2932 672 2967 in
703 2933 819 2971 stuba
851 2935 994 2972 minori
1024 2935 1097 2972 sub
1130 2949 1238 2973 anno
1261 2965 1269 2973 .
1290 2966 1298 2974 .
1321 2966 1328 2974 .
1353 2938 1560 2976 M.D.x111.
1584 2939 1806 2976 indictione
1839 2940 1990 2989 prima.

454 2997 530 3033 Die
561 3011 656 3034 uero
688 2999 826 3036 Martis
860 3002 1046 3039 uicesimo
1079 3004 1226 3040 mensis
1260 3003 1479 3042 decembris
1504 3035 1512 3042 .
1534 3037 1540 3043 .
1564 3007 1607 3043 .“

819 3066 1011 3098 Reneblini
1037 3068 1128 3100 Acta
1153 3068 1317 3102 iudicior.
1348 3081 1380 3110 p.
1409 3070 1434 3101 C
1451 3072 1568 3103 ii...C
1585 3071 1663 3104 iiib.
