2119 3522
247 217 318 238 EPP.
332 214 374 238 66.
391 205 441 249 [1].
459 214 500 239 67.
516 204 567 249 [5].
591 216 733 238 ABRAAM
749 215 847 238 ismae
865 216 1022 238 onrvmo.
1041 224 1084 229 —-
1107 216 1296 237 NOLLERIVS
1314 216 1419 237 STECH
1436 215 1592 238 osrvmc.
1722 197 1814 241 777

104 274 192 315 Pag.
210 273 299 309 294.
1174 270 1262 314 Pag.
1277 274 1351 305 293.
1373 284 1400 304 v.
1415 280 1446 305 25
1465 299 1470 304 .
1487 298 1493 303 .
1510 298 1515 304 .
1534 274 1620 313 Pag.
1636 274 1710 304 5:95.
1730 284 1758 304 v.
1773 281 1814 305 22.

105 331 147 361 25
169 327 252 362 sitis
275 330 361 362 ante
385 328 498 372 quod]
531 329 660 362 cavete
693 328 812 370 vohis,
846 338 909 369 ne,
942 328 984 361 ut
1008 328 1080 362 iam
1106 326 1250 361 habetis
1275 326 1530 371 inquisitorem
1555 326 1640 361 haer.
1658 338 1760 370 prav.
1779 327 1816 360 in

194 383 406 418 Hochstrati
431 394 606 428 persona,
632 383 685 416 ita
709 383 860 427 insuper
884 383 988 417 vobis
1013 382 1236 428 praeficiatur

150 439 356 483 inquisitor.
396 439 555 474 luxurie&
584 439 808 482 salacitatis]
843 439 996 473 luxuriae
1027 440 1222 483 peccatum
1261 439 1358 473 inter
1389 439 1562 473 mortalia
1592 441 1648 473 est
1678 439 1744 482 (cf.
1770 438 1816 471 1111

193 497 303 539 26¹⁵);
329 506 397 540 pro
423 494 585 538 ‘peccati
608 494 782 529 luxuriae'
809 494 900 528 dicit
925 494 1095 529 ‘luxuriae
1120 493 1341 529 salacitatis’
1369 495 1410 528 ut
1434 494 1589 529 adsonet
1612 494 1658 528 ad
1687 494 1814 529 ‘heere-

192 551 274 585 ticae
300 550 524 595 pravitatis'.

102 611 145 641 29
170 607 255 641 bene
279 606 454 641 transiret
477 606 573 650 hinc]
603 607 679 640 sine
706 606 906 642 offensione
933 607 1038 640 esset.

102 668 146 698 30
169 662 319 706 medatis
349 662 477 698 melius
508 662 558 697 ad
589 663 668 707 hoc]
702 663 781 698 that
811 662 914 697 Euer
943 662 1051 696 bestes
1080 662 1194 705 daza,
1224 663 1282 696 fac
1312 674 1357 697 ne
1390 662 1565 697 damnum
1595 663 1699 697 nobis
1729 663 1815 697 inde

193 719 371 763 emergat.

148 775 261 818 tram]
287 774 350 809 bin
374 775 431 809 ich
455 783 623 819 yezoyen,
648 785 707 808 me
733 773 884 808 contuli.

103 834 145 865 32
171 830 357 872 refectorio
378 830 566 874 Capitolii]
592 829 787 872 cenaculo,
812 829 876 863 ubi
901 829 1117 864 reficiuntur
1134 830 1294 865 famelici
1313 831 1487 865 curiales:
1515 842 1599 865 nam
1619 832 1744 865 noster
1762 832 1817 864 est

194 888 337 920 ‘servus
362 885 562 930 corporalis
585 886 693 920 unius
718 885 932 920 cardinalis’
958 897 994 929 p.
1011 886 1122 920 29220.

386 974 620 1010 EPISTOLA
641 977 703 1014 67.
724 977 786 1020 [5].
827 974 1098 1010 NOLLERIVS
1125 975 1275 1010 STECH
1302 976 1531 1011 ORTVINO.

101 1058 144 1089 34
170 1054 356 1089 Nollerius
380 1054 534 1089 fortasse
551 1071 594 1083 =
612 1054 799 1096 Nolarius,
827 1066 848 1088 a
872 1054 972 1095 nola,
999 1054 1021 1088 i.
1040 1065 1069 1088 e.
1088 1054 1355 1096 tintinnabulo,
1382 1056 1497 1098 quod,
1525 1056 1566 1089 ut
1589 1054 1753 1099 Hugutio
1780 1056 1818 1089 et

192 1110 265 1145 loa.
285 1110 330 1145 de
355 1110 471 1145 Ianua
493 1110 648 1153 habent,
683 1110 849 1153 „dicitur
873 1121 895 1143 a
918 1109 1015 1144 Nola
1039 1110 1189 1144 civitate
1214 1109 1440 1154 Campaniae,
1467 1110 1556 1154 quia
1579 1111 1631 1144 ibi
1655 1111 1815 1155 primum

192 1167 386 1201 inventum
418 1168 456 1202 et
486 1167 626 1201 factum
658 1166 729 1202 fuit
752 1166 827 1200 tale
852 1166 1155 1209 instrumentum,
1191 1156 1228 1200 e⁰t
1252 1166 1430 1210 ampliato
1455 1166 1603 1201 nomine
1628 1166 1818 1200 invenitur

194 1222 314 1257 ‘nola'
340 1234 407 1267 pro
432 1223 602 1267 qualibet
625 1233 741 1267 parva
765 1233 947 1266 campana
971 1222 1031 1256 vel
1054 1233 1120 1266 pro
1138 1222 1371 1266 campanella
1387 1222 1614 1257 refectorii“.
1664 1222 1736 1256 Sed
1754 1234 1816 1266 po-

191 1279 264 1313 tuit
288 1279 402 1313 etiam
429 1278 649 1313 ‘Nollerius’
683 1289 727 1312 ex
761 1277 980 1312 ‘Arnoldus’
1008 1278 1102 1312 fieri:
1134 1279 1172 1313 in
1202 1279 1327 1313 album
1353 1279 1453 1312 acad.
1473 1278 1595 1313 Viteb.
1620 1278 1816 1321 (Forstem.

192 1347 227 1380 p.
245 1338 313 1378 37.)
339 1346 369 1369 a.
389 1338 485 1369 1511.
503 1334 701 1378 inscriptus
726 1335 782 1368 est
807 1334 1021 1376 „Arnoldus
1047 1333 1183 1378 Steych
1209 1334 1254 1368 de
1273 1333 1514 1368 SoltwedeP‘.
1556 1334 1652 1376 Quid
1676 1334 1705 1368 si
1729 1346 1816 1378 pue—

193 1391 312 1425 riliter
336 1391 519 1435 nugantes
544 1391 664 1434 ipsum
689 1400 825 1423 nomen
851 1389 1055 1424 Salzwedel
1087 1391 1154 1434 (sal
1180 1391 1217 1424 et
1242 1390 1371 1433 flabra)
1396 1389 1604 1424 Calabriam
1630 1391 1711 1435 (pro
1738 1389 1816 1424 ‘Sa-

190 1447 371 1491 labram’)
398 1447 620 1481 vertissent?
647 1445 752 1480 Unde
778 1445 849 1479 loci
874 1445 950 1480 haec
978 1457 1035 1489 ep.
1054 1447 1192 1490 scripta
1216 1446 1394 1490 fingatur,
1425 1456 1498 1480 non
1523 1445 1741 1481 definierim.

102 1506 144 1537 36
168 1503 350 1538 orationes
374 1504 473 1547 opto]
507 1501 686 1536 Similiter
715 1501 919 1535 salutantes
950 1501 1094 1535 audivi:
1126 1502 1348 1545 yehorsamer
1380 1501 1532 1544 Diener,
1561 1502 1718 1536 wz'a'snsch'
1751 1503 1818 1537 ich.

192 1559 270 1594 Nec
295 1559 415 1593 minus
440 1558 591 1603 elegans
617 1559 672 1592 est
698 1557 939 1592 ‘excellentia
961 1556 1247 1602 theologicalis'.

102 1619 144 1650 37
171 1616 277 1659 quasi
294 1615 526 1659 peremimus]
558 1614 642 1649 Non
673 1613 842 1659 promissi
874 1613 950 1647 voti
975 1613 1143 1647 solvendi
1174 1624 1284 1648 causa
1308 1614 1646 1658 peregrinationem
1673 1613 1818 1648 Sinaiti-

192 1682 273 1706 cam
298 1672 521 1715 susceperat.

102 1731 188 1772 Pag.
209 1729 299 1767 295.

106 1788 121 1817 1
149 1784 309 1828 quando]
336 1796 381 1818 ex
405 1794 496 1828 quo,
522 1784 731 1828 postquam.

103 1844 123 1874 5
150 1850 222 1873 non
246 1840 297 1874 sic
322 1841 396 1883 ete]
426 1839 599 1874 Psaln1.1.
618 1844 648 1873 4.

104 1900 123 1930 7
148 1896 345 1932 Hochstrat
369 1906 463 1932 cous.
481 1896 556 1941 ete]
588 1895 740 1930 Referre
771 1895 918 1930 videtur
942 1896 1019 1931 haec
1045 1907 1101 1939 ep.
1121 1895 1165 1929 ad
1191 1895 1359 1930 aestatem
1383 1895 1469 1930 anni
1490 1899 1583 1930 1516.
1625 1896 1669 1929 cf.
1688 1895 1818 1939 Consp.

194 1952 355 1987 chronol.

107 2013 146 2044 10
172 2009 391 2044 monasteria
409 2036 416 2043 .
436 2037 441 2043 .
459 2037 464 2042 .
478 2009 622 2053 11661111]
655 2008 705 2042 Ut
729 2008 986 2053 postulaverat
1011 2009 1124 2043 etiam
1151 2008 1342 2043 Cornelius
1367 2007 1515 2042 Stoi-ati.
1541 2019 1574 2051 p.
1596 2010 1668 2041 104.

107 2069 143 2099 11
172 2068 212 2099 ut
238 2065 420 2110 inchoant]
451 2065 501 2100 Ut
525 2076 609 2100 cum
634 2065 853 2106 indicativo,
880 2076 952 2099 non
978 2065 1168 2099 insolitum
1194 2064 1367 2099 obscuris.

108 2126 146 2155 12
172 2121 394 2166 abbr-eciam]
424 2121 575 2163 himen,
601 2122 813 2164 verli-emen,
841 2121 1066 2156 &erkleinern
1090 2121 1150 2156 die
1174 2121 1380 2162 Rationem,
1405 2120 1584 2154 minorem
1611 2131 1820 2154 mensuram

194 2178 374 2212 tribuunt.

108 2238 147 2268 13
172 2233 304 2268 Salem.
329 2261 357 2268 ..
376 2235 498 2278 primo
514 2235 707 2279 Proumr]
734 2234 851 2268 Immo
876 2234 1125 2269 Ecclesiastici
1143 2247 1196 2267 xi..
1217 2238 1267 2268 ΞΟ.
1292 2232 1453 2275 „Vinum
1480 2233 1517 2266 et
1541 2232 1680 2265 musica
1703 2230 1820 2266 laetifi-

195 2291 281 2324 cant
306 2301 384 2333 cor,
412 2291 450 2325 et
474 2302 585 2336 super
609 2291 767 2335 utraque
794 2290 944 2325 dilectio
971 2290 1204 2334 sapientiae“.

109 2351 149 2381 15
176 2346 367 2391 ululando]
395 2347 438 2381 cf.
457 2347 503 2381 ad
527 2348 639 2382 25935.

149 2402 213 2437 hoc
235 2429 242 2436 .
258 2429 264 2436 .
280 2429 287 2436 .
311 2403 472 2448 charum]
498 2403 636 2438 Rarum
663 2404 701 2438 et
724 2414 850 2437 carum
875 2404 912 2437 in
938 2404 1107 2438 omnibus
1132 2404 1285 2448 linguis,
1317 2402 1429 2437 etiam
1447 2401 1511 2435 ubi
1529 2400 1679 2434 nomina
1695 2411 1822 2444 parem

197 2458 336 2492 exitum
367 2470 440 2493 non
470 2460 627 2502 habent,
660 2460 815 2504 propter
844 2471 923 2494 rem
955 2459 1074 2504 ipsam
1105 2459 1173 2493 sibi
1198 2458 1433 2503 respondent.
1483 2456 1661 2491 Similiter
1687 2455 1758 2490 Cic.
1777 2455 1821 2489 de

196 2515 301 2548 amic.
319 2519 377 2557 21,
397 2525 438 2549 τυ.
465 2516 607 2550 ‘omnia
637 2515 816 2560 praeclara
845 2517 959 2550 rara'.
1014 2515 1201 2550 Nollerius
1232 2515 1276 2548 de
1308 2513 1425 2547 tribus
1458 2524 1519 2546 eor
1550 2511 1823 2546 laetificalitibus

196 2570 305 2604 rebus
329 2571 490 2615 primum
516 2572 607 2606 dicit
630 2572 757 2607 vinum
781 2571 851 2606 sibi
877 2572 1104 2614 abbreviari,
1132 2573 1211 2605 tum
1229 2570 1402 2604 ηαδ-166111
1420 2579 1457 2602 se
1475 2579 1621 2612 semper
1638 2578 1821 2607 exercere,

196 2626 354 2670 ideoque
380 2627 486 2671 parvi
512 2627 767 2662 aestimandam
793 2638 888 2670 esse,
918 2628 1085 2662 mulieres
1110 2627 1271 2670 denique
1299 2625 1446 2660 omnino
1472 2623 1541 2658 sibi
1567 2622 1754 2667 denegari.

109 2685 148 2716 16
175 2685 224 2716 est
248 2709 255 2717 .
270 2709 278 2717 .
301 2683 534 2728 loquendum]
560 2694 634 2718 11011
659 2684 736 2718 sine
762 2684 982 2729 aegritudine
1008 2684 1110 2727 loqui
1135 2694 1293 2727 possum.

106 2742 150 2773 20
173 2737 217 2773 Si
233 2738 392 2773 medium
408 2740 482 2784 ete]
508 2739 660 2774 Utinam
678 2739 834 2775 dimidia
850 2752 934 2785 pars
958 2739 1232 2774 iucunditatum
1258 2738 1360 2779 vitae,
1388 2736 1521 2780 quibus
1546 2735 1703 2770 aliorum
1728 2734 1822 2769 ordi—

196 2806 285 2828 num
316 2794 460 2829 sodales
491 2795 672 2840 gaudent,
706 2797 748 2830 ut
778 2795 981 2830 confratres
1010 2794 1126 2829 nostri
1158 2791 1511 2837 Sanctispirituales,
1544 2791 1650 2826 nobis
1676 2801 1822 2835 quoque

197 2850 480 2885 concederetur!

108 2910 150 2940 ‘22
169 2905 445 2951 professionati]
470 2907 740 2951 professionare
759 2920 784 2942 s.
811 2935 817 2942 .
834 2908 908 2941 ,1111
926 2906 1067 2949 Profcss
1084 2907 1193 2947 tlzme,
1214 2904 1479 2949 professionem
1506 2903 1748 2938 monasticam
1771 2903 1823 2937 fa-

197 2972 291 2996 cere.
332 2962 374 2996 In
398 2963 643 2998 vocabulariis
668 2974 741 2999 non
767 2965 832 2998 est.

153 3017 244 3063 quid
260 3018 306 3053 3ίύ
319 3028 389 3062 pro
406 3019 546 3065 ordine]
565 3020 674 3064 puto,
694 3019 783 3064 quid
801 3018 998 3053 conveniat
1015 3017 1152 3060 ordini,
1172 3028 1283 3062 quam
1301 3017 1396 3051 116116
1414 3015 1578 3051 habeant
1594 3015 1632 3048 hi
1649 3014 1823 3059 religiosi.
