2119 3522
896 185 1024 207 CELTIS.
1724 171 1818 216 343

100 299 346 336 Trithemius
360 297 384 317 ¹⁰
405 312 565 350 quoque
589 299 694 338 Celti
717 300 1050 338 familiarissimus
1071 300 1248 338 triennio
1271 302 1402 339 minor
1422 308 1521 340 natu
1542 301 1737 351 amicus¹¹‚
1770 305 1820 344 de

101 368 146 392 eo
169 355 382 393 iudicavit:
415 356 491 393 fuit
513 357 612 402 „vir
631 356 903 407 undecunque
927 357 1198 403 doctissimus,
1225 357 1491 408 philosophus
1514 359 1660 407 clarus,
1687 368 1821 400 orator

99 411 317 458 facundus,
352 417 602 449 astronomus
631 418 670 449 et
695 413 1009 463 cosmographus
1032 413 1223 462 insignis,
1259 420 1298 451 ct
1319 419 1441 464 poeta
1461 415 1683 464 laureatus,
1718 418 1817 457 divi-

98 481 238 504 narum
261 480 420 518 quoque
442 468 729 518 scripturarum
750 481 832 504 11011
854 469 1031 518 ignarUS,
1059 469 1270 519 utriusque
1291 470 1439 520 linguae
1462 472 1626 521 peritus,
1649 474 1816 524 ingenio

97 523 300 561 excellens
332 530 372 561 et
394 524 566 561 disertus
589 524 762 574 eloquio.
787 524 947 574 scripsit
982 529 1063 560 tam
1084 529 1210 561 metro
1232 537 1351 574 quaxn
1371 539 1488 576 prosa
1511 528 1694 578 quaedam
1715 544 1814 581 prae-

60 603 64 604 ⁷
95 579 203 617 clara
232 580 442 630 opuscula,
477 579 621 629 quibus
645 580 877 617 memoriam
906 580 968 617 sui
996 580 1166 629 posteris
1197 582 1542 622 commendavit“.
1601 584 1816 637 Reliquam

94 636 249 682 studiis,
274 635 497 681 itineribus,
521 636 717 682 amicitiis,
741 636 960 672 honoribus
983 634 1270 686 laboribusque
1293 650 1338 674 ac
1359 637 1640 677 sodalitatibus
1662 642 1812 680 littera-

94 692 161 728 riis
184 691 232 729 ab
256 692 342 742 ipso
365 691 538 729 conditis
561 693 676 742 quasi
697 692 997 729 refertissimam
1022 690 1145 729 Celtis
1168 693 1290 729 vitam
1313 692 1476 731 brevem
1496 693 1617 733 latius
1638 698 1811 749 Kliipfe-

92 748 171 785 lius
194 754 233 785 et
254 761 303 785 ex
331 748 406 785 hoc
436 748 519 785 fere
541 747 769 793 Erharclus,
804 748 873 784 alii
902 747 1245 798 perscripserunt,
1278 762 1415 787 omnes
1444 763 1515 800 pro
1546 752 1812 793 fundamento

91 804 153 840 usi
174 817 222 841 ea
243 804 343 849 vita,
373 816 494 854 quam
514 803 716 841 Rhenana
744 804 913 841 societas
935 803 1131 841 litteraria
1152 805 1348 853 poematis
1373 804 1497 843 Celtis
1519 810 1728 857 praemisit,
1764 825 1813 849 ex

90 873 170 910 qua
186 859 270 896 haec
289 858 489 909 (quamvis
511 873 587 896 nec
608 860 743 896 omnia
763 859 869 897 bene
892 859 943 896 ad
965 865 1189 909 temporum
1212 866 1251 897 et
1271 860 1448 898 locorum
1472 863 1656 902 ordinem
1679 866 1811 917 dispo-

89 916 164 953 sita
182 916 273 961 sint,
298 928 430 965 neque
451 915 635 952 ultimum
656 916 748 952 vitae
772 915 1015 953 decennium
1037 914 1286 965 describant)
1306 918 1502 967 repetisse
1523 919 1598 957 hoc
1619 921 1706 959 loco
1730 924 1810 960 suf-

87 972 212 1009 ficiat:
257 972 426 1018 „Motus
450 971 545 1008 dein
568 972 674 1008 fama
695 971 863 1009 Ioannis
885 971 1120 1022 Dalburgii,
1153 972 1414 1022 Vangionum
1437 974 1634 1026 episcopi,
1670 984 1708 1015 et
1729 979 1809 1016 Ru-

89 1028 183 1065 dolfi
198 1027 400 1078 Agricolae
416 1027 734 1078 Heidelbergam
756 1028 857 1065 adiit
875 1024 1194 1078 [aest.a..1484.],
1218 1028 1355 1079 ibique
1379 1031 1594 1069 oratoriam
1615 1046 1660 1070 ac
1682 1036 1808 1084 poeti-

88 1097 173 1121 cam
204 1098 292 1121 011111
322 1084 470 1134 linguae
502 1097 640 1134 graecae
672 1090 711 1122 et
732 1083 931 1122 hebraicae
953 1086 1303 1134 praegustamentis
1335 1085 1481 1123 hausit.
1541 1088 1595 1125 Et
1625 1103 1716 1128 111οΧ
1737 1104 1810 1142 per

86 1140 414 1186 Erfordensium,
438 1140 698 1190 Lipsensium
722 1137 846 1190 [unde
868 1146 910 1177 ut
932 1140 1128 1178 Buschius
1150 1140 1586 1194 Aesticampianusque
1607 1145 1810 1188 hostiliter

87 1197 236 1234 eiectus
259 1194 346 1247 est],
370 1197 679 1234 Rostocensium
701 1195 989 1248 gymnasium¹²
1012 1197 1088 1234 iter
1109 1198 1332 1248 corripiens
1350 1212 1432 1235 non
1451 1212 1595 1249 parvas
1613 1205 1807 1255 pecuniaS

84 1253 268 1290 docendo
295 1253 551 1302 conquisivit.
603 1253 656 1289 Et
678 1253 729 1290 ad
751 1253 912 1290 Italiam
934 1253 1138 1303 profectus
1160 1253 1312 1291 Paduae
1336 1253 1631 1306 Calphurnium
1654 1265 1692 1296 et
1710 1259 1806 1310 Cre-

80 1310 200 1346 ticum
223 1305 418 1359 [Marcum
438 1306 682 1359 Musui·um],
712 1309 907 1346 Ferrariae
930 1306 1183 1360 [Baptistam]
1208 1309 1451 1358 Guarinum,
1478 1313 1673 1352 Bononiae
1694 1315 1788 1354 Phi-

81 1365 236 1415 lippum
256 1365 514 1409 Beroaldum,
539 1365 757 1402 Florentiae
777 1362 1030 1415 [Marsilium]
1049 1365 1249 1413 Ficinum,
1274 1366 1457 1405 Venetiis
1478 1366 1615 1419 [Marc.
1630 1370 1801 1425 Ant‹›n.]

81 1421 344 1468 Sabellicum,
387 1421 524 1459 Romae
554 1421 824 1471 Pomponium
851 1421 1006 1458 Laetum
1037 1422 1206 1459 audivit.
1265 1422 1303 1459 A
1331 1423 1459 1462 Roma
1491 1439 1564 1475 per
1592 1427 1801 1477 Venetias,

79 1478 287 1516 Ylliricum
310 1484 349 1515 et
369 1477 625 1523 Pannonias,
651 1478 853 1516 Sarmatas
876 1477 995 1524 adiit,
1020 1477 1155 1528 ibique
1181 1476 1231 1529 [a.
1255 1479 1381 1518 1488.
1396 1512 1423 1519 ..
1439 1480 1574 1533 1490]
1605 1489 1802 1524 astrorum

78 1534 211 1572 studio
233 1534 412 1580 vacavit,
445 1539 692 1585 praeceptore
713 1533 883 1571 Alberto
906 1534 1030 1571 Bruto
1060 1547 1168 1572 usus.
1226 1534 1265 1571 A
1285 1538 1619 1587 peregrinatione
1641 1539 1799 1579 Sarma-

77 1591 155 1628 tica
184 1590 347 1628 rediens
368 1590 565 1628 Friderici
588 1590 760 1628 Saxonis
793 1590 905 1628 ducis
926 1590 1243 1628 familiaritatem
1272 1599 1431 1640 nactus,
1466 1595 1579 1633 cuius
1610 1609 1731 1635 suasu
1762 1605 1801 1636 et

79 1647 200 1684 ductu
222 1660 412 1684 coronam
433 1648 631 1697 poeticam
653 1660 676 1684 a
699 1646 857 1684 Caesare
878 1647 1042 1693 meruit,
1075 1647 1204 1685 aetatis
1227 1660 1308 1684 suae
1329 1662 1437 1687 anno
1458 1656 1607 1689 XXX110.
1631 1654 1798 1703 primus-

76 1716 154 1754 que
177 1704 262 1741 eius
286 1703 494 1753 dignitatis
516 1703 678 1740 titulum
701 1708 740 1740 et
760 1703 937 1753 insignia
958 1703 1066 1754 apud
1091 1703 1316 1742 Germanos
1339 1707 1475 1756 gessit.
1526 1706 1798 1758 Quamobrem

75 1760 127 1797 ad
147 1760 518 1810 peregrinationem
539 1773 674 1797 rursus
696 1773 925 1805 conversus,
949 1760 1061 1797 cuius
1084 1760 1339 1799 avidissimus
1363 1762 1547 1801 discendi
1563 1766 1694 1815 gratia
1712 1768 1796 1805 fue-

74 1822 154 1862 rat,
185 1822 311 1853 totam
333 1815 593 1854 Germaniam
623 1821 663 1853 et
691 1816 776 1854 eius
797 1828 850 1854 xv
871 1815 1034 1867 publica
1062 1817 1276 1868 gymnasia
1303 1819 1577 1868 perlustravit.
1635 1821 1795 1862 Primus

74 1873 214 1923 patriae
234 1873 384 1923 linguae
415 1885 497 1909 suae
525 1873 717 1910 terminos
746 1872 799 1910 ad
828 1878 1018 1923 quattuor
1038 1873 1168 1911 latera
1190 1875 1416 1925 conspexit,
1450 1875 1690 1928 Primusque
1713 1880 1792 1918 010-

73 1930 281 1979 quentiam
320 1929 563 1975 Romanam,
604 1934 800 1979 quantum
832 1928 1036 1967 Germano
1074 1929 1229 1966 homini
1268 1944 1520 1979 concessum,
1562 1947 1650 1971 cum
1686 1936 1792 1974 rudi-

72 1986 217 2023 mentis
241 1985 391 2023 Graecae
412 1985 561 2035 linguae
584 1985 625 2022 in
649 1984 909 2023 Germaniam
931 1985 1085 2031 retulit,
1109 1986 1296 2033 vivendi,
1320 1987 1535 2038 loquendi,
1560 1990 1791 2042 intelligen-

74 2042 195 2092 dique
217 2047 419 2092 praecepta
441 2041 591 2079 (locens
615 2047 654 2078 et
674 2041 863 2087 scribens,
887 2041 1012 2079 multa
1033 2042 1230 2079 varietate
1252 2056 1384 2081 rerum
1407 2051 1445 2082 et
1467 2046 1706 2096 opinionum
1723 2061 1790 2086 ve-

70 2105 201 2135 terum
230 2098 472 2149 sapientum.
533 2097 690 2135 Primus
722 2098 936 2135 comoedias
969 2104 1008 2135 et
1037 2098 1255 2148 tragoedias
1287 2100 1328 2136 in
1360 2100 1534 2151 publicis
1555 2103 1658 2141 aulis
1681 2111 1788 2143 vete-

71 2168 158 2191 rum
189 2167 297 2191 more
329 2154 423 2204 egit.
485 2153 650 2192 Statura
688 2160 773 2193 erat
812 2154 1023 2200 mediocri,
1065 2168 1232 2205 corpore
1270 2155 1471 2204 obesiore,
1511 2159 1615 2197 facie
1655 2161 1788 2200 claris-

69 2211 186 2257 sima,
221 2210 490 2248 candentibus
522 2211 645 2248 oculis
678 2216 717 2249 et
748 2210 1064 2261 grandiusculiS,
1098 2224 1167 2249 ore
1193 2212 1356 2260 decoro,
1391 2214 1472 2265 pilo
1502 2215 1603 2263 leni,
1637 2231 1727 2255 raro
1751 2226 1790 2257 et

159 2344 214 2384 10)
229 2344 273 2376 (10
292 2343 497 2385 scriptorib.
513 2344 599 2378 eccl.
615 2354 649 2385 p.
663 2345 738 2377 390.
772 2343 817 2375 cf.
838 2342 1004 2386 Catalog.
1022 2344 1153 2379 illustr,
1173 2345 1256 2380 virr.
1275 2357 1308 2387 p.
1325 2347 1399 2379 174.
1416 2347 1508 2390 Opp.
1531 2349 1703 2383 Ff.1601.
1725 2352 1786 2384 fol.

157 2404 251 2442 part.
270 2401 295 2435 Ι,
343 2401 385 2432 In
399 2400 593 2432 Trithemii
610 2400 740 2431 Chron.
754 2400 927 2442 Hirsaug,
943 2400 999 2433 ed.
1017 2399 1052 2434 S.
1067 2398 1164 2432 Galli
1182 2402 1281 2434 1690.
1300 2402 1362 2435 fol.
1382 2406 1464 2435 tom.
1479 2405 1527 2437 ΙΙ.
1545 2416 1578 2447 p.
1592 2406 1668 2442 636,
1688 2408 1733 2439 ad
1753 2419 1784 2440 a.

158 2457 253 2488 1508.
273 2456 425 2497 legitur:
443 2456 575 2496 „Anno
592 2456 741 2488 Ioannis
755 2453 983 2499 [Trithemii]
1000 2457 1144 2488 abbatis
1160 2455 1368 2501 [Hirsaug]
1385 2461 1522 2501 quinto,
1539 2461 1665 2495 indict.
1684 2463 1784 2497 Rom.

156 2523 206 2543 XI.
225 2513 261 2543 in
279 2512 457 2554 principio
474 2513 606 2544 mensis
620 2512 813 2544 Februarii
831 2514 992 2544 mortuus
1011 2516 1066 2544 est
1080 2513 1230 2546 Viennae
1247 2514 1285 2546 in
1301 2514 1452 2548 Austria
1467 2516 1654 2550 Conradus
1670 2519 1784 2553 Celtis

157 2568 360 2608 Protucius,
380 2571 485 2609 poeta
500 2567 700 2609 laureatus,
719 2568 775 2600 vir
791 2568 828 2599 in
846 2568 980 2601 litteris
997 2569 1234 2601 humanitatis
1253 2570 1348 2602 haud
1367 2572 1593 2606 mediocriter
1610 2575 1781 2618 eruditus,

155 2624 295 2656 Graecae
315 2624 450 2666 linguae
468 2634 540 2656 non
562 2624 730 2666 ignarus,
755 2627 792 2656 et
809 2625 1003 2657 Hebraeam
1029 2625 1167 2657 callens
1190 2626 1227 2657 in
1250 2630 1374 2667 parte,
1399 2628 1548 2661 natione
1568 2630 1781 2673 Germanus,

154 2681 273 2723 patria
291 2680 457 2711 Francus
475 2680 676 2713 Orientalis
695 2691 737 2713 ex
754 2680 930 2722 WVupfeld
947 2691 1058 2723 prope
1082 2682 1324 2714 Schweinfurt
1343 2683 1531 2725 oriundus,
1557 2687 1615 2727 qui
1634 2689 1782 2731 scripsit

154 2737 255 2769 vario
279 2735 477 2768 carminum
498 2747 631 2777 genere
650 2747 689 2768 1v
707 2747 778 2769 non
796 2747 918 2779 parvae
936 2737 1107 2769 lectionis
1125 2738 1367 2771 volumina...
1385 2742 1421 2771 ct
1439 2741 1605 2781 quaedam
1623 2743 1699 2776 alia
1716 2747 1779 2777 mi-

152 2803 241 2824 nora
259 2792 436 2834 prosaice,
456 2801 602 2833 quorum
621 2792 749 2824 titulos
769 2793 1022 2825 annotavimus
1041 2793 1076 2824 in
1095 2793 1155 2826 lib.
1171 2797 1294 2826 nostro
1313 2795 1356 2827 de
1375 2805 1461 2832 scrr.
1478 2798 1568 2833 eccl.
1589 2802 1625 2831 et
1641 2800 1715 2833 alio
1735 2802 1778 2834 de

152 2848 357 2881 Germanis.
394 2849 497 2880 Vixit
515 2848 617 2880 annis
634 2850 688 2881 46.
710 2846 831 2890 [immo
849 2849 940 2880 vixit
957 2859 1070 2882 annos
1087 2848 1144 2892 49]
1168 2853 1202 2881 et
1220 2852 1239 2882 3
1258 2851 1402 2893 diebus,
1424 2853 1461 2884 in
1478 2854 1650 2888 Ecclesia
1668 2858 1776 2890 Vien-

150 2905 255 2936 nensi
273 2903 475 2946 sepultus.“
570 2904 624 2944 11)
644 2904 838 2936 Trithemii
859 2915 938 2935 cum
956 2904 1061 2937 Celte
1086 2905 1352 2940 famiIIaritatis
1370 2913 1514 2951 gratum
1530 2913 1777 2947 testimonium

153 2964 209 2993 est
230 2960 330 2992 illius
355 2960 400 2992 ad
422 2960 517 2992 hunc
540 2960 733 3002 Herbipoli
759 2960 791 2992 d.
812 2963 841 2992 1.
859 2960 926 2992 Iul.
946 2971 980 2993 a.
1003 2962 1100 2996 1507.
1119 2962 1256 3004 scripta
1281 2964 1389 3005 epist.
1408 2965 1446 2997 in
1462 2966 1579 3002 Trith.
1600 2968 1691 3012 Opp.
1717 2971 1776 3002 Ff.

153 3017 249 3052 1601.
268 3016 330 3049 fol.
348 3019 442 3059 part.
457 3016 504 3050 II.
523 3028 557 3059 p.
571 3017 648 3050 545.
663 3027 716 3058 sq.
802 3016 858 3057 12)
876 3016 932 3051 Cf.
947 3016 1087 3050 Krabbe
1103 3018 1197 3051 Um'v.
1213 3020 1360 3053 Rostock
1377 3022 1474 3058 1854.
1492 3021 1538 3058 8⁰.
1558 3035 1590 3065 p.
1607 3026 1682 3058 256.
1696 3037 1774 3070 sqq.
