2119 3522
743 205 919 228 COPVLATA
944 219 951 227 .
966 220 973 228 .
988 219 995 228 .
1022 205 1162 228 CORDVS.
1713 189 1806 233 349

95 318 130 356 ei
163 318 372 355 commissa
403 324 442 355 et
465 317 607 355 Galliae
638 320 724 368 regi
753 319 969 357 Francisco
991 321 1025 357 Ι.
1049 335 1085 360 a.
1113 322 1231 360 1530.
1257 320 1546 358 archimedicos
1567 320 1723 359 Arabes
1755 328 1805 368 et,

93 381 136 411 ut
165 374 253 411 illos
290 375 466 411 vocitare
496 374 669 421 solebat,
711 375 1034 414 latinobarbaros
1065 376 1310 423 eliminaret,
1345 390 1563 428 eorumque
1603 379 1645 415 in
1676 378 1808 415 locum

94 429 254 467 Graecos
277 430 552 468 introduceret
582 436 620 467 et
650 430 769 468 editis
799 444 936 468 eorum
964 433 1220 471 versionibus
1249 431 1474 484 [praecipue
1506 433 1673 480 Galerii,
1704 434 1806 484 Hip-

91 487 264 536 pocratis
293 499 339 523 ac
366 486 485 524 Pauli
513 483 742 537 Aeginetae]
773 487 991 525 familiares
1028 489 1124 526 artis
1153 489 1319 526 medicae
1353 489 1573 527 cultoribus
1602 490 1805 528 redderet.

91 542 241 592 Magna
272 543 445 579 nominis
477 541 711 579 celebritate
742 543 899 581 vixerat
933 544 1064 582 adhuc
1094 545 1167 582 sub
1198 544 1406 582 Ludovico
1435 545 1535 582 XII.
1568 552 1606 583 et
1635 546 1806 584 Lutetiae

92 598 198 635 diem
229 598 340 638 obiit.
362 599 413 635 .“.
462 597 715 636 Ludovicum
735 598 835 635 XII.
860 599 897 637 d.
918 601 953 637 1.
971 600 1059 639 Ian.
1080 614 1115 638 a.
1137 601 1257 638 1515.
1281 600 1427 638 obiisse
1449 615 1566 639 nemo
1589 603 1733 649 nescit,
1769 608 1807 640 et

90 654 177 704 ipse
194 654 421 704 Herzogius
443 654 563 704 paulo
591 661 685 692 ante
707 655 922 705 scripserat
940 655 1094 706 Copum
1110 657 1327 693 Francisco
1350 657 1383 694 I.
1407 669 1514 694 anno
1540 659 1659 696 1530.
1677 658 1804 695 archi-

89 716 220 748 atrum
249 710 374 748 fuisse
406 710 681 748 constitutum.
743 709 932 749 Ceterum
954 711 1057 762 Copi
1079 712 1340 750 emortualem
1370 713 1476 750 diem
1504 727 1707 752 annumve
1735 727 1803 751 ne-

90 779 168 816 que
200 766 388 817 equidem
419 765 552 804 adhuc
583 767 767 816 cognovi.

89 861 286 901 CORDVS,
319 855 500 892 Euritius
522 855 674 902 Ritius,
708 855 1018 893 Simeshusanus
1047 855 1202 893 Hessus
1235 854 1354 904 (falso
1382 857 1551 907 Belgam
1580 857 1678 894 dicit
1698 857 1802 895 Pan-

86 908 282 960 taleon¹),
311 911 375 948 cui
397 924 446 948 ex
467 910 646 949 Henrico
667 912 875 949 Mutianus
896 911 1049 949 Euricii
1070 912 1155 949 sive
1177 912 1361 950 breviore
1383 913 1510 950 forma
1530 913 1636 950 Rieii
1656 926 1804 951 nomen

86 967 200 1012 fecit,
232 968 318 1017 ipse
342 966 466 1004 Cordi
496 980 645 1004 nomen
677 967 917 1018 adsumpsit,
951 968 1060 1018 quod
1091 974 1182 1018 post
1212 974 1367 1018 septem
1396 968 1540 1006 fratres
1563 974 1602 1006 et
1623 969 1803 1019 quinque

85 1036 241 1061 sorores
282 1029 458 1060 extremo
491 1030 608 1073 partu
638 1025 777 1062 matris
809 1024 942 1062 editus
980 1024 1126 1063 fuerat.
1186 1024 1333 1062 Errare
1372 1038 1438 1061 eos
1477 1025 1546 1075 qui
1579 1024 1701 1062 Cordi
1733 1039 1802 1062 no-

85 1093 177 1116 men
209 1079 407 1116 familiare
438 1080 562 1117 fuisse
594 1082 796 1117 Ebermein
826 1081 1093 1130 scripserunt,
1127 1086 1167 1118 et
1197 1081 1266 1131 qui
1288 1080 1511 1118 Henricum
1542 1094 1572 1118 s.
1596 1081 1803 1118 Eurieium

84 1134 295 1173 Urbanum
325 1149 413 1173 cum
436 1134 568 1173 Cordo
601 1136 777 1174 eundem
806 1136 1010 1174 hominem
1041 1137 1163 1174 fuisse
1194 1142 1407 1187 putarunt,
1442 1143 1548 1175 recte
1581 1137 1804 1188 disputavit

84 1190 318 1229 Krausius2.
378 1191 548 1229 Eobano
578 1192 709 1230 Hesso
740 1192 1007 1243 Huttenoque
1038 1193 1174 1243 paullo
1206 1193 1334 1231 maior
1367 1192 1522 1230 Cordus
1554 1193 1649 1240 fuit,
1684 1199 1802 1231 natus

84 1261 119 1285 a.
147 1245 306 1293 1486.³,
355 1248 591 1298 parentibus
632 1249 776 1285 infimae
815 1249 978 1299 quidem
1017 1249 1285 1296 condicionis,
1330 1249 1509 1287 honestis
1549 1254 1686 1288 tamen
1727 1263 1802 1287 nec

83 1303 329 1354 pauperibus
351 1304 525 1350 rusticis,
560 1317 634 1341 nec
654 1305 872 1342 liberorum
894 1304 1176 1343 educationem
1197 1305 1525 1355 neglegentibus.
1582 1306 1802 1357 Postquam

83 1373 106 1396 a
138 1360 291 1397 decimo
331 1361 458 1397 aetatis
497 1374 605 1397 anno
638 1361 839 1398 Henricus
870 1361 1182 1411 Frankenbergi
1221 1362 1384 1399 Horlaeo
1420 1368 1667 1411 praeceptore
1706 1376 1800 1399 usus

82 1416 234 1463 fuerat,
268 1417 424 1453 iuvenis
457 1430 618 1466 operam
651 1417 918 1467 philosophiae
952 1417 1083 1463 dedit,
1125 1424 1209 1454 tum
1240 1417 1355 1463 alibi,
1389 1424 1473 1454 tum
1504 1418 1678 1463 Erfurti,
1713 1432 1800 1455 cum

82 1473 219 1522 primis
259 1486 397 1510 amans
436 1474 632 1523 poetices,
674 1486 794 1523 quam
827 1474 983 1510 felicius
1023 1473 1234 1511 excolebat
1268 1473 1391 1511 Cordi
1429 1474 1636 1524 popularis
1667 1474 1799 1511 Eoba·

83 1542 156 1565 nus
178 1529 345 1566 Hessus.
396 1542 483 1566 cum
515 1529 781 1580 philosophiae
813 1530 1024 1566 coniunxit
1054 1529 1264 1567 medicinae
1296 1530 1484 1569 studium.
1536 1531 1678 1580 poesin
1710 1544 1799 1580 pro-

81 1584 210 1622 fessus
243 1591 302 1622 cst
322 1585 471 1635 Lipsiae
495 1598 531 1622 a.
553 1586 843 1623 1514...1516.
894 1585 1085 1623 Bucolica
1109 1585 1232 1623 Cordi
1262 1586 1503 1636 prodierunt
1533 1587 1702 1636 primum
1726 1587 1800 1623 Er-

81 1640 221 1678 fordiae
252 1655 288 1678 a.
311 1642 429 1681 1514.
450 1641 514 1679 die
536 1655 575 1679 x,
598 1640 683 1681 Cal.
707 1642 817 1688 Iun.,
855 1648 940 1679 tum
962 1642 1110 1692 Lipsiae
1142 1656 1177 1682 a.
1201 1643 1319 1679 1518.
1370 1642 1509 1692 Lipsia
1540 1642 1680 1679 relicta
1711 1648 1801 1693 post

79 1696 242 1735 brevem
265 1696 544 1735 Cassellanum
575 1704 818 1736 rectoratum
848 1698 969 1736 rediit
997 1698 1289 1749 Erphordiam,
1323 1698 1391 1735 11111
1423 1712 1458 1736 a.
1480 1700 1599 1736 1517.
1627 1712 1797 1749 sequen—

78 1753 159 1791 tive
190 1759 321 1791 rector
350 1753 495 1791 seholae
517 1754 711 1792 Marianae
741 1755 869 1792 factus
896 1760 966 1791 est.
1028 1755 1220 1792 Erasmus
1244 1754 1281 1791 d.
1304 1756 1367 1792 17.
1386 1754 1486 1805 Apr.
1505 1769 1541 1792 a.
1565 1756 1680 1794 1519.
1704 1756 1796 1792 scri-

78 1809 154 1847 bit:
188 1839 232 1856 „.
255 1841 262 1848 .
287 1809 408 1860 Quod
429 1810 630 1848 Erfordiae
661 1811 802 1849 ludum
832 1811 1056 1848 literarium
1087 1812 1239 1861 aperis,
1272 1816 1316 1847 ut
1344 1811 1444 1849 felix
1469 1811 1725 1862 faustumque
1747 1812 1798 1848 sit

76 1879 230 1915 precor.
254 1866 502 1904 academiam
529 1867 663 1904 multis
695 1867 924 1904 nominibus
957 1867 1156 1905 celebrem
1187 1867 1333 1904 reddes
1365 1867 1565 1904 industria
1596 1873 1666 1905 tua
1694 1868 1797 1905 eele-

78 1921 262 1960 briorem.
283 1952 290 1959 .
311 1952 319 1959 .
359 1923 481 1972 Quod
507 1925 540 1960 si
562 1938 623 1961 me
646 1924 806 1969 audies,
840 1923 929 1973 plus
953 1937 1085 1974 operae
1107 1937 1239 1961 sumes
1262 1925 1303 1960 in
1326 1923 1602 1973 propagandis
1635 1925 1796 1974 optimis

77 1978 303 2029 disciplinis
334 1992 454 2029 quam
484 1980 527 2016 in
559 1980 796 2017 refellendis
828 1980 970 2017 harum
1000 1980 1195 2018 hostibus.
1218 2010 1254 2017 ..
1306 1979 1521 2016 Eobanum
1559 1979 1633 2016 aevi
1668 1981 1797 2017 nostri

75 2034 297 2081 Nasonem,
330 2035 404 2072 sed
435 2042 589 2073 castum
619 2050 665 2073 ac
686 2037 814 2086 pium,
848 2036 946 2073 meis
968 2036 1101 2073 verbis
1123 2036 1320 2074 salutabis
1344 2036 1575 2085 diligenter.
1595 2036 1632 2072 .“
1682 2036 1797 2073 Inter

74 2090 375 2128 Reuchlinistas
413 2098 672 2129 enumeratur
713 2092 932 2143 ‘Eurycius
972 2091 1186 2138 Cordus’⁷'‚
1239 2105 1358 2142 quem
1402 2092 1597 2129 honorem
1633 2105 1706 2129 sua
1743 2092 1795 2130 ad

74 2147 346 2184 Reuchlinum
376 2146 570 2198 epistola6
592 2148 667 2185 sibi
690 2161 942 2198 comparasse
963 2148 1137 2186 videtur.
1197 2148 1373 2186 Ineunte
1405 2161 1514 2186 auno
1540 2148 1660 2185 1521.
1684 2147 1793 2186 Stur—

74 2203 196 2249 cium,
238 2204 280 2241 in
312 2204 424 2241 cuius
457 2205 673 2241 amicitiam
704 2218 811 2241 anno
843 2211 938 2242 ante
968 2211 1155 2251 venerat,
1196 2205 1237 2241 in
1267 2204 1428 2242 Italiam
1466 2204 1518 2242 ad
1548 2217 1721 2242 summos
1753 2206 1795 2242 in

74 2264 158 2296 arte
196 2260 351 2297 medica
388 2260 563 2298 honores
602 2260 912 2311 consequendos
959 2261 1185 2311 profectum
1230 2261 1441 2298 comitatus
1488 2266 1548 2298 est
1594 2259 1792 2309 Cordus⁷;

74 2315 190 2352 ambo
223 2316 365 2353 eadem
397 2316 596 2366 dignitate
628 2318 760 2355 ornati
791 2323 902 2363 sunt,
942 2324 982 2354 et
1013 2316 1168 2355 Cordus
1201 2317 1363 2367 quidem
1394 2330 1417 2354 a
1448 2316 1615 2354 Nicolao
1646 2317 1794 2355 Leoni-

74 2384 188 2409 ceno.
247 2372 311 2409 Ex
335 2373 453 2411 Italia
483 2379 648 2424 propter
675 2386 827 2411 morum
855 2374 1163 2424 perversitatem
1190 2373 1267 2410 sibi
1289 2386 1450 2410 exosam
1472 2378 1562 2423 post
1584 2372 1795 2410 dimidium

75 2428 159 2466 fere
190 2442 342 2467 annum
375 2429 534 2467 domum
564 2443 748 2468 reversus
776 2429 905 2468 tribus
928 2431 1261 2481 epigrammatum
1281 2429 1396 2467 libris
1418 2443 1453 2467 a.
1480 2430 1600 2467 1517.
1619 2430 1793 2467 011520.

165 2583 197 2624 1)
224 2583 375 2616 Scilicet
399 2587 472 2617 tres
496 2584 606 2617 viculi
624 2585 852 2618 Sz‘mlslzausen
877 2585 922 2617 ad
947 2585 1103 2618 rivulum
1131 2586 1191 2627 qui
1208 2585 1357 2618 Bestava
1380 2585 1587 2617 nominatur
1609 2585 1674 2617 siti
1696 2588 1791 2626 sunt,

164 2639 256 2671 unde
282 2651 348 2682 per
373 2639 551 2682 duplicem
578 2653 733 2674 errorem
760 2641 925 2674 Batavum
952 2645 988 2673 et
1013 2644 1085 2673 tum
1105 2642 1244 2683 Belyam
1271 2641 1405 2673 fecisse
1432 2640 1585 2672 Cordum
1611 2641 1793 2674 videntur.

164 2695 199 2736 2)
228 2696 384 2728 Euricius
403 2697 544 2730 Cordus.
586 2698 673 2729 Eine
691 2697 796 2739 biogr.
815 2697 932 2729 Skz‘zze
955 2709 1017 2730 von
1035 2698 1117 2729 Carl
1133 2698 1280 2729 Krause.
1308 2697 1422 2729 Marb.
1442 2698 1537 2732 1863,
1555 2696 1601 2729 8⁰.
1621 2708 1654 2739 p.
1669 2699 1701 2729 2.
1716 2708 1792 2740 sqq.

162 2752 197 2792 3)
225 2751 314 2783 Cum
331 2752 633 2794 Botanologicum
653 2765 684 2785 a.
705 2754 800 2785 1533.
821 2753 1013 2793 scriberet,
1033 2753 1350 2795 quadragesimum
1369 2756 1536 2785 octavum
1554 2753 1626 2784 iam
1646 2758 1724 2786 erat
1743 2755 1794 2786 in-

163 2818 320 2849 gressus.
353 2808 490 2840 Krazcse
509 2819 541 2850 p.
559 2811 590 2843 2,
717 2809 752 2851 4)
778 2809 918 2841 Erasmi
945 2821 1024 2852 epp.
1056 2811 1095 2842 L.
1116 2810 1155 2843 B.
1178 2811 1274 2842 1706.
1304 2809 1362 2842 fol.
1391 2814 1439 2841 11⁰.
1458 2819 1600 2842 cccclv.
1626 2810 1695 2846 001,
1713 2812 1791 2843 428.

162 2864 196 2904 5)
222 2865 325 2899 Hutt.
346 2865 437 2907 Opp.
455 2866 480 2896 I.
502 2876 534 2907 p.
555 2867 629 2897 131.
650 2876 679 2897 v.
692 2873 735 2897 35.
842 2866 875 2906 6)
903 2876 982 2907 quae
1009 2876 1120 2908 supra
1144 2876 1178 2907 p.
1198 2866 1271 2897 136.
1291 2876 1384 2898 anno
1407 2866 1499 2898 1515.
1520 2865 1706 2908 adscripta
1725 2870 1792 2907 est,

163 2923 237 2951 tum
257 2924 376 2953 autem
394 2932 428 2963 p.
444 2922 519 2953 156.
539 2931 632 2953 anno
654 2922 748 2953 1517.
764 2922 886 2963 potius
906 2922 1178 2953 adscribendam
1197 2932 1277 2953 esse
1296 2921 1597 2964 significavimus.
1693 2924 1725 2963 7)
1745 2923 1792 2955 cf.

162 2976 264 3012 Hutt.
283 2977 376 3019 Opp.
391 2978 438 3012 II.
458 2987 491 3019 p.
509 2978 561 3010 51.
581 2978 644 3010 ubi
662 2977 706 3009 ad
726 2977 972 3010 Camerarium
999 2976 1215 3018 ‘Coloniae'‚
1240 2981 1279 3009 ut
1302 2978 1459 3019 videtur,
1487 2989 1530 3013 111.
1550 2978 1632 3021 Apr.
1653 2979 1792 3021 scripta

163 3032 323 3073 epistula
351 3033 496 3075 legitur.
