2119 3522
575 209 625 230 ΕΡ.
641 206 664 230 1.
696 208 830 231 THOMAS
855 208 1208 233 LANGSGHNEYDERIVS
1232 210 1390 233 ORTVINO.
1748 192 1844 238 519

125 266 210 309 Pag.
231 264 266 300 3.
1524 269 1610 312 Pag.
1625 271 1655 301 3.
1674 281 1726 302 vv.
1740 277 1845 302 2...23.

128 324 167 354 12
193 320 393 354 dominatio
417 321 554 364 vestra]
587 320 628 353 ut
658 319 768 353 hodie
800 319 1018 355 Germanice
1053 333 1102 355 an
1132 321 1510 366 Ew.W07219e002-en.·
1548 334 1635 357 nam
1667 323 1846 359 maiorem

214 375 438 421 dignitatem
460 376 646 421 significat
662 375 739 409 Ew.
754 375 1019 419 Heri-liebherr,
1048 378 1091 411 ut
1114 377 1269 422 Anglice
1294 389 1386 423 your
1410 379 1584 422 lordship,
1633 379 1752 414 Huius
1773 380 1846 415 loci

214 442 287 466 11011
305 433 361 466 est
377 432 549 466 vocabuli
576 431 782 465 ‘dominus'
808 431 1000 466 historiam
1018 432 1128 466 altius
1145 434 1333 478 repetere,
1362 435 1400 469 et
1417 435 1504 469 satis
1522 436 1651 470 notum
1677 437 1732 470 est
1748 436 1846 481 ipsos

213 487 398 522 Romanos
414 488 481 522 sub
499 487 784 532 imperatoribus
802 487 979 521 adulandi
996 488 1162 522 formulis
1182 490 1396 533 ‘aeteriiitas,
1411 491 1618 534 beatitudo,
1634 492 1844 535 clementia,

213 543 404 586 divinitas,
431 543 617 586 dominus,
644 543 883 585 excellentia,
908 544 1185 587 immortalitas,
1211 546 1506 590 magnificentia,
1533 547 1724 590 maiestas,
1744 560 1844 583 mau-

213 600 386 642 suetudo,
405 610 560 642 numen,
580 599 786 642 oraculum,
805 599 1059 643 providentia,
1080 601 1269 643 sanctitaS,
1290 603 1483 645 serenitas,
1503 603 1729 638 sublimitas’
1749 604 1844 639 aliis-

212 667 284 700 que
302 656 498 698 similibus,
525 655 711 700 praecipue
730 655 940 698 adiectivis,
966 666 1176 690 sermonem
1194 656 1367 691 Latinum
1386 659 1659 703 coinquinasse,
1680 659 1844 695 domina-

210 712 395 756 tionisque
425 711 535 746 titulo
566 711 763 746 honorario
788 712 862 746 iam
880 710 1075 746 Francicos
1098 723 1206 757 reges
1227 724 1312 748 usos
1336 725 1423 749 esse.
1454 715 1508 749 ita
1531 726 1605 750 11011
1629 716 1765 750 mirum
1791 718 1847 752 est

209 768 474 813 posterioribus
498 767 639 802 saeculis
662 768 743 801 tum
767 767 916 802 illorum
939 768 1131 802 nominum
1154 770 1301 813 partem
1326 771 1440 804 etiam
1464 771 1701 806 inferioribus
1726 773 1845 818 digni-

209 825 349 859 tatibus
373 824 608 866 attributam,
635 824 714 857 tum
737 834 853 858 novos
880 823 1096 858 honorarios
1113 825 1241 859 titulos
1259 825 1480 861 adinventos
1499 838 1593 870 esse,
1622 829 1663 863 ut
1689 840 1718 863 e.
1737 842 1789 875 gr.
1807 831 1845 864 111

210 881 266 915 his
284 880 450 925 epistolis
467 879 606 925 legitur
636 880 777 914 ‘vestra
801 880 1040 925 egregitudo,
1067 881 1277 923 eximietas,
1302 882 1584 927 magistralitaS,
1611 896 1677 919 sua
1693 886 1844 920 sanctis<

210 937 380 972 simitas’.
427 937 471 971 cf.
489 936 568 970 Ind.
587 936 687 970 verb.
706 947 784 971 voc.
802 936 945 971 Vester.
1002 936 1094 978 Quid
1123 937 1222 981 quod
1247 937 1357 972 hodie
1389 939 1449 973 vel
1480 941 1700 975 mercenarii
1732 943 1844 986 atquc

208 993 463 1028 mendicantes
486 992 631 1027 Horren
655 992 902 1037 adpellantur.

123 1055 160 1085 13
185 1062 260 1084 uon
276 1050 353 1083 volo
372 1050 452 1093 etc]
490 1048 577 1083 Haec
603 1048 794 1084 modestiae
820 1049 1140 1093 observantiaeque
1166 1049 1308 1094 species
1333 1050 1546 1096 detegendo
1565 1053 1687 1097 aperit
1705 1054 1742 1088 et
1758 1056 1843 1088 scri-

206 1105 323 1150 ptoris
348 1106 386 1139 et
409 1106 487 1140 eius
511 1105 558 1140 ad
581 1116 692 1149 quem
722 1105 896 1140 scribitur
915 1116 1048 1139 vanam
1066 1106 1111 1140 de
1137 1117 1174 1140 se
1201 1106 1426 1151 opinionem.
1476 1106 1631 1142 Obscuri
1655 1110 1770 1144 nostri
1797 1112 1843 1145 ad

207 1172 371 1207 unguem
394 1172 510 1206 usque
535 1161 743 1196 consimiles
767 1172 894 1196 eorum
916 1161 1222 1207 philosophorum
1251 1162 1441 1206 videntur,
1475 1163 1520 1198 de
1546 1165 1680 1208 quibus
1698 1177 1755 1210 ap.
1774 1166 1843 1200 Lu-

208 1218 300 1252 cian.
318 1218 425 1252 mort.
444 1217 530 1252 dial.
551 1221 602 1252 10.
615 1216 837 1252 Mercurius:
870 1217 1056 1263 „Depone
1076 1219 1117 1252 tu
1135 1219 1305 1253 habitum
1323 1219 1502 1264 primum,
1523 1221 1601 1254 tum
1619 1221 1691 1256 ista
1708 1223 1841 1258 omnia.

208 1274 366 1319 Iupiter!
392 1274 571 1318 quantam
587 1274 736 1308 inanem
754 1274 1042 1308 ostentationem
1069 1274 1184 1319 gerit,
1211 1276 1390 1319 quantam
1407 1276 1608 1320 inscitiam,
1637 1279 1675 1312 et
1696 1278 1840 1313 rixandi

206 1330 416 1372 libidinem,
444 1330 482 1364 et
498 1340 632 1363 vanam
651 1330 824 1374 gloriam,
852 1330 1073 1374 quaestiones
1090 1331 1307 1376 impeditaS,
1333 1332 1604 1377 disputationes
1622 1334 1786 1379 spinosas
1805 1337 1843 1370 ct

206 1386 407 1421 sententias
430 1385 608 1430 perplexe
632 1386 836 1427 involutas3
868 1387 982 1420 immo
1007 1387 1120 1421 etiam
1144 1387 1315 1421 inutilem
1344 1387 1512 1423 laborem
1535 1390 1644 1424 valde
1668 1391 1838 1433 multum,

205 1454 394 1488 nugasque
420 1453 494 1477 non
519 1453 656 1487 paucas
674 1443 712 1477 et
735 1442 952 1486 quisquilias
976 1454 1017 1476 ac
1035 1443 1196 1477 minutas
1215 1443 1580 1488 disceptatiunculas.
1613 1447 1701 1489 quin
1721 1448 1757 1481 ct
1774 1460 1842 1491 por

204 1498 338 1533 Iovem
354 1499 565 1533 nummulos
587 1499 676 1533 istos
699 1509 846 1541 aureos,
875 1499 913 1532 et
928 1500 1111 1543 praeterea
1128 1499 1295 1533 suaviter
1311 1500 1463 1535 vivendi
1490 1501 1741 1546 voluptatem,
1775 1503 1840 1537 im-

204 1554 441 1600 pudentiam,
474 1555 584 1598 iram,
616 1555 746 1589 luxum
777 1556 816 1590 et
837 1555 1064 1590 mollitiem:
1091 1566 1212 1599 neque
1246 1555 1344 1590 enim
1368 1567 1427 1591 me
1456 1557 1608 1601 fallunt,
1642 1560 1840 1603 quantum-

205 1622 350 1655 cunque
373 1611 536 1646 studiose
560 1612 744 1657 praetegas
768 1622 822 1646 ea.
861 1612 942 1646 tum
965 1623 1075 1656 porro
1099 1611 1335 1646 mendacium
1361 1613 1506 1658 depone
1532 1614 1645 1659 atque
1670 1615 1839 1650 inflatam

204 1667 470 1713 arrogantiam,
497 1678 654 1713 eamque
679 1667 724 1702 de
748 1669 785 1703 te
810 1668 1022 1713 opinionem
1041 1668 1145 1712 quasi
1162 1668 1294 1703 melior
1311 1669 1358 1703 sis
1375 1669 1493 1704 aliis.‘⁴
1542 1669 1594 1705 Cf.
1612 1671 1694 1706 Ecc.
1714 1671 1837 1707 dedol.

204 1727 244 1766 ἓξ
263 1727 315 1759 78.
334 1735 410 1768 sqq.
427 1724 466 1758 in
486 1723 591 1759 Hutt.
611 1723 704 1769 Opp.
722 1724 788 1759 IV.
805 1737 840 1769 p.
860 1728 935 1760 532.

158 1781 315 1824 tentare]
342 1780 541 1824 quzerendo
568 1780 761 1825 explorare
787 1793 833 1816 an
859 1781 1049 1823 didiceris,
1077 1781 1336 1816 examinem-en.

116 1841 156 1871 14
179 1837 391 1872 cordialiter
415 1840 447 1871 et
471 1838 679 1881 affectuose]
714 1848 758 1872 ex
783 1838 914 1872 intimo
941 1838 1157 1882 sinceroque
1183 1838 1317 1873 animo.

115 1896 155 1927 15
172 1893 221 1927 rin
247 1893 393 1938 evaneo]
419 1891 551 1927 Matth.
569 1892 630 1927 IV.
652 1898 681 1928 7.
729 1893 815 1928 Luc.
834 1894 895 1928 IV.
916 1898 967 1928 12.

115 1953 155 1983 16
180 1949 370 1993 Salomon]
395 1948 645 1984 Ecclesiastici
669 1950 696 1985 I.
717 1954 744 1987 1.
786 1950 830 1985 ef.
848 1950 1024 1985 Proverb.
1042 1951 1087 1985 Π.
1106 1954 1136 1985 6.

115 2009 154 2040 19
181 2005 333 2040 dedistis
433 2005 641 2050 sapientiae]
671 2008 879 2051 praeceptor
903 2018 1007 2041 meus
1032 2007 1144 2041 fuisti.

157 2061 334 2105 quuendo
352 2061 513 2106 poetice]
538 2061 561 2096 i.
581 2073 610 2096 e.
628 2064 671 2097 ut
685 2063 818 2107 loquar
841 2075 866 2097 s.
884 2063 914 2097 si
937 2063 1027 2097 licet
1050 2063 1153 2107 loqui
1177 2063 1341 2108 poetice,
1368 2064 1511 2099 scilicet
1535 2065 1578 2099 ut
1601 2065 1627 2099 ii
1653 2078 1744 2110 quos
1764 2066 1835 2102 Ob-

202 2119 298 2152 scuri
321 2118 451 2162 poetas
475 2118 679 2154 nominant,
720 2119 764 2153 cf.
783 2119 830 2153 ad
849 2121 914 2153 7¹².

157 2177 205 2208 cst
231 2200 263 2208 ..
290 2175 438 2218 qaeestio
462 2175 514 2210 8ἱο
537 2175 768 2220 introducta]
799 2176 1012 2220 quaestionis
1036 2176 1229 2210 movendae
1256 2176 1397 2211 occasio
1423 2177 1500 2211 lunc
1527 2177 1607 2213 fuit.

111 2235 153 2264 ⁵20
179 2230 337 2274 dzcdmn]
364 2230 469 2273 olim,
496 2243 631 2276 nuper,
661 2243 722 2266 ror
746 2233 913 2276 ldngyercr
937 2233 1032 2267 Zez't.

154 2286 228 2329 fuit
253 2286 327 2331 hic]
355 2286 585 2322 celebratum
612 2289 668 2322 est
691 2288 834 2333 Lipsiae.

148 2343 354 2386 prandium
378 2343 514 2388 Arist]
544 2344 644 2388 quod
670 2355 691 2379 a
713 2345 870 2379 novellis
895 2345 1082 2391 magistris
1107 2345 1270 2380 dandum
1297 2346 1393 2389 erat,
1420 2347 1518 2381 unde
1544 2347 1653 2382 hodio
1681 2361 1830 2393 quoquc

196 2399 356 2444 prandia
386 2399 606 2443 doctoralia,
644 2401 709 2436 sed
741 2413 822 2446 quae
851 2413 925 2436 non
957 2402 1156 2445 debentur,
1193 2402 1330 2447 passim
1361 2402 1398 2437 in
1429 2415 1497 2437 usu
1530 2405 1624 2439 sunt.
1676 2404 1727 2439 Cf.
1751 2405 1830 2439 Ind.

197 2455 315 2500 biogr.
333 2467 368 2500 p.
387 2460 462 2491 445.
481 2458 547 2491 art.
565 2456 769 2492 Prandium
794 2458 1014 2493 Aristotelis.

107 2515 147 2545 21
174 2512 216 2546 in
238 2523 372 2557 mamea
396 2513 545 2558 laetitia]
572 2514 654 2549 cibo
679 2515 845 2559 potuque
872 2515 1018 2549 abunde
1045 2526 1081 2549 se
1108 2515 1307 2560 replentes

152 2579 212 2613 090
236 2568 296 2611 fui
320 2569 429 2603 etiam
454 2570 524 2614 ibi]
549 2570 628 2614 ipse
654 2581 801 2615 quoque
826 2571 990 2606 interfui.

109 2629 150 2658 22
175 2624 331 2669 ferculo]
357 2624 581 2660 ferculorum
606 2627 755 2661 nomine
780 2627 840 2661 hic
864 2639 937 2661 non
962 2627 1098 2673 singuli
1124 2627 1290 2662 ciborum
1315 2628 1445 2662 missus
1470 2629 1534 2663 sed
1560 2629 1647 2673 ipsas
1674 2629 1829 2674 singula}

195 2681 332 2725 patinae
358 2681 434 2716 sive
459 2682 584 2717 lances
608 2683 874 2728 significantur.

151 2737 195 2772 de
218 2737 428 2782 vealvatico]
460 2738 676 2784 Praepositio
711 2739 792 2774 ‘de’
819 2751 886 2784 pro
911 2740 1087 2785 genetivo
1112 2740 1280 2785 ponitur,
1308 2741 1350 2775 ut
1379 2741 1416 2774 111
1442 2741 1579 2786 linguis
1603 2742 1827 2778 Romanicis.

196 2793 239 2827 cf.
258 2805 310 2837 sq.
329 2805 421 2828 vers.
440 2798 492 2828 24.
510 2794 720 2839 multosque
751 2795 841 2829 alios
870 2796 1003 2830 harum
1025 2796 1118 2841 Epp.
1141 2796 1252 2831 locos.
1276 2796 1534 2840 Malvaticum,
1568 2798 1697 2832 vinum
1729 2798 1827 2834 Grae-

194 2861 294 2892 cum,
313 2849 527 2893 Mali-asser,
551 2851 631 2885 Ital.
646 2852 843 2896 malvayia,
861 2862 883 2885 a
900 2851 1037 2896 Napoli
1055 2852 1092 2886 di
1108 2852 1289 2887 Malvasia
1306 2853 1381 2888 sive
1399 2853 1655 2889 Monembasia
1672 2855 1824 2899 dictum,

194 2905 363 2950 quamvis
387 2917 461 2940 non
484 2906 523 2940 in
547 2907 628 2952 ipsa
652 2906 833 2942 Laconica
855 2909 1002 2951 natum,
1030 2908 1137 2943 dulce
1164 2909 1302 2944 vinum.

103 2966 146 2996 23
170 2963 349 3007 semellas]
382 2963 543 2998 simellas
561 2965 649 2998 672⁷.
675 2964 820 2999 simella
836 2982 879 2993 =
896 2965 1001 3009 panis
1027 2965 1250 3008 similaceus,
1283 2965 1452 3010 Semmel,
1485 2979 1530 3002 ex
1555 2968 1692 3012 simila,
1725 2972 1825 3014 σεμί-

194 3020 314 3059 δαλις.
354 3019 398 3053 cf.
419 3019 596 3065 Ducange
623 3021 706 3056 artt.
725 3020 901 3064 Semella,
930 3021 1097 3064 Simella,
1125 3020 1357 3058 Simenellus.
1396 3022 1487 3058 Diez
1505 3023 1594 3059 WB.
1613 3037 1646 3059 v.
1666 3024 1823 3060 Se'mola.
