<?xml version="1.0" encoding="UTF-8"?>
<!DOCTYPE html PUBLIC "-//W3C//DTD XHTML 1.0 Transitional//EN"
    "http://www.w3.org/TR/xhtml1/DTD/xhtml1-transitional.dtd">
<html xmlns="http://www.w3.org/1999/xhtml" xml:lang="en" lang="en">
 <head>
  <title>
</title>
<meta http-equiv="Content-Type" content="text/html;charset=utf-8" />
  <meta name='ocr-system' content='tesseract 3.04.00' />
  <meta name='ocr-capabilities' content='ocr_page ocr_carea ocr_par ocr_line ocrx_word'/>
</head>
<body>
  <div class='ocr_page' id='page_1' title='image "./operaquaereperir02huttuoft/operaquaereperir02huttuoft_0552.png"; bbox 0 0 2119 3522; ppageno 0'>
   <div class='ocr_carea' id='block_1_1' title="bbox 279 220 1463 266">
    <p class='ocr_par' dir='ltr' id='par_1_1' title="bbox 279 220 1463 266">
     <span class='ocr_line' id='line_1_1' title="bbox 279 220 1463 266; baseline -0.003 -8"><span class='ocrx_word' id='word_1_1' title='bbox 279 220 373 266; x_wconf 79' lang='grc'>538</span> <span class='ocrx_word' id='word_1_2' title='bbox 795 233 1057 257; x_wconf 71' lang='lat' dir='ltr'>comiENTAmvs</span> <span class='ocrx_word' id='word_1_3' title='bbox 1081 232 1126 254; x_wconf 84' lang='lat' dir='ltr'>AD</span> <span class='ocrx_word' id='word_1_4' title='bbox 1152 233 1223 254; x_wconf 81' lang='lat' dir='ltr'>EPP.</span> <span class='ocrx_word' id='word_1_5' title='bbox 1241 232 1271 254; x_wconf 92' lang='grc'><strong>0.</strong></span> <span class='ocrx_word' id='word_1_6' title='bbox 1288 233 1321 254; x_wconf 89' lang='lat' dir='ltr'>v.</span> <span class='ocrx_word' id='word_1_7' title='bbox 1345 233 1422 254; x_wconf 67' lang='lat' dir='ltr'>von.</span> <span class='ocrx_word' id='word_1_8' title='bbox 1440 233 1463 255; x_wconf 92' lang='lat'>1.</span> 
     </span>
    </p>
   </div>
   <div class='ocr_carea' id='block_1_2' title="bbox 278 295 1274 389">
    <p class='ocr_par' dir='ltr' id='par_1_2' title="bbox 278 295 1274 389">
     <span class='ocr_line' id='line_1_2' title="bbox 278 295 1274 389; baseline -0.007 -6"><span class='ocrx_word' id='word_1_9' title='bbox 278 295 596 389; x_wconf 35' lang='lat' dir='ltr'>{ggiicffi-mehd</span> <span class='ocrx_word' id='word_1_10' title='bbox 624 345 675 380; x_wconf 86' lang='lat' dir='ltr'>Cf.</span> <span class='ocrx_word' id='word_1_11' title='bbox 693 355 804 389; x_wconf 85' lang='lat' dir='ltr'>supra</span> <span class='ocrx_word' id='word_1_12' title='bbox 827 343 906 378; x_wconf 84' lang='lat' dir='ltr'>Ind.</span> <span class='ocrx_word' id='word_1_13' title='bbox 924 355 1008 378; x_wconf 89' lang='lat' dir='ltr'>scrr.</span> <span class='ocrx_word' id='word_1_14' title='bbox 1027 355 1063 387; x_wconf 87' lang='lat' dir='ltr'>p.</span> <span class='ocrx_word' id='word_1_15' title='bbox 1080 347 1133 378; x_wconf 83' lang='lat'>82.</span> <span class='ocrx_word' id='word_1_16' title='bbox 1150 355 1186 377; x_wconf 91' lang='lat' dir='ltr'>n.</span> <span class='ocrx_word' id='word_1_17' title='bbox 1203 355 1274 377; x_wconf 78' lang='lat' dir='ltr'>xvi.</span> 
     </span>
    </p>
   </div>
   <div class='ocr_carea' id='block_1_3' title="bbox 269 404 1984 3066">
    <p class='ocr_par' dir='ltr' id='par_1_3' title="bbox 277 404 446 447">
     <span class='ocr_line' id='line_1_3' title="bbox 277 404 446 447; baseline -0.006 -10"><span class='ocrx_word' id='word_1_18' title='bbox 277 407 363 447; x_wconf 75' lang='lat' dir='ltr'>Pag.</span> <span class='ocrx_word' id='word_1_19' title='bbox 385 404 446 440; x_wconf 85' lang='lat'>13.</span> 
     </span>
    </p>

    <p class='ocr_par' dir='ltr' id='par_1_4' title="bbox 277 453 1984 1114">
     <span class='ocr_line' id='line_1_4' title="bbox 277 453 1979 500; baseline -0.001 -9"><span class='ocrx_word' id='word_1_20' title='bbox 277 465 296 493; x_wconf 77' lang='lat'>3</span> <span class='ocrx_word' id='word_1_21' title='bbox 322 469 393 492; x_wconf 71' lang='lat' dir='ltr'>non</span> <span class='ocrx_word' id='word_1_22' title='bbox 411 458 518 492; x_wconf 76' lang='lat' dir='ltr'>etiam</span> <span class='ocrx_word' id='word_1_23' title='bbox 535 457 644 491; x_wconf 71' lang='lat' dir='ltr'>cond.</span> <span class='ocrx_word' id='word_1_24' title='bbox 663 467 689 490; x_wconf 84' lang='lat' dir='ltr'>c.</span> <span class='ocrx_word' id='word_1_25' title='bbox 709 483 715 489; x_wconf 92' lang='lat'>.</span> <span class='ocrx_word' id='word_1_26' title='bbox 734 483 740 489; x_wconf 96' lang='lat'>.</span> <span class='ocrx_word' id='word_1_27' title='bbox 763 455 898 498; x_wconf 66' lang='lat' dir='ltr'>Colon]</span> <span class='ocrx_word' id='word_1_28' title='bbox 925 453 1237 489; x_wconf 87' lang='lat' dir='ltr'>Consultaverunt</span> <span class='ocrx_word' id='word_1_29' title='bbox 1253 454 1403 498; x_wconf 83' lang='lat' dir='ltr'>quidem</span> <span class='ocrx_word' id='word_1_30' title='bbox 1421 454 1755 499; x_wconf 85' lang='lat' dir='ltr'>Heidelbergenses</span> <span class='ocrx_word' id='word_1_31' title='bbox 1773 456 1832 498; x_wconf 87' lang='lat' dir='ltr'>(cf.</span> <span class='ocrx_word' id='word_1_32' title='bbox 1848 455 1979 500; x_wconf 87' lang='lat' dir='ltr'>Consp.</span> 
     </span>
     <span class='ocr_line' id='line_1_5' title="bbox 366 509 1981 556; baseline -0.001 -9"><span class='ocrx_word' id='word_1_33' title='bbox 366 513 526 547; x_wconf 90' lang='lat' dir='ltr'>chronol.</span> <span class='ocrx_word' id='word_1_34' title='bbox 544 513 578 546; x_wconf 82' lang='lat' dir='ltr'>cl.</span> <span class='ocrx_word' id='word_1_35' title='bbox 596 516 625 545; x_wconf 85' lang='grc'>6.</span> <span class='ocrx_word' id='word_1_36' title='bbox 641 511 741 556; x_wconf 83' lang='lat' dir='ltr'>Sept.</span> <span class='ocrx_word' id='word_1_37' title='bbox 759 522 788 545; x_wconf 87' lang='lat' dir='ltr'>a.</span> <span class='ocrx_word' id='word_1_38' title='bbox 813 512 933 553; x_wconf 77' lang='lat'>1510.)‚</span> <span class='ocrx_word' id='word_1_39' title='bbox 953 509 1017 544; x_wconf 87' lang='lat' dir='ltr'>sed</span> <span class='ocrx_word' id='word_1_40' title='bbox 1034 520 1107 544; x_wconf 91' lang='lat' dir='ltr'>non</span> <span class='ocrx_word' id='word_1_41' title='bbox 1125 521 1209 544; x_wconf 89' lang='lat' dir='ltr'>cum</span> <span class='ocrx_word' id='word_1_42' title='bbox 1227 510 1517 553; x_wconf 87' lang='lat' dir='ltr'>Coloniensibus,</span> <span class='ocrx_word' id='word_1_43' title='bbox 1536 512 1578 544; x_wconf 90' lang='lat' dir='ltr'>ut</span> <span class='ocrx_word' id='word_1_44' title='bbox 1593 510 1679 544; x_wconf 84' lang='lat' dir='ltr'>libri</span> <span class='ocrx_word' id='word_1_45' title='bbox 1695 511 1904 546; x_wconf 78' lang='lat' dir='ltr'>Iudaeorum</span> <span class='ocrx_word' id='word_1_46' title='bbox 1921 523 1981 546; x_wconf 77' lang='lat' dir='ltr'>ex-</span> 
     </span>
     <span class='ocr_line' id='line_1_6' title="bbox 364 565 1980 613; baseline -0.001 -10"><span class='ocrx_word' id='word_1_47' title='bbox 364 569 642 613; x_wconf 71' lang='lat' dir='ltr'>tinguerentur,</span> <span class='ocrx_word' id='word_1_48' title='bbox 675 567 739 601; x_wconf 89' lang='lat' dir='ltr'>sed</span> <span class='ocrx_word' id='word_1_49' title='bbox 762 568 803 601; x_wconf 91' lang='lat' dir='ltr'>ut</span> <span class='ocrx_word' id='word_1_50' title='bbox 827 566 983 600; x_wconf 89' lang='lat' dir='ltr'>aliarum</span> <span class='ocrx_word' id='word_1_51' title='bbox 1007 575 1153 609; x_wconf 87' lang='lat' dir='ltr'>quoque</span> <span class='ocrx_word' id='word_1_52' title='bbox 1178 565 1462 600; x_wconf 87' lang='lat' dir='ltr'>universitatum</span> <span class='ocrx_word' id='word_1_53' title='bbox 1486 566 1654 600; x_wconf 85' lang='lat' dir='ltr'>doctores</span> <span class='ocrx_word' id='word_1_54' title='bbox 1678 568 1980 609; x_wconf 69' lang='lat' dir='ltr'>convocarentur,</span> 
     </span>
     <span class='ocr_line' id='line_1_7' title="bbox 364 621 1984 667; baseline -0.001 -9"><span class='ocrx_word' id='word_1_55' title='bbox 364 625 442 667; x_wconf 74' lang='lat' dir='ltr'>„als</span> <span class='ocrx_word' id='word_1_56' title='bbox 467 625 543 658; x_wconf 77' lang='lat' dir='ltr'>dan</span> <span class='ocrx_word' id='word_1_57' title='bbox 566 634 636 658; x_wconf 74' lang='lat' dir='ltr'>von</span> <span class='ocrx_word' id='word_1_58' title='bbox 662 624 724 657; x_wconf 79' lang='lat' dir='ltr'>cler</span> <span class='ocrx_word' id='word_1_59' title='bbox 747 623 851 657; x_wconf 82' lang='lat' dir='ltr'>sache</span> <span class='ocrx_word' id='word_1_60' title='bbox 873 622 940 656; x_wconf 70' lang='lat' dir='ltr'>wie</span> <span class='ocrx_word' id='word_1_61' title='bbox 964 622 1043 655; x_wconf 75' lang='lat' dir='ltr'>und</span> <span class='ocrx_word' id='word_1_62' title='bbox 1058 622 1201 656; x_wconf 74' lang='lat' dir='ltr'>wilcher</span> <span class='ocrx_word' id='word_1_63' title='bbox 1223 632 1337 656; x_wconf 79' lang='lat' dir='ltr'>masse</span> <span class='ocrx_word' id='word_1_64' title='bbox 1352 622 1481 656; x_wconf 70' lang='lat' dir='ltr'>solichs</span> <span class='ocrx_word' id='word_1_65' title='bbox 1503 621 1711 663; x_wconf 68' lang='lat' dir='ltr'>anzufahen</span> <span class='ocrx_word' id='word_1_66' title='bbox 1727 633 1770 666; x_wconf 76' lang='lat' dir='ltr'>sy</span> <span class='ocrx_word' id='word_1_67' title='bbox 1785 623 1984 657; x_wconf 75' lang='lat' dir='ltr'>vnclerrecle</span> 
     </span>
     <span class='ocr_line' id='line_1_8' title="bbox 364 677 1982 723; baseline -0.001 -9"><span class='ocrx_word' id='word_1_68' title='bbox 364 681 443 714; x_wconf 71' lang='lat' dir='ltr'>und</span> <span class='ocrx_word' id='word_1_69' title='bbox 466 680 659 723; x_wconf 71' lang='lat' dir='ltr'>hancllmzgy</span> <span class='ocrx_word' id='word_1_70' title='bbox 685 689 731 712; x_wconf 66' lang='lat'>220</span> <span class='ocrx_word' id='word_1_71' title='bbox 751 679 898 712; x_wconf 73' lang='lat' dir='ltr'>haben“.</span> <span class='ocrx_word' id='word_1_72' title='bbox 954 677 1006 712; x_wconf 87' lang='lat' dir='ltr'>Cf.</span> <span class='ocrx_word' id='word_1_73' title='bbox 1024 677 1189 721; x_wconf 87' lang='lat' dir='ltr'>Peperic.</span> <span class='ocrx_word' id='word_1_74' title='bbox 1207 677 1481 721; x_wconf 54' lang='lat' dir='ltr'>Beschyr‘nmngy</span> <span class='ocrx_word' id='word_1_75' title='bbox 1504 689 1538 720; x_wconf 90' lang='lat' dir='ltr'>p.</span> <span class='ocrx_word' id='word_1_76' title='bbox 1558 680 1624 719; x_wconf 62' lang='lat' dir='ltr'>{lii</span> <span class='ocrx_word' id='word_1_77' title='bbox 1630 679 1663 720; x_wconf 83' lang='lat' dir='ltr'>j,</span> <span class='ocrx_word' id='word_1_78' title='bbox 1694 677 1842 712; x_wconf 86' lang='lat' dir='ltr'>Defens.</span> <span class='ocrx_word' id='word_1_79' title='bbox 1862 678 1917 712; x_wconf 86' lang='lat' dir='ltr'>ed.</span> <span class='ocrx_word' id='word_1_80' title='bbox 1935 690 1982 712; x_wconf 90' lang='lat' dir='ltr'>m.</span> 
     </span>
     <span class='ocr_line' id='line_1_9' title="bbox 364 732 1982 780; baseline 0 -12"><span class='ocrx_word' id='word_1_81' title='bbox 364 749 398 780; x_wconf 78' lang='lat' dir='ltr'>p.</span> <span class='ocrx_word' id='word_1_82' title='bbox 417 740 469 770; x_wconf 81' lang='grc'>99.</span> <span class='ocrx_word' id='word_1_83' title='bbox 491 740 564 769; x_wconf 85' lang='grc'><strong>103.</strong></span> <span class='ocrx_word' id='word_1_84' title='bbox 615 734 787 769; x_wconf 87' lang='lat' dir='ltr'>Ceterum</span> <span class='ocrx_word' id='word_1_85' title='bbox 805 733 924 777; x_wconf 88' lang='lat' dir='ltr'>qualis</span> <span class='ocrx_word' id='word_1_86' title='bbox 943 732 1178 768; x_wconf 87' lang='lat' dir='ltr'>Colonienses</span> <span class='ocrx_word' id='word_1_87' title='bbox 1196 732 1485 768; x_wconf 86' lang='lat' dir='ltr'>consultationes</span> <span class='ocrx_word' id='word_1_88' title='bbox 1502 733 1732 767; x_wconf 73' lang='lat' dir='ltr'>auctoritatis</span> <span class='ocrx_word' id='word_1_89' title='bbox 1749 733 1904 776; x_wconf 88' lang='lat' dir='ltr'>fuerint,</span> <span class='ocrx_word' id='word_1_90' title='bbox 1929 735 1982 768; x_wconf 92' lang='lat' dir='ltr'>te-</span> 
     </span>
     <span class='ocr_line' id='line_1_10' title="bbox 364 788 1982 835; baseline -0.002 -9"><span class='ocrx_word' id='word_1_91' title='bbox 364 792 427 827; x_wconf 89' lang='lat' dir='ltr'>stis</span> <span class='ocrx_word' id='word_1_92' title='bbox 453 793 508 826; x_wconf 86' lang='lat' dir='ltr'>est</span> <span class='ocrx_word' id='word_1_93' title='bbox 530 791 608 835; x_wconf 88' lang='lat' dir='ltr'>ipse</span> <span class='ocrx_word' id='word_1_94' title='bbox 627 789 853 824; x_wconf 86' lang='lat' dir='ltr'>Coloniensis</span> <span class='ocrx_word' id='word_1_95' title='bbox 870 789 1038 833; x_wconf 79' lang='lat' dir='ltr'>Agrippa</span> <span class='ocrx_word' id='word_1_96' title='bbox 1062 789 1107 823; x_wconf 88' lang='lat' dir='ltr'>ab</span> <span class='ocrx_word' id='word_1_97' title='bbox 1125 789 1369 831; x_wconf 87' lang='lat' dir='ltr'>Nettesheim,</span> <span class='ocrx_word' id='word_1_98' title='bbox 1396 789 1460 832; x_wconf 87' lang='lat' dir='ltr'>qui</span> <span class='ocrx_word' id='word_1_99' title='bbox 1484 788 1530 822; x_wconf 83' lang='lat' dir='ltr'>ad</span> <span class='ocrx_word' id='word_1_100' title='bbox 1549 788 1709 823; x_wconf 86' lang='lat' dir='ltr'>Coloniae</span> <span class='ocrx_word' id='word_1_101' title='bbox 1727 790 1914 823; x_wconf 86' lang='lat' dir='ltr'>senat-ores</span> <span class='ocrx_word' id='word_1_102' title='bbox 1930 790 1982 823; x_wconf 89' lang='lat' dir='ltr'>in-</span> 
     </span>
     <span class='ocr_line' id='line_1_11' title="bbox 363 844 1982 890; baseline -0.002 -8"><span class='ocrx_word' id='word_1_103' title='bbox 363 850 420 882; x_wconf 81' lang='lat' dir='ltr'>ter</span> <span class='ocrx_word' id='word_1_104' title='bbox 450 847 523 882; x_wconf 85' lang='lat' dir='ltr'>alia</span> <span class='ocrx_word' id='word_1_105' title='bbox 553 846 696 881; x_wconf 80' lang='lat' dir='ltr'>scribit:</span> <span class='ocrx_word' id='word_1_106' title='bbox 736 872 800 887; x_wconf 91' lang='lat'>‚,..</span> <span class='ocrx_word' id='word_1_107' title='bbox 826 847 868 879; x_wconf 89' lang='lat' dir='ltr'>ut</span> <span class='ocrx_word' id='word_1_108' title='bbox 898 845 997 890; x_wconf 83' lang='lat' dir='ltr'>apud</span> <span class='ocrx_word' id='word_1_109' title='bbox 1028 844 1189 888; x_wconf 83' lang='lat' dir='ltr'>reliquas</span> <span class='ocrx_word' id='word_1_110' title='bbox 1212 845 1381 879; x_wconf 87' lang='lat' dir='ltr'>nationes</span> <span class='ocrx_word' id='word_1_111' title='bbox 1411 844 1486 878; x_wconf 80' lang='lat' dir='ltr'>iam</span> <span class='ocrx_word' id='word_1_112' title='bbox 1510 844 1548 878; x_wconf 87' lang='lat' dir='ltr'>in</span> <span class='ocrx_word' id='word_1_113' title='bbox 1573 844 1812 888; x_wconf 87' lang='lat' dir='ltr'>proverbium</span> <span class='ocrx_word' id='word_1_114' title='bbox 1837 845 1982 887; x_wconf 85' lang='lat' dir='ltr'>abierit,</span> 
     </span>
     <span class='ocr_line' id='line_1_12' title="bbox 364 900 1982 948; baseline -0.003 -9"><span class='ocrx_word' id='word_1_115' title='bbox 364 903 508 948; x_wconf 88' lang='lat' dir='ltr'>quoties</span> <span class='ocrx_word' id='word_1_116' title='bbox 525 902 644 936; x_wconf 83' lang='lat' dir='ltr'>velint</span> <span class='ocrx_word' id='word_1_117' title='bbox 667 901 819 945; x_wconf 78' lang='lat' dir='ltr'>aliquod</span> <span class='ocrx_word' id='word_1_118' title='bbox 836 901 985 945; x_wconf 83' lang='lat' dir='ltr'>egregie</span> <span class='ocrx_word' id='word_1_119' title='bbox 1002 900 1182 934; x_wconf 88' lang='lat' dir='ltr'>insulsum</span> <span class='ocrx_word' id='word_1_120' title='bbox 1207 900 1399 935; x_wconf 90' lang='lat' dir='ltr'>consilium</span> <span class='ocrx_word' id='word_1_121' title='bbox 1418 901 1642 944; x_wconf 78' lang='lat' dir='ltr'>exprimere,</span> <span class='ocrx_word' id='word_1_122' title='bbox 1670 900 1796 935; x_wconf 82' lang='lat' dir='ltr'>dicant</span> <span class='ocrx_word' id='word_1_123' title='bbox 1821 900 1982 935; x_wconf 87' lang='lat' dir='ltr'>‘Coloni-</span> 
     </span>
     <span class='ocr_line' id='line_1_13' title="bbox 365 956 1982 1003; baseline -0.002 -9"><span class='ocrx_word' id='word_1_124' title='bbox 365 971 449 994; x_wconf 85' lang='lat' dir='ltr'>ense</span> <span class='ocrx_word' id='word_1_125' title='bbox 474 958 721 1003; x_wconf 87' lang='lat' dir='ltr'>suffragium’,</span> <span class='ocrx_word' id='word_1_126' title='bbox 748 958 860 1001; x_wconf 87' lang='lat' dir='ltr'>atque</span> <span class='ocrx_word' id='word_1_127' title='bbox 885 957 979 991; x_wconf 91' lang='lat' dir='ltr'>hanc</span> <span class='ocrx_word' id='word_1_128' title='bbox 1004 956 1285 990; x_wconf 84' lang='lat' dir='ltr'>universitatem</span> <span class='ocrx_word' id='word_1_129' title='bbox 1302 958 1463 990; x_wconf 75' lang='lat' dir='ltr'>vestram</span> <span class='ocrx_word' id='word_1_130' title='bbox 1481 957 1556 990; x_wconf 89' lang='lat' dir='ltr'>iam</span> <span class='ocrx_word' id='word_1_131' title='bbox 1573 967 1700 990; x_wconf 87' lang='lat' dir='ltr'>omnes</span> <span class='ocrx_word' id='word_1_132' title='bbox 1716 968 1789 991; x_wconf 86' lang='lat' dir='ltr'>uno</span> <span class='ocrx_word' id='word_1_133' title='bbox 1807 968 1868 991; x_wconf 91' lang='lat' dir='ltr'>ore</span> <span class='ocrx_word' id='word_1_134' title='bbox 1887 957 1982 991; x_wconf 88' lang='lat' dir='ltr'>cala-</span> 
     </span>
     <span class='ocr_line' id='line_1_14' title="bbox 363 1012 1983 1058; baseline -0.002 -8"><span class='ocrx_word' id='word_1_135' title='bbox 363 1015 533 1050; x_wconf 82' lang='lat' dir='ltr'>mitosam</span> <span class='ocrx_word' id='word_1_136' title='bbox 552 1013 777 1058; x_wconf 86' lang='lat' dir='ltr'>optimorum</span> <span class='ocrx_word' id='word_1_137' title='bbox 795 1013 1011 1055; x_wconf 85' lang='lat' dir='ltr'>studiorum,</span> <span class='ocrx_word' id='word_1_138' title='bbox 1036 1012 1323 1056; x_wconf 82' lang='lat' dir='ltr'>persecutricem</span> <span class='ocrx_word' id='word_1_139' title='bbox 1342 1013 1379 1045; x_wconf 84' lang='lat' dir='ltr'>et</span> <span class='ocrx_word' id='word_1_140' title='bbox 1394 1012 1558 1045; x_wconf 79' lang='lat' dir='ltr'>sutilium</span> <span class='ocrx_word' id='word_1_141' title='bbox 1582 1023 1885 1056; x_wconf 88' lang='lat' dir='ltr'>quarumcunque</span> <span class='ocrx_word' id='word_1_142' title='bbox 1901 1012 1983 1047; x_wconf 82' lang='lat' dir='ltr'>lite-</span> 
     </span>
     <span class='ocr_line' id='line_1_15' title="bbox 361 1067 1450 1114; baseline -0.005 -9"><span class='ocrx_word' id='word_1_143' title='bbox 361 1083 486 1105; x_wconf 86' lang='lat' dir='ltr'>rarum</span> <span class='ocrx_word' id='word_1_144' title='bbox 509 1069 842 1114; x_wconf 78' lang='lat' dir='ltr'>pertinacissimam</span> <span class='ocrx_word' id='word_1_145' title='bbox 866 1067 1197 1113; x_wconf 79' lang='lat' dir='ltr'>propugnatricem</span> <span class='ocrx_word' id='word_1_146' title='bbox 1222 1067 1450 1111; x_wconf 76' lang='lat' dir='ltr'>appellent.“</span> 
     </span>
    </p>

    <p class='ocr_par' dir='ltr' id='par_1_5' title="bbox 272 1123 1983 1279">
     <span class='ocr_line' id='line_1_16' title="bbox 272 1123 1983 1169; baseline -0.002 -8"><span class='ocrx_word' id='word_1_147' title='bbox 272 1132 291 1160; x_wconf 73' lang='lat'>4</span> <span class='ocrx_word' id='word_1_148' title='bbox 317 1128 402 1169; x_wconf 75' lang='lat' dir='ltr'>fecit</span> <span class='ocrx_word' id='word_1_149' title='bbox 426 1138 540 1160; x_wconf 76' lang='lat' dir='ltr'>mmm</span> <span class='ocrx_word' id='word_1_150' title='bbox 564 1126 751 1168; x_wconf 65' lang='lat' dir='ltr'>statutum]</span> <span class='ocrx_word' id='word_1_151' title='bbox 778 1126 820 1158; x_wconf 88' lang='lat' dir='ltr'>ut</span> <span class='ocrx_word' id='word_1_152' title='bbox 845 1123 1137 1166; x_wconf 87' lang='lat' dir='ltr'>„Parrhisienses</span> <span class='ocrx_word' id='word_1_153' title='bbox 1161 1123 1301 1157; x_wconf 82' lang='lat' dir='ltr'>liabent</span> <span class='ocrx_word' id='word_1_154' title='bbox 1324 1134 1439 1156; x_wconf 89' lang='lat' dir='ltr'>unum</span> <span class='ocrx_word' id='word_1_155' title='bbox 1464 1124 1645 1156; x_wconf 82' lang='lat' dir='ltr'>statutum</span> <span class='ocrx_word' id='word_1_156' title='bbox 1670 1123 1769 1167; x_wconf 86' lang='lat' dir='ltr'>quod</span> <span class='ocrx_word' id='word_1_157' title='bbox 1792 1134 1866 1157; x_wconf 88' lang='lat' dir='ltr'>non</span> <span class='ocrx_word' id='word_1_158' title='bbox 1891 1124 1983 1158; x_wconf 85' lang='lat' dir='ltr'>acci-</span> 
     </span>
     <span class='ocr_line' id='line_1_17' title="bbox 362 1178 1983 1226; baseline -0.001 -11"><span class='ocrx_word' id='word_1_159' title='bbox 362 1182 469 1226; x_wconf 83' lang='lat' dir='ltr'>piunt</span> <span class='ocrx_word' id='word_1_160' title='bbox 494 1181 541 1215; x_wconf 83' lang='lat' dir='ltr'>ad</span> <span class='ocrx_word' id='word_1_161' title='bbox 563 1181 779 1215; x_wconf 78' lang='lat' dir='ltr'>facultatem</span> <span class='ocrx_word' id='word_1_162' title='bbox 803 1191 906 1213; x_wconf 83' lang='lat' dir='ltr'>suani</span> <span class='ocrx_word' id='word_1_163' title='bbox 931 1179 1126 1223; x_wconf 86' lang='lat' dir='ltr'>magistros</span> <span class='ocrx_word' id='word_1_164' title='bbox 1148 1178 1461 1213; x_wconf 84' lang='lat' dir='ltr'>Rostochienses“</span> <span class='ocrx_word' id='word_1_165' title='bbox 1484 1190 1520 1222; x_wconf 89' lang='lat' dir='ltr'>p.</span> <span class='ocrx_word' id='word_1_166' title='bbox 1539 1181 1649 1213; x_wconf 61' lang='grc'><strong>22515.</strong></span> <span class='ocrx_word' id='word_1_167' title='bbox 1696 1178 1870 1214; x_wconf 89' lang='lat' dir='ltr'>Ceterum</span> <span class='ocrx_word' id='word_1_168' title='bbox 1894 1191 1983 1214; x_wconf 88' lang='lat' dir='ltr'>neu·</span> 
     </span>
     <span class='ocr_line' id='line_1_18' title="bbox 361 1234 1723 1279; baseline -0.002 -8"><span class='ocrx_word' id='word_1_169' title='bbox 361 1240 459 1272; x_wconf 83' lang='lat' dir='ltr'>trum</span> <span class='ocrx_word' id='word_1_170' title='bbox 485 1237 665 1270; x_wconf 86' lang='lat' dir='ltr'>statutum</span> <span class='ocrx_word' id='word_1_171' title='bbox 689 1237 787 1269; x_wconf 89' lang='lat' dir='ltr'>inter</span> <span class='ocrx_word' id='word_1_172' title='bbox 812 1246 854 1270; x_wconf 84' lang='lat' dir='ltr'>ea</span> <span class='ocrx_word' id='word_1_173' title='bbox 879 1247 959 1279; x_wconf 77' lang='lat' dir='ltr'>quae</span> <span class='ocrx_word' id='word_1_174' title='bbox 984 1235 1174 1279; x_wconf 84' lang='lat' dir='ltr'>publicata</span> <span class='ocrx_word' id='word_1_175' title='bbox 1199 1236 1299 1276; x_wconf 84' lang='lat' dir='ltr'>sunt,</span> <span class='ocrx_word' id='word_1_176' title='bbox 1326 1245 1384 1268; x_wconf 90' lang='lat' dir='ltr'>me</span> <span class='ocrx_word' id='word_1_177' title='bbox 1409 1234 1535 1279; x_wconf 87' lang='lat' dir='ltr'>legere</span> <span class='ocrx_word' id='word_1_178' title='bbox 1560 1234 1723 1269; x_wconf 88' lang='lat' dir='ltr'>memini.</span> 
     </span>
    </p>

    <p class='ocr_par' dir='ltr' id='par_1_6' title="bbox 272 1290 1984 1502">
     <span class='ocr_line' id='line_1_19' title="bbox 272 1290 1982 1337; baseline -0.002 -9"><span class='ocrx_word' id='word_1_179' title='bbox 272 1298 291 1328; x_wconf 87' lang='grc'><strong>6</strong></span> <span class='ocrx_word' id='word_1_180' title='bbox 317 1294 502 1337; x_wconf 63' lang='lat' dir='ltr'>complevit</span> <span class='ocrx_word' id='word_1_181' title='bbox 527 1302 597 1336; x_wconf 72' lang='lat' dir='ltr'>pro</span> <span class='ocrx_word' id='word_1_182' title='bbox 626 1292 758 1336; x_wconf 64' lang='lat' dir='ltr'>[sraela]</span> <span class='ocrx_word' id='word_1_183' title='bbox 790 1290 1145 1332; x_wconf 82' lang='lat' dir='ltr'>baccalaurcandus,</span> <span class='ocrx_word' id='word_1_184' title='bbox 1186 1290 1442 1324; x_wconf 82' lang='lat' dir='ltr'>‘scholasticus</span> <span class='ocrx_word' id='word_1_185' title='bbox 1475 1290 1741 1324; x_wconf 79' lang='lat' dir='ltr'>examinandus</span> <span class='ocrx_word' id='word_1_186' title='bbox 1773 1301 1839 1334; x_wconf 88' lang='lat' dir='ltr'>pro</span> <span class='ocrx_word' id='word_1_187' title='bbox 1865 1290 1982 1335; x_wconf 84' lang='lat' dir='ltr'>gradu</span> 
     </span>
     <span class='ocr_line' id='line_1_20' title="bbox 360 1346 1984 1391; baseline 0 -11"><span class='ocrx_word' id='word_1_188' title='bbox 360 1348 682 1383; x_wconf 84' lang='lat' dir='ltr'>baccalaureatus&#39;</span> <span class='ocrx_word' id='word_1_189' title='bbox 710 1347 922 1391; x_wconf 87' lang='lat' dir='ltr'>appellatur</span> <span class='ocrx_word' id='word_1_190' title='bbox 943 1347 982 1380; x_wconf 92' lang='lat' dir='ltr'>in</span> <span class='ocrx_word' id='word_1_191' title='bbox 1008 1348 1091 1380; x_wconf 90' lang='lat' dir='ltr'>stat.</span> <span class='ocrx_word' id='word_1_192' title='bbox 1115 1346 1180 1381; x_wconf 84' lang='lat' dir='ltr'>ref.</span> <span class='ocrx_word' id='word_1_193' title='bbox 1205 1346 1331 1380; x_wconf 83' lang='lat' dir='ltr'>facult.</span> <span class='ocrx_word' id='word_1_194' title='bbox 1350 1347 1416 1380; x_wconf 86' lang='lat' dir='ltr'>art.</span> <span class='ocrx_word' id='word_1_195' title='bbox 1435 1346 1560 1380; x_wconf 85' lang='lat' dir='ltr'>Ubior.</span> <span class='ocrx_word' id='word_1_196' title='bbox 1579 1358 1608 1380; x_wconf 91' lang='lat' dir='ltr'>c.</span> <span class='ocrx_word' id='word_1_197' title='bbox 1630 1351 1681 1381; x_wconf 89' lang='lat'>16.</span> <span class='ocrx_word' id='word_1_198' title='bbox 1712 1347 1894 1390; x_wconf 74' lang='lat' dir='ltr'>Complere</span> <span class='ocrx_word' id='word_1_199' title='bbox 1912 1357 1984 1390; x_wconf 76' lang='lat' dir='ltr'>pro</span> 
     </span>
     <span class='ocr_line' id='line_1_21' title="bbox 361 1402 1983 1447; baseline -0.002 -9"><span class='ocrx_word' id='word_1_200' title='bbox 361 1422 403 1434; x_wconf 91' lang='lat'>=</span> <span class='ocrx_word' id='word_1_201' title='bbox 427 1405 522 1438; x_wconf 85' lang='lat' dir='ltr'>bene</span> <span class='ocrx_word' id='word_1_202' title='bbox 552 1414 589 1438; x_wconf 89' lang='lat' dir='ltr'>se</span> <span class='ocrx_word' id='word_1_203' title='bbox 618 1414 843 1447; x_wconf 68' lang='lat' dir='ltr'>praeparasse</span> <span class='ocrx_word' id='word_1_204' title='bbox 871 1403 934 1444; x_wconf 83' lang='lat' dir='ltr'>ad3</span> <span class='ocrx_word' id='word_1_205' title='bbox 974 1404 1198 1436; x_wconf 82' lang='lat' dir='ltr'>statutorum</span> <span class='ocrx_word' id='word_1_206' title='bbox 1230 1402 1333 1446; x_wconf 84' lang='lat' dir='ltr'>leges</span> <span class='ocrx_word' id='word_1_207' title='bbox 1363 1402 1451 1436; x_wconf 84' lang='lat' dir='ltr'>satis</span> <span class='ocrx_word' id='word_1_208' title='bbox 1480 1403 1710 1445; x_wconf 76' lang='lat' dir='ltr'>observasse,</span> <span class='ocrx_word' id='word_1_209' title='bbox 1748 1403 1983 1446; x_wconf 83' lang='lat' dir='ltr'>praescriptas</span> 
     </span>
     <span class='ocr_line' id='line_1_22' title="bbox 360 1451 1982 1502; baseline -0.002 -7"><span class='ocrx_word' id='word_1_210' title='bbox 360 1461 538 1495; x_wconf 82' lang='lat' dir='ltr'>lectiones</span> <span class='ocrx_word' id='word_1_211' title='bbox 555 1470 680 1493; x_wconf 90' lang='lat' dir='ltr'>omnes</span> <span class='ocrx_word' id='word_1_212' title='bbox 699 1459 880 1493; x_wconf 84' lang='lat' dir='ltr'>audivisse</span> <span class='ocrx_word' id='word_1_213' title='bbox 899 1460 949 1502; x_wconf 78' lang='lat' dir='ltr'>(p.</span> <span class='ocrx_word' id='word_1_214' title='bbox 969 1460 1095 1501; x_wconf 61' lang='lat'>25816‘),</span> <span class='ocrx_word' id='word_1_215' title='bbox 1121 1459 1163 1492; x_wconf 86' lang='lat' dir='ltr'>ut</span> <span class='ocrx_word' id='word_1_216' title='bbox 1187 1458 1343 1502; x_wconf 80' lang='lat' dir='ltr'>gradum</span> <span class='ocrx_word' id='word_1_217' title='bbox 1367 1458 1621 1492; x_wconf 81' lang='lat' dir='ltr'>academicum</span> <span class='ocrx_word' id='word_1_218' title='bbox 1639 1469 1831 1502; x_wconf 79' lang='lat' dir='ltr'>capessere</span> <span class='ocrx_word' id='word_1_219' title='bbox 1849 1451 1982 1502; x_wconf 77' lang='lat' dir='ltr'>possit.</span> 
     </span>
    </p>

    <p class='ocr_par' dir='ltr' id='par_1_7' title="bbox 272 1514 1242 1561">
     <span class='ocr_line' id='line_1_23' title="bbox 272 1514 1242 1561; baseline -0.004 -10"><span class='ocrx_word' id='word_1_220' title='bbox 272 1523 289 1552; x_wconf 83' lang='lat'>7</span> <span class='ocrx_word' id='word_1_221' title='bbox 317 1517 406 1561; x_wconf 77' lang='lat' dir='ltr'>quid</span> <span class='ocrx_word' id='word_1_222' title='bbox 431 1517 492 1559; x_wconf 75' lang='lat' dir='ltr'>est]</span> <span class='ocrx_word' id='word_1_223' title='bbox 519 1517 665 1559; x_wconf 85' lang='lat' dir='ltr'>quantae</span> <span class='ocrx_word' id='word_1_224' title='bbox 691 1515 883 1559; x_wconf 84' lang='lat' dir='ltr'>dignitatis</span> <span class='ocrx_word' id='word_1_225' title='bbox 907 1514 1159 1558; x_wconf 78' lang='lat' dir='ltr'>potentiaeque</span> <span class='ocrx_word' id='word_1_226' title='bbox 1185 1514 1242 1548; x_wconf 86' lang='lat' dir='ltr'>sit.</span> 
     </span>
    </p>

    <p class='ocr_par' dir='ltr' id='par_1_8' title="bbox 271 1570 1422 1616">
     <span class='ocr_line' id='line_1_24' title="bbox 271 1570 1422 1616; baseline -0.003 -9"><span class='ocrx_word' id='word_1_227' title='bbox 271 1579 290 1608; x_wconf 79' lang='lat'>8</span> <span class='ocrx_word' id='word_1_228' title='bbox 316 1574 394 1607; x_wconf 77' lang='lat' dir='ltr'>alia</span> <span class='ocrx_word' id='word_1_229' title='bbox 417 1573 504 1616; x_wconf 71' lang='lat' dir='ltr'>vice]</span> <span class='ocrx_word' id='word_1_230' title='bbox 531 1573 590 1606; x_wconf 75' lang='lat' dir='ltr'>ein</span> <span class='ocrx_word' id='word_1_231' title='bbox 615 1571 732 1605; x_wconf 75' lang='lat' dir='ltr'>ander</span> <span class='ocrx_word' id='word_1_232' title='bbox 755 1570 850 1613; x_wconf 74' lang='lat' dir='ltr'>Mal,</span> <span class='ocrx_word' id='word_1_233' title='bbox 874 1572 1003 1614; x_wconf 87' lang='lat' dir='ltr'>postea</span> <span class='ocrx_word' id='word_1_234' title='bbox 1027 1570 1064 1603; x_wconf 88' lang='lat' dir='ltr'>in</span> <span class='ocrx_word' id='word_1_235' title='bbox 1090 1570 1269 1604; x_wconf 86' lang='lat' dir='ltr'>similibus</span> <span class='ocrx_word' id='word_1_236' title='bbox 1294 1570 1422 1604; x_wconf 86' lang='lat' dir='ltr'>causis.</span> 
     </span>
    </p>

    <p class='ocr_par' dir='ltr' id='par_1_9' title="bbox 315 1625 1343 1671">
     <span class='ocr_line' id='line_1_25' title="bbox 315 1625 1343 1671; baseline -0.004 -8"><span class='ocrx_word' id='word_1_237' title='bbox 315 1633 433 1664; x_wconf 80' lang='lat' dir='ltr'>tenere</span> <span class='ocrx_word' id='word_1_238' title='bbox 457 1639 536 1663; x_wconf 77' lang='lat' dir='ltr'>cum</span> <span class='ocrx_word' id='word_1_239' title='bbox 560 1627 615 1671; x_wconf 78' lang='lat' dir='ltr'>ea]</span> <span class='ocrx_word' id='word_1_240' title='bbox 641 1627 763 1661; x_wconf 85' lang='lat' dir='ltr'>facere</span> <span class='ocrx_word' id='word_1_241' title='bbox 789 1638 872 1660; x_wconf 88' lang='lat' dir='ltr'>cum</span> <span class='ocrx_word' id='word_1_242' title='bbox 898 1637 951 1668; x_wconf 89' lang='lat' dir='ltr'>ea,</span> <span class='ocrx_word' id='word_1_243' title='bbox 977 1626 1103 1670; x_wconf 88' lang='lat' dir='ltr'>partes</span> <span class='ocrx_word' id='word_1_244' title='bbox 1127 1626 1205 1660; x_wconf 89' lang='lat' dir='ltr'>eius</span> <span class='ocrx_word' id='word_1_245' title='bbox 1229 1625 1343 1670; x_wconf 89' lang='lat' dir='ltr'>sequi.</span> 
     </span>
    </p>

    <p class='ocr_par' dir='ltr' id='par_1_10' title="bbox 271 1681 1983 1783">
     <span class='ocr_line' id='line_1_26' title="bbox 271 1681 1983 1728; baseline -0.002 -9"><span class='ocrx_word' id='word_1_246' title='bbox 271 1690 290 1719; x_wconf 75' lang='lat'><strong>9</strong></span> <span class='ocrx_word' id='word_1_247' title='bbox 311 1685 468 1728; x_wconf 73' lang='lat' dir='ltr'>parcitis</span> <span class='ocrx_word' id='word_1_248' title='bbox 493 1685 543 1718; x_wconf 74' lang='lat' dir='ltr'>eis</span> <span class='ocrx_word' id='word_1_249' title='bbox 561 1686 710 1726; x_wconf 72' lang='lat' dir='ltr'>propter</span> <span class='ocrx_word' id='word_1_250' title='bbox 736 1683 862 1727; x_wconf 55' lang='lat' dir='ltr'>synon]</span> <span class='ocrx_word' id='word_1_251' title='bbox 889 1682 1037 1716; x_wconf 75' lang='lat' dir='ltr'>veniam</span> <span class='ocrx_word' id='word_1_252' title='bbox 1068 1682 1163 1716; x_wconf 77' lang='lat' dir='ltr'>(latis</span> <span class='ocrx_word' id='word_1_253' title='bbox 1189 1682 1225 1725; x_wconf 81' lang='lat' dir='ltr'>(i.</span> <span class='ocrx_word' id='word_1_254' title='bbox 1245 1693 1276 1716; x_wconf 92' lang='lat' dir='ltr'>e.</span> <span class='ocrx_word' id='word_1_255' title='bbox 1294 1682 1404 1716; x_wconf 84' lang='lat' dir='ltr'>credo</span> <span class='ocrx_word' id='word_1_256' title='bbox 1430 1692 1494 1716; x_wconf 90' lang='lat' dir='ltr'>vos</span> <span class='ocrx_word' id='word_1_257' title='bbox 1519 1681 1622 1724; x_wconf 85' lang='lat' dir='ltr'>dare)</span> <span class='ocrx_word' id='word_1_258' title='bbox 1654 1682 1857 1726; x_wconf 84' lang='lat' dir='ltr'>propterea</span> <span class='ocrx_word' id='word_1_259' title='bbox 1882 1681 1983 1726; x_wconf 83' lang='lat' dir='ltr'>quod</span> 
     </span>
     <span class='ocr_line' id='line_1_27' title="bbox 361 1739 880 1783; baseline -0.004 -9"><span class='ocrx_word' id='word_1_260' title='bbox 361 1741 405 1775; x_wconf 86' lang='lat' dir='ltr'>de</span> <span class='ocrx_word' id='word_1_261' title='bbox 431 1751 470 1774; x_wconf 90' lang='lat' dir='ltr'>re</span> <span class='ocrx_word' id='word_1_262' title='bbox 494 1739 587 1773; x_wconf 88' lang='lat' dir='ltr'>nihil</span> <span class='ocrx_word' id='word_1_263' title='bbox 613 1740 880 1783; x_wconf 82' lang='lat' dir='ltr'>compererant.</span> 
     </span>
    </p>

    <p class='ocr_par' dir='ltr' id='par_1_11' title="bbox 273 1792 1983 1895">
     <span class='ocr_line' id='line_1_28' title="bbox 273 1792 1983 1840; baseline -0.002 -9"><span class='ocrx_word' id='word_1_264' title='bbox 273 1802 312 1831; x_wconf 79' lang='lat' dir='ltr'>lo</span> <span class='ocrx_word' id='word_1_265' title='bbox 337 1796 470 1831; x_wconf 75' lang='lat' dir='ltr'>(lebetis</span> <span class='ocrx_word' id='word_1_266' title='bbox 494 1807 572 1840; x_wconf 64' lang='lat' dir='ltr'>quse</span> <span class='ocrx_word' id='word_1_267' title='bbox 598 1795 795 1838; x_wconf 71' lang='lat' dir='ltr'>intimasse]</span> <span class='ocrx_word' id='word_1_268' title='bbox 831 1806 911 1838; x_wconf 56' lang='lat' dir='ltr'>quae</span> <span class='ocrx_word' id='word_1_269' title='bbox 944 1806 1007 1829; x_wconf 77' lang='lat' dir='ltr'>vos</span> <span class='ocrx_word' id='word_1_270' title='bbox 1038 1794 1226 1828; x_wconf 86' lang='lat' dir='ltr'>intimasse</span> <span class='ocrx_word' id='word_1_271' title='bbox 1260 1792 1388 1829; x_wconf 79' lang='lat' dir='ltr'>fert&#39;ur.</span> <span class='ocrx_word' id='word_1_272' title='bbox 1440 1794 1644 1828; x_wconf 72' lang='lat' dir='ltr'>‘intimare</span> <span class='ocrx_word' id='word_1_273' title='bbox 1662 1794 1684 1828; x_wconf 94' lang='lat' dir='ltr'>i.</span> <span class='ocrx_word' id='word_1_274' title='bbox 1704 1794 1897 1828; x_wconf 87' lang='lat' dir='ltr'>notificare</span> <span class='ocrx_word' id='word_1_275' title='bbox 1922 1794 1983 1828; x_wconf 92' lang='lat' dir='ltr'>vel</span> 
     </span>
     <span class='ocr_line' id='line_1_29' title="bbox 359 1850 1981 1895; baseline -0.001 -9"><span class='ocrx_word' id='word_1_276' title='bbox 359 1852 534 1893; x_wconf 88' lang='lat' dir='ltr'>iudicare,</span> <span class='ocrx_word' id='word_1_277' title='bbox 553 1851 762 1895; x_wconf 65' lang='lat' dir='ltr'>lsmzdiyen&#39;.</span> <span class='ocrx_word' id='word_1_278' title='bbox 797 1850 951 1885; x_wconf 82' lang='lat' dir='ltr'>Gemma</span> <span class='ocrx_word' id='word_1_279' title='bbox 969 1863 1003 1895; x_wconf 87' lang='lat' dir='ltr'>g.</span> <span class='ocrx_word' id='word_1_280' title='bbox 1035 1850 1110 1884; x_wconf 74' lang='lat' dir='ltr'>Nos</span> <span class='ocrx_word' id='word_1_281' title='bbox 1127 1850 1313 1892; x_wconf 70' lang='lat' dir='ltr'>o‘ffentlich</span> <span class='ocrx_word' id='word_1_282' title='bbox 1327 1854 1401 1893; x_wconf 70' lang='lat' dir='ltr'>(am</span> <span class='ocrx_word' id='word_1_283' title='bbox 1417 1851 1619 1885; x_wconf 64' lang='lat' dir='ltr'>schwarzen</span> <span class='ocrx_word' id='word_1_284' title='bbox 1631 1850 1738 1893; x_wconf 78' lang='lat' dir='ltr'>Bret)</span> <span class='ocrx_word' id='word_1_285' title='bbox 1753 1851 1981 1894; x_wconf 68' lang='lat' dir='ltr'>anschzaqen.</span> 
     </span>
    </p>

    <p class='ocr_par' dir='ltr' id='par_1_12' title="bbox 274 1906 1196 1951">
     <span class='ocr_line' id='line_1_30' title="bbox 274 1906 1196 1951; baseline -0.003 -8"><span class='ocrx_word' id='word_1_286' title='bbox 274 1914 312 1943; x_wconf 77' lang='lat'>12</span> <span class='ocrx_word' id='word_1_287' title='bbox 337 1910 489 1951; x_wconf 66' lang='lat' dir='ltr'>fuerunt</span> <span class='ocrx_word' id='word_1_288' title='bbox 513 1907 647 1950; x_wconf 68' lang='lat' dir='ltr'>comm]</span> <span class='ocrx_word' id='word_1_289' title='bbox 675 1907 907 1950; x_wconf 85' lang='lat' dir='ltr'>placuerunt,</span> <span class='ocrx_word' id='word_1_290' title='bbox 934 1906 1196 1940; x_wconf 78' lang='lat' dir='ltr'>laudabantur.</span> 
     </span>
    </p>

    <p class='ocr_par' dir='ltr' id='par_1_13' title="bbox 272 1962 1982 2054">
     <span class='ocr_line' id='line_1_31' title="bbox 272 1962 1982 2007; baseline -0.002 -8"><span class='ocrx_word' id='word_1_291' title='bbox 272 1968 404 1999; x_wconf 65' lang='lat'>14...16</span> <span class='ocrx_word' id='word_1_292' title='bbox 430 1964 471 1997; x_wconf 85' lang='grc'>111</span> <span class='ocrx_word' id='word_1_293' title='bbox 495 1964 577 2007; x_wconf 90' lang='lat' dir='ltr'>ipsa</span> <span class='ocrx_word' id='word_1_294' title='bbox 599 1963 718 1996; x_wconf 88' lang='lat' dir='ltr'>libelli</span> <span class='ocrx_word' id='word_1_295' title='bbox 745 1962 836 2006; x_wconf 78' lang='lat' dir='ltr'>[Iud.</span> <span class='ocrx_word' id='word_1_296' title='bbox 854 1973 938 1996; x_wconf 88' lang='lat' dir='ltr'>serr.</span> <span class='ocrx_word' id='word_1_297' title='bbox 956 1975 992 2006; x_wconf 87' lang='lat' dir='ltr'>p.</span> <span class='ocrx_word' id='word_1_298' title='bbox 1010 1967 1063 1997; x_wconf 73' lang='lat'>82.</span> <span class='ocrx_word' id='word_1_299' title='bbox 1081 1975 1117 1998; x_wconf 90' lang='grc'>11.</span> <span class='ocrx_word' id='word_1_300' title='bbox 1134 1963 1218 2006; x_wconf 74' lang='lat' dir='ltr'>xv1.]</span> <span class='ocrx_word' id='word_1_301' title='bbox 1244 1962 1484 2006; x_wconf 85' lang='lat' dir='ltr'>inscriptione</span> <span class='ocrx_word' id='word_1_302' title='bbox 1516 1962 1681 1996; x_wconf 86' lang='lat' dir='ltr'>omnium</span> <span class='ocrx_word' id='word_1_303' title='bbox 1712 1963 1789 1997; x_wconf 84' lang='lat' dir='ltr'>fere</span> <span class='ocrx_word' id='word_1_304' title='bbox 1815 1973 1897 2006; x_wconf 84' lang='lat' dir='ltr'>quae</span> <span class='ocrx_word' id='word_1_305' title='bbox 1923 1962 1982 1996; x_wconf 89' lang='lat' dir='ltr'>hic</span> 
     </span>
     <span class='ocr_line' id='line_1_32' title="bbox 359 2018 1008 2054; baseline -0.003 0"><span class='ocrx_word' id='word_1_306' title='bbox 359 2020 559 2054; x_wconf 85' lang='lat' dir='ltr'>laudantur</span> <span class='ocrx_word' id='word_1_307' title='bbox 583 2018 796 2053; x_wconf 85' lang='lat' dir='ltr'>testimonia</span> <span class='ocrx_word' id='word_1_308' title='bbox 819 2018 1008 2052; x_wconf 79' lang='lat' dir='ltr'>habemus.</span> 
     </span>
    </p>

    <p class='ocr_par' dir='ltr' id='par_1_14' title="bbox 274 2074 1947 2119">
     <span class='ocr_line' id='line_1_33' title="bbox 274 2074 1947 2119; baseline -0.002 -9"><span class='ocrx_word' id='word_1_309' title='bbox 274 2081 311 2110; x_wconf 83' lang='lat'>17</span> <span class='ocrx_word' id='word_1_310' title='bbox 337 2076 391 2110; x_wconf 85' lang='lat' dir='ltr'>De</span> <span class='ocrx_word' id='word_1_311' title='bbox 418 2075 582 2119; x_wconf 87' lang='lat' dir='ltr'>epistolis</span> <span class='ocrx_word' id='word_1_312' title='bbox 606 2075 644 2108; x_wconf 90' lang='lat' dir='ltr'>in</span> <span class='ocrx_word' id='word_1_313' title='bbox 671 2074 814 2108; x_wconf 67' lang='lat' dir='ltr'>‘Parrlr</span> <span class='ocrx_word' id='word_1_314' title='bbox 833 2074 938 2108; x_wconf 86' lang='lat' dir='ltr'>actis&#39;</span> <span class='ocrx_word' id='word_1_315' title='bbox 966 2075 1165 2119; x_wconf 86' lang='lat' dir='ltr'>publicatis</span> <span class='ocrx_word' id='word_1_316' title='bbox 1190 2075 1234 2109; x_wconf 89' lang='lat' dir='ltr'>cf.</span> <span class='ocrx_word' id='word_1_317' title='bbox 1253 2074 1384 2118; x_wconf 86' lang='lat' dir='ltr'>Consp.</span> <span class='ocrx_word' id='word_1_318' title='bbox 1403 2074 1564 2112; x_wconf 85' lang='lat' dir='ltr'>chronol.</span> <span class='ocrx_word' id='word_1_319' title='bbox 1584 2086 1614 2109; x_wconf 91' lang='lat' dir='ltr'>a.</span> <span class='ocrx_word' id='word_1_320' title='bbox 1634 2078 1729 2109; x_wconf 69' lang='lat'>1514.</span> <span class='ocrx_word' id='word_1_321' title='bbox 1747 2086 1782 2118; x_wconf 88' lang='lat' dir='ltr'>p.</span> <span class='ocrx_word' id='word_1_322' title='bbox 1802 2078 1877 2109; x_wconf 84' lang='lat'>131.</span> <span class='ocrx_word' id='word_1_323' title='bbox 1895 2085 1947 2117; x_wconf 82' lang='lat' dir='ltr'>sq.</span> 
     </span>
    </p>

    <p class='ocr_par' dir='ltr' id='par_1_15' title="bbox 272 2130 1908 2176">
     <span class='ocr_line' id='line_1_34' title="bbox 272 2130 1908 2176; baseline -0.001 -10"><span class='ocrx_word' id='word_1_324' title='bbox 272 2137 310 2166; x_wconf 80' lang='grc'>19</span> <span class='ocrx_word' id='word_1_325' title='bbox 338 2132 534 2176; x_wconf 70' lang='lat' dir='ltr'>szyarus</span> <span class='ocrx_word' id='word_1_326' title='bbox 552 2130 735 2174; x_wconf 72' lang='lat' dir='ltr'>probavit]</span> <span class='ocrx_word' id='word_1_327' title='bbox 762 2130 800 2163; x_wconf 88' lang='lat' dir='ltr'>in</span> <span class='ocrx_word' id='word_1_328' title='bbox 827 2130 1001 2165; x_wconf 82' lang='lat' dir='ltr'>‘Articuli</span> <span class='ocrx_word' id='word_1_329' title='bbox 1026 2131 1102 2165; x_wconf 81' lang='lat' dir='ltr'>sive</span> <span class='ocrx_word' id='word_1_330' title='bbox 1127 2131 1415 2175; x_wconf 84' lang='lat' dir='ltr'>propositiones&#39;</span> <span class='ocrx_word' id='word_1_331' title='bbox 1444 2131 1536 2174; x_wconf 80' lang='lat' dir='ltr'>(Iud.</span> <span class='ocrx_word' id='word_1_332' title='bbox 1556 2142 1641 2165; x_wconf 85' lang='lat' dir='ltr'>serr.</span> <span class='ocrx_word' id='word_1_333' title='bbox 1658 2143 1694 2175; x_wconf 88' lang='lat' dir='ltr'>p.</span> <span class='ocrx_word' id='word_1_334' title='bbox 1714 2134 1766 2165; x_wconf 79' lang='lat'>78.</span> <span class='ocrx_word' id='word_1_335' title='bbox 1784 2142 1819 2164; x_wconf 89' lang='lat' dir='ltr'>n.</span> <span class='ocrx_word' id='word_1_336' title='bbox 1836 2131 1908 2173; x_wconf 73' lang='lat' dir='ltr'>XL).</span> 
     </span>
    </p>

    <p class='ocr_par' dir='ltr' id='par_1_16' title="bbox 270 2186 1981 2231">
     <span class='ocr_line' id='line_1_35' title="bbox 270 2186 1981 2231; baseline -0.001 -9"><span class='ocrx_word' id='word_1_337' title='bbox 270 2193 312 2222; x_wconf 70' lang='lat'>2⁴1)</span> <span class='ocrx_word' id='word_1_338' title='bbox 337 2188 449 2231; x_wconf 68' lang='lat' dir='ltr'>Iegyere</span> <span class='ocrx_word' id='word_1_339' title='bbox 473 2187 600 2231; x_wconf 59' lang='lat' dir='ltr'>matis]</span> <span class='ocrx_word' id='word_1_340' title='bbox 627 2186 881 2230; x_wconf 60' lang='lat' dir='ltr'>praelectiones</span> <span class='ocrx_word' id='word_1_341' title='bbox 906 2186 1088 2231; x_wconf 88' lang='lat' dir='ltr'>gratuitas</span> <span class='ocrx_word' id='word_1_342' title='bbox 1114 2188 1219 2230; x_wconf 82' lang='lat' dir='ltr'>(quas</span> <span class='ocrx_word' id='word_1_343' title='bbox 1243 2186 1354 2220; x_wconf 81' lang='lat' dir='ltr'>hodie</span> <span class='ocrx_word' id='word_1_344' title='bbox 1382 2187 1585 2231; x_wconf 83' lang='lat' dir='ltr'>‘publicas’</span> <span class='ocrx_word' id='word_1_345' title='bbox 1613 2186 1818 2230; x_wconf 85' lang='lat' dir='ltr'>appellant)</span> <span class='ocrx_word' id='word_1_346' title='bbox 1842 2186 1981 2220; x_wconf 85' lang='lat' dir='ltr'>habere</span> 
     </span>
    </p>

    <p class='ocr_par' dir='ltr' id='par_1_17' title="bbox 271 2242 1302 2286">
     <span class='ocr_line' id='line_1_36' title="bbox 271 2242 1302 2286; baseline 0 -10"><span class='ocrx_word' id='word_1_347' title='bbox 271 2249 312 2276; x_wconf 64' lang='lat'>22</span> <span class='ocrx_word' id='word_1_348' title='bbox 338 2254 418 2277; x_wconf 76' lang='lat' dir='ltr'>cum</span> <span class='ocrx_word' id='word_1_349' title='bbox 442 2243 517 2286; x_wconf 77' lang='lat' dir='ltr'>hoe}</span> <span class='ocrx_word' id='word_1_350' title='bbox 545 2242 706 2286; x_wconf 81' lang='lat' dir='ltr'>quidem,</span> <span class='ocrx_word' id='word_1_351' title='bbox 733 2242 770 2275; x_wconf 90' lang='lat' dir='ltr'>in</span> <span class='ocrx_word' id='word_1_352' title='bbox 795 2242 852 2276; x_wconf 87' lang='lat' dir='ltr'>liis</span> <span class='ocrx_word' id='word_1_353' title='bbox 876 2243 964 2286; x_wconf 91' lang='lat' dir='ltr'>ipsis</span> <span class='ocrx_word' id='word_1_354' title='bbox 989 2242 1302 2286; x_wconf 58' lang='lat' dir='ltr'>praelectionibus.</span> 
     </span>
    </p>

    <p class='ocr_par' dir='ltr' id='par_1_18' title="bbox 314 2297 1711 2342">
     <span class='ocr_line' id='line_1_37' title="bbox 314 2297 1711 2342; baseline 0.001 -11"><span class='ocrx_word' id='word_1_355' title='bbox 314 2299 463 2342; x_wconf 72' lang='lat' dir='ltr'>gylosare]</span> <span class='ocrx_word' id='word_1_356' title='bbox 489 2298 639 2342; x_wconf 68' lang='lat' dir='ltr'>vssleyen</span> <span class='ocrx_word' id='word_1_357' title='bbox 664 2298 722 2332; x_wconf 65' lang='lat' dir='ltr'>die</span> <span class='ocrx_word' id='word_1_358' title='bbox 745 2298 935 2341; x_wconf 73' lang='lat' dir='ltr'>[Jeschrifft.</span> <span class='ocrx_word' id='word_1_359' title='bbox 968 2297 1123 2331; x_wconf 80' lang='lat' dir='ltr'>Gemma</span> <span class='ocrx_word' id='word_1_360' title='bbox 1147 2310 1181 2342; x_wconf 86' lang='lat' dir='ltr'>g.</span> <span class='ocrx_word' id='word_1_361' title='bbox 1213 2298 1257 2334; x_wconf 91' lang='lat' dir='ltr'>H.</span> <span class='ocrx_word' id='word_1_362' title='bbox 1277 2298 1301 2335; x_wconf 87' lang='lat' dir='ltr'>l.</span> <span class='ocrx_word' id='word_1_363' title='bbox 1319 2299 1375 2332; x_wconf 87' lang='lat' dir='ltr'>est</span> <span class='ocrx_word' id='word_1_364' title='bbox 1398 2298 1535 2342; x_wconf 75' lang='lat' dir='ltr'>glossas</span> <span class='ocrx_word' id='word_1_365' title='bbox 1560 2298 1711 2332; x_wconf 87' lang='lat' dir='ltr'>dictare.</span> 
     </span>
    </p>

    <p class='ocr_par' dir='ltr' id='par_1_19' title="bbox 269 2353 1980 2508">
     <span class='ocr_line' id='line_1_38' title="bbox 269 2353 1980 2398; baseline -0.001 -9"><span class='ocrx_word' id='word_1_366' title='bbox 269 2359 311 2389; x_wconf 79' lang='lat'>23</span> <span class='ocrx_word' id='word_1_367' title='bbox 336 2354 455 2388; x_wconf 72' lang='lat' dir='ltr'>notul).</span> <span class='ocrx_word' id='word_1_368' title='bbox 477 2354 515 2387; x_wconf 78' lang='grc' dir='ltr'>ῖη</span> <span class='ocrx_word' id='word_1_369' title='bbox 540 2364 584 2388; x_wconf 84' lang='lat' dir='ltr'>m.</span> <span class='ocrx_word' id='word_1_370' title='bbox 602 2354 745 2396; x_wconf 67' lang='lat' dir='ltr'>notare]</span> <span class='ocrx_word' id='word_1_371' title='bbox 778 2354 800 2386; x_wconf 90' lang='lat' dir='ltr'>i.</span> <span class='ocrx_word' id='word_1_372' title='bbox 819 2364 848 2389; x_wconf 90' lang='lat' dir='ltr'>e.</span> <span class='ocrx_word' id='word_1_373' title='bbox 868 2353 1079 2387; x_wconf 83' lang='lat' dir='ltr'>adnotanda</span> <span class='ocrx_word' id='word_1_374' title='bbox 1117 2354 1269 2387; x_wconf 84' lang='lat' dir='ltr'>dictare.</span> <span class='ocrx_word' id='word_1_375' title='bbox 1328 2353 1596 2387; x_wconf 82' lang='lat' dir='ltr'>Usitatissimus</span> <span class='ocrx_word' id='word_1_376' title='bbox 1633 2354 1869 2398; x_wconf 86' lang='lat' dir='ltr'>diligentium</span> <span class='ocrx_word' id='word_1_377' title='bbox 1907 2355 1980 2388; x_wconf 83' lang='lat' dir='ltr'>stu-</span> 
     </span>
     <span class='ocr_line' id='line_1_39' title="bbox 361 2408 1979 2453; baseline 0.001 -10"><span class='ocrx_word' id='word_1_378' title='bbox 361 2409 546 2443; x_wconf 85' lang='lat' dir='ltr'>diosorum</span> <span class='ocrx_word' id='word_1_379' title='bbox 576 2409 705 2442; x_wconf 81' lang='lat' dir='ltr'>modus</span> <span class='ocrx_word' id='word_1_380' title='bbox 731 2408 910 2443; x_wconf 83' lang='lat' dir='ltr'>eiusmodi</span> <span class='ocrx_word' id='word_1_381' title='bbox 926 2409 1113 2443; x_wconf 67' lang='lat' dir='ltr'>Notabeuze</span> <span class='ocrx_word' id='word_1_382' title='bbox 1130 2409 1349 2444; x_wconf 84' lang='lat' dir='ltr'>adscribere.</span> <span class='ocrx_word' id='word_1_383' title='bbox 1376 2409 1474 2443; x_wconf 84' lang='lat' dir='ltr'>unde</span> <span class='ocrx_word' id='word_1_384' title='bbox 1491 2409 1602 2443; x_wconf 85' lang='lat' dir='ltr'>hodie</span> <span class='ocrx_word' id='word_1_385' title='bbox 1627 2410 1684 2443; x_wconf 85' lang='lat' dir='ltr'>tot</span> <span class='ocrx_word' id='word_1_386' title='bbox 1707 2409 1854 2453; x_wconf 87' lang='lat' dir='ltr'>impura</span> <span class='ocrx_word' id='word_1_387' title='bbox 1870 2409 1979 2444; x_wconf 90' lang='lat' dir='ltr'>libro-</span> 
     </span>
     <span class='ocr_line' id='line_1_40' title="bbox 360 2464 1196 2508; baseline 0 -10"><span class='ocrx_word' id='word_1_388' title='bbox 360 2477 441 2499; x_wconf 86' lang='lat' dir='ltr'>rum</span> <span class='ocrx_word' id='word_1_389' title='bbox 467 2465 768 2499; x_wconf 89' lang='lat' dir='ltr'>scholasticorum</span> <span class='ocrx_word' id='word_1_390' title='bbox 794 2464 965 2508; x_wconf 84' lang='lat' dir='ltr'>exempla</span> <span class='ocrx_word' id='word_1_391' title='bbox 989 2466 1196 2508; x_wconf 85' lang='lat' dir='ltr'>supersunt.</span> 
     </span>
    </p>

    <p class='ocr_par' dir='ltr' id='par_1_20' title="bbox 270 2521 1980 2677">
     <span class='ocr_line' id='line_1_41' title="bbox 270 2521 1980 2566; baseline 0 -10"><span class='ocrx_word' id='word_1_392' title='bbox 270 2526 312 2556; x_wconf 69' lang='grc'>21</span> <span class='ocrx_word' id='word_1_393' title='bbox 337 2532 488 2566; x_wconf 66' lang='lat' dir='ltr'>torquere</span> <span class='ocrx_word' id='word_1_394' title='bbox 506 2531 575 2563; x_wconf 73' lang='lat' dir='ltr'>pro</span> <span class='ocrx_word' id='word_1_395' title='bbox 601 2524 633 2554; x_wconf 74' lang='lat' dir='ltr'>et</span> <span class='ocrx_word' id='word_1_396' title='bbox 658 2522 795 2564; x_wconf 77' lang='lat' dir='ltr'>contra]</span> <span class='ocrx_word' id='word_1_397' title='bbox 827 2521 1096 2565; x_wconf 83' lang='lat' dir='ltr'>argumentari,</span> <span class='ocrx_word' id='word_1_398' title='bbox 1123 2522 1164 2554; x_wconf 90' lang='lat' dir='ltr'>ut</span> <span class='ocrx_word' id='word_1_399' title='bbox 1187 2522 1268 2554; x_wconf 84' lang='lat' dir='ltr'>tuni</span> <span class='ocrx_word' id='word_1_400' title='bbox 1292 2521 1404 2555; x_wconf 85' lang='lat' dir='ltr'>moris</span> <span class='ocrx_word' id='word_1_401' title='bbox 1430 2522 1510 2556; x_wconf 85' lang='lat' dir='ltr'>erat</span> <span class='ocrx_word' id='word_1_402' title='bbox 1534 2522 1648 2556; x_wconf 87' lang='lat' dir='ltr'>etiam</span> <span class='ocrx_word' id='word_1_403' title='bbox 1673 2521 1719 2556; x_wconf 86' lang='lat' dir='ltr'>de</span> <span class='ocrx_word' id='word_1_404' title='bbox 1746 2521 1980 2556; x_wconf 82' lang='lat' dir='ltr'>evidentibus</span> 
     </span>
     <span class='ocr_line' id='line_1_42' title="bbox 360 2576 1979 2621; baseline 0 -10"><span class='ocrx_word' id='word_1_405' title='bbox 360 2577 476 2612; x_wconf 86' lang='lat' dir='ltr'>causis</span> <span class='ocrx_word' id='word_1_406' title='bbox 494 2577 559 2610; x_wconf 90' lang='lat' dir='ltr'>aut</span> <span class='ocrx_word' id='word_1_407' title='bbox 575 2576 693 2621; x_wconf 83' lang='lat' dir='ltr'>nugis,</span> <span class='ocrx_word' id='word_1_408' title='bbox 720 2576 907 2610; x_wconf 85' lang='lat' dir='ltr'>afferendo</span> <span class='ocrx_word' id='word_1_409' title='bbox 926 2576 963 2610; x_wconf 91' lang='lat' dir='ltr'>in</span> <span class='ocrx_word' id='word_1_410' title='bbox 981 2578 1176 2620; x_wconf 85' lang='lat' dir='ltr'>utramque</span> <span class='ocrx_word' id='word_1_411' title='bbox 1201 2578 1346 2621; x_wconf 87' lang='lat' dir='ltr'>partem</span> <span class='ocrx_word' id='word_1_412' title='bbox 1364 2577 1587 2611; x_wconf 84' lang='lat' dir='ltr'>facientibus</span> <span class='ocrx_word' id='word_1_413' title='bbox 1604 2577 1810 2611; x_wconf 83' lang='lat' dir='ltr'>rationibus</span> <span class='ocrx_word' id='word_1_414' title='bbox 1827 2577 1905 2612; x_wconf 89' lang='lat' dir='ltr'>sive</span> <span class='ocrx_word' id='word_1_415' title='bbox 1922 2588 1979 2612; x_wconf 89' lang='lat' dir='ltr'>ca-</span> 
     </span>
     <span class='ocr_line' id='line_1_43' title="bbox 359 2630 1454 2677; baseline 0.001 -11"><span class='ocrx_word' id='word_1_416' title='bbox 359 2632 622 2666; x_wconf 77' lang='lat' dir='ltr'>villationibus.</span> <span class='ocrx_word' id='word_1_417' title='bbox 649 2632 817 2667; x_wconf 81' lang='lat' dir='ltr'>solebant</span> <span class='ocrx_word' id='word_1_418' title='bbox 842 2634 966 2666; x_wconf 88' lang='lat' dir='ltr'>autem</span> <span class='ocrx_word' id='word_1_419' title='bbox 993 2630 1039 2666; x_wconf 79' lang='grc' dir='ltr'>τὰ</span> <span class='ocrx_word' id='word_1_420' title='bbox 1064 2633 1192 2667; x_wconf 89' lang='lat' dir='ltr'>contra</span> <span class='ocrx_word' id='word_1_421' title='bbox 1216 2633 1454 2677; x_wconf 80' lang='lat' dir='ltr'>praemjttere.</span> 
     </span>
    </p>

    <p class='ocr_par' dir='ltr' id='par_1_21' title="bbox 270 2687 1180 2732">
     <span class='ocr_line' id='line_1_44' title="bbox 270 2687 1180 2732; baseline 0 -10"><span class='ocrx_word' id='word_1_422' title='bbox 270 2692 323 2722; x_wconf 75' lang='lat'>25.</span> <span class='ocrx_word' id='word_1_423' title='bbox 342 2700 420 2731; x_wconf 87' lang='lat' dir='ltr'>sqq.</span> <span class='ocrx_word' id='word_1_424' title='bbox 445 2687 620 2731; x_wconf 72' lang='lat' dir='ltr'>fecerunt]</span> <span class='ocrx_word' id='word_1_425' title='bbox 647 2688 691 2722; x_wconf 88' lang='lat' dir='ltr'>cf.</span> <span class='ocrx_word' id='word_1_426' title='bbox 710 2688 757 2721; x_wconf 76' lang='lat' dir='ltr'>acl</span> <span class='ocrx_word' id='word_1_427' title='bbox 782 2689 990 2732; x_wconf 86' lang='lat' dir='ltr'>superiores</span> <span class='ocrx_word' id='word_1_428' title='bbox 1016 2701 1044 2722; x_wconf 80' lang='lat' dir='ltr'>v,</span> <span class='ocrx_word' id='word_1_429' title='bbox 1061 2698 1180 2723; x_wconf 79' lang='lat'>14...17.</span> 
     </span>
    </p>

    <p class='ocr_par' dir='ltr' id='par_1_22' title="bbox 271 2743 1978 2848">
     <span class='ocr_line' id='line_1_45' title="bbox 271 2743 1978 2788; baseline 0.001 -11"><span class='ocrx_word' id='word_1_430' title='bbox 271 2748 312 2778; x_wconf 81' lang='lat'>&#39;28</span> <span class='ocrx_word' id='word_1_431' title='bbox 340 2743 554 2787; x_wconf 76' lang='lat' dir='ltr'>Carmelitcc]</span> <span class='ocrx_word' id='word_1_432' title='bbox 587 2743 727 2778; x_wconf 78' lang='lat' dir='ltr'>Theocl.</span> <span class='ocrx_word' id='word_1_433' title='bbox 747 2743 792 2778; x_wconf 81' lang='lat' dir='ltr'>(le</span> <span class='ocrx_word' id='word_1_434' title='bbox 825 2743 956 2778; x_wconf 78' lang='lat' dir='ltr'>Gamla</span> <span class='ocrx_word' id='word_1_435' title='bbox 987 2744 1051 2787; x_wconf 65' lang='lat' dir='ltr'>(cf.</span> <span class='ocrx_word' id='word_1_436' title='bbox 1071 2744 1149 2778; x_wconf 84' lang='lat' dir='ltr'>Iud.</span> <span class='ocrx_word' id='word_1_437' title='bbox 1168 2756 1252 2778; x_wconf 88' lang='lat' dir='ltr'>scrr.</span> <span class='ocrx_word' id='word_1_438' title='bbox 1270 2756 1304 2788; x_wconf 88' lang='lat' dir='ltr'>p.</span> <span class='ocrx_word' id='word_1_439' title='bbox 1324 2746 1534 2787; x_wconf 73' lang='lat' dir='ltr'>82.11.xv1.)</span> <span class='ocrx_word' id='word_1_440' title='bbox 1562 2744 1762 2779; x_wconf 78' lang='lat' dir='ltr'>Car-melita</span> <span class='ocrx_word' id='word_1_441' title='bbox 1793 2744 1876 2779; x_wconf 88' lang='lat' dir='ltr'>fuit.</span> <span class='ocrx_word' id='word_1_442' title='bbox 1924 2745 1978 2779; x_wconf 94' lang='lat' dir='ltr'>De</span> 
     </span>
     <span class='ocr_line' id='line_1_46' title="bbox 360 2798 1958 2848; baseline 0.003 -17"><span class='ocrx_word' id='word_1_443' title='bbox 360 2798 648 2833; x_wconf 77' lang='lat' dir='ltr'>Lovaniensibus</span> <span class='ocrx_word' id='word_1_444' title='bbox 674 2800 718 2833; x_wconf 90' lang='lat' dir='ltr'>cf.</span> <span class='ocrx_word' id='word_1_445' title='bbox 736 2799 943 2834; x_wconf 87' lang='lat' dir='ltr'>Hochstrat.</span> <span class='ocrx_word' id='word_1_446' title='bbox 963 2801 1086 2834; x_wconf 84' lang='lat' dir='ltr'>ovant.</span> <span class='ocrx_word' id='word_1_447' title='bbox 1104 2800 1182 2836; x_wconf 78' lang='lat' dir='ltr'>lud.</span> <span class='ocrx_word' id='word_1_448' title='bbox 1200 2811 1285 2837; x_wconf 82' lang='lat' dir='ltr'>serr,</span> <span class='ocrx_word' id='word_1_449' title='bbox 1302 2813 1338 2845; x_wconf 86' lang='lat' dir='ltr'>p.</span> <span class='ocrx_word' id='word_1_450' title='bbox 1356 2805 1411 2835; x_wconf 83' lang='lat'>33.</span> <span class='ocrx_word' id='word_1_451' title='bbox 1429 2807 1479 2834; x_wconf 67' lang='grc' dir='ltr'>η’).</span> <span class='ocrx_word' id='word_1_452' title='bbox 1492 2813 1639 2834; x_wconf 65' lang='lat' dir='ltr'>mnu.</span> <span class='ocrx_word' id='word_1_453' title='bbox 1955 2846 1958 2848; x_wconf 15' lang='grc' dir='ltr'><em>Ὗ</em></span> 
     </span>
    </p>

    <p class='ocr_par' dir='ltr' id='par_1_23' title="bbox 271 2855 1977 3011">
     <span class='ocr_line' id='line_1_47' title="bbox 271 2855 1976 2901; baseline 0.001 -13"><span class='ocrx_word' id='word_1_454' title='bbox 271 2858 312 2888; x_wconf 80' lang='lat'>29</span> <span class='ocrx_word' id='word_1_455' title='bbox 337 2855 518 2898; x_wconf 72' lang='lat' dir='ltr'>Iacobitoe]</span> <span class='ocrx_word' id='word_1_456' title='bbox 545 2855 567 2888; x_wconf 90' lang='lat' dir='ltr'>i.</span> <span class='ocrx_word' id='word_1_457' title='bbox 588 2866 617 2890; x_wconf 87' lang='lat' dir='ltr'>e.</span> <span class='ocrx_word' id='word_1_458' title='bbox 635 2866 709 2889; x_wconf 90' lang='lat' dir='ltr'>non</span> <span class='ocrx_word' id='word_1_459' title='bbox 734 2856 882 2900; x_wconf 88' lang='lat' dir='ltr'>proprie</span> <span class='ocrx_word' id='word_1_460' title='bbox 908 2856 959 2890; x_wconf 90' lang='lat' dir='ltr'>sic</span> <span class='ocrx_word' id='word_1_461' title='bbox 985 2855 1074 2890; x_wconf 84' lang='lat' dir='ltr'>dicti</span> <span class='ocrx_word' id='word_1_462' title='bbox 1093 2855 1288 2890; x_wconf 85' lang='lat' dir='ltr'>Christiani</span> <span class='ocrx_word' id='word_1_463' title='bbox 1315 2856 1513 2891; x_wconf 82' lang='lat' dir='ltr'>orientales</span> <span class='ocrx_word' id='word_1_464' title='bbox 1537 2856 1806 2901; x_wconf 66' lang='lat' dir='ltr'>monophysitae</span> <span class='ocrx_word' id='word_1_465' title='bbox 1825 2856 1976 2900; x_wconf 82' lang='lat' dir='ltr'>Syriaci,</span> 
     </span>
     <span class='ocr_line' id='line_1_48' title="bbox 360 2909 1977 2954; baseline 0.002 -12"><span class='ocrx_word' id='word_1_466' title='bbox 360 2909 423 2943; x_wconf 81' lang='lat' dir='ltr'>sed</span> <span class='ocrx_word' id='word_1_467' title='bbox 439 2909 695 2944; x_wconf 69' lang='lat' dir='ltr'>haereticorum</span> <span class='ocrx_word' id='word_1_468' title='bbox 712 2911 939 2954; x_wconf 74' lang='lat' dir='ltr'>inquisitoris</span> <span class='ocrx_word' id='word_1_469' title='bbox 956 2912 1081 2946; x_wconf 82' lang='lat' dir='ltr'>Iacobi</span> <span class='ocrx_word' id='word_1_470' title='bbox 1097 2912 1309 2946; x_wconf 81' lang='lat' dir='ltr'>Hoclistrati</span> <span class='ocrx_word' id='word_1_471' title='bbox 1326 2913 1527 2946; x_wconf 85' lang='lat' dir='ltr'>confratres</span> <span class='ocrx_word' id='word_1_472' title='bbox 1545 2914 1583 2946; x_wconf 89' lang='lat' dir='ltr'>et</span> <span class='ocrx_word' id='word_1_473' title='bbox 1599 2912 1857 2946; x_wconf 82' lang='lat' dir='ltr'>adsectatores.</span> <span class='ocrx_word' id='word_1_474' title='bbox 1903 2912 1940 2946; x_wconf 88' lang='lat' dir='ltr'>‘J</span> <span class='ocrx_word' id='word_1_475' title='bbox 1943 2923 1977 2946; x_wconf 90' lang='lat' dir='ltr'>a-</span> 
     </span>
     <span class='ocr_line' id='line_1_49' title="bbox 361 2964 1106 3011; baseline 0.004 -12"><span class='ocrx_word' id='word_1_476' title='bbox 361 2964 514 3006; x_wconf 87' lang='lat' dir='ltr'>cobini&#39;,</span> <span class='ocrx_word' id='word_1_477' title='bbox 541 2966 868 3011; x_wconf 79' lang='lat' dir='ltr'>ap.Wi1nplieling</span> <span class='ocrx_word' id='word_1_478' title='bbox 892 2967 939 3001; x_wconf 83' lang='lat' dir='ltr'>ad</span> <span class='ocrx_word' id='word_1_479' title='bbox 962 2979 998 3011; x_wconf 87' lang='lat' dir='ltr'>p.</span> <span class='ocrx_word' id='word_1_480' title='bbox 1016 2969 1106 3004; x_wconf 55' lang='lat'>26²³.</span> 
     </span>
    </p>

    <p class='ocr_par' dir='ltr' id='par_1_24' title="bbox 273 3020 1538 3066">
     <span class='ocr_line' id='line_1_50' title="bbox 273 3020 1538 3066; baseline 0.003 -13"><span class='ocrx_word' id='word_1_481' title='bbox 273 3025 315 3054; x_wconf 88' lang='lat'>30</span> <span class='ocrx_word' id='word_1_482' title='bbox 343 3020 483 3054; x_wconf 66' lang='lat' dir='ltr'>‘mirari</span> <span class='ocrx_word' id='word_1_483' title='bbox 510 3023 539 3054; x_wconf 73' lang='lat' dir='ltr'>et</span> <span class='ocrx_word' id='word_1_484' title='bbox 565 3021 710 3063; x_wconf 87' lang='lat' dir='ltr'>mirare,</span> <span class='ocrx_word' id='word_1_485' title='bbox 737 3022 836 3065; x_wconf 82' lang='lat' dir='ltr'>quod</span> <span class='ocrx_word' id='word_1_486' title='bbox 861 3025 893 3056; x_wconf 77' lang='lat' dir='ltr'>et</span> <span class='ocrx_word' id='word_1_487' title='bbox 917 3023 1121 3066; x_wconf 82' lang='lat' dir='ltr'>quomodo&#39;</span> <span class='ocrx_word' id='word_1_488' title='bbox 1148 3023 1292 3057; x_wconf 84' lang='lat' dir='ltr'>Nostris</span> <span class='ocrx_word' id='word_1_489' title='bbox 1316 3024 1354 3057; x_wconf 89' lang='lat' dir='ltr'>in</span> <span class='ocrx_word' id='word_1_490' title='bbox 1379 3035 1447 3058; x_wconf 91' lang='lat' dir='ltr'>usu</span> <span class='ocrx_word' id='word_1_491' title='bbox 1473 3024 1538 3057; x_wconf 90' lang='lat' dir='ltr'>est.</span> 
     </span>
    </p>
   </div>
  </div>
 </body>
</html>
