2119 3522
256 208 351 253 508
749 220 854 241 mnsx
880 217 1131 239 BioenArfflcvs
1155 216 1197 237 ET
1221 215 1464 238 ONOMAS'HCVS.

254 338 345 370 aulae
370 334 584 378 primoribus
607 332 741 364 indolis
774 331 962 372 elegantia
987 339 1029 361 ac
1054 328 1274 360 dexteritate
1298 339 1434 360 morum
1459 329 1592 370 optimo
1617 329 1694 361 iure
1721 331 1961 372 gratissimus.

252 392 414 424 Nondum
439 394 562 421 tamen
589 387 716 426 statui,
746 389 865 418 utrum
888 384 1152 426 &Vimphelingi
1177 395 1269 416 mors
1295 384 1541 426 gratulatione
1566 384 1709 426 dignior
1732 386 1797 426 sit,
1830 397 1877 418 an
1901 386 1960 418 de-

251 447 465 490 ploratione.
513 445 652 475 Annum
671 443 797 484 attigit
815 451 905 483 pene
925 440 1196 482 octogesimum,
1224 440 1358 472 diutius
1375 441 1485 472 etiam
1503 440 1682 481 victurus,
1710 441 1741 472 si
1758 441 1963 482 corpusculi

252 501 453 534 deficientis
483 500 659 531 rationem
690 497 801 529 ullam
833 498 967 529 habere
992 497 1194 528 voluisset:
1228 500 1264 528 et
1289 496 1486 528 subductus
1518 500 1573 528 est
1602 496 1688 528 huic
1720 497 1860 537 seculo,
1892 507 1961 538 quo

251 558 341 590 nihil
366 556 452 598 fingi
476 559 594 597 potest
618 554 858 594 inquinatius.
906 553 1089 584 Postremo
1107 552 1197 583 nihil
1216 552 1408 592 addubito,
1435 552 1520 593 quin
1538 553 1623 584 vitae
1641 552 1852 583 innocenter
1869 555 1962 584 actae

251 613 406 656 praemiis
430 612 501 643 iam
528 611 669 642 fruatur
693 609 790 651 apud
816 609 956 641 coelites
976 634 982 641 .
1005 634 1011 640 .
1033 608 1073 640 .“

252 699 500 731 WIMPINVS.
523 693 594 729 vid.
616 689 859 740 Angelinus.

253 788 471 821 WIREKER
501 783 571 818 vid.
595 780 825 817 Brunellus.

252 879 391 918 WIRT,
424 867 696 921 W⁷igandus¹⁷
744 869 896 906 ordinis
927 869 1234 920 praedicatorum
1267 868 1316 906 de
1348 867 1606 906 observantia
1637 881 1666 907 s,
1689 868 1894 906 Dominici
1925 873 1964 906 et

251 928 465 978 theologia:
496 927 702 977 professor
721 926 982 963 Francosurti
1014 925 1066 962 ad
1087 925 1265 962 Moenum
1289 923 1340 972 (p.
1358 929 1400 959 74
1410 923 1433 971 ⁹,
1454 930 1516 959 196
1530 922 1582 973 ¹¹),
1616 925 1773 974 scriptis
1796 929 1835 961 et
1856 924 1962 961 frau-

254 984 370 1022 dibus
410 989 550 1021 contra
588 982 873 1020 inmaculatam
903 982 1072 1032 virginis
1112 981 1437 1031 conceptionem,
1479 986 1517 1018 et
1549 987 1688 1018 contra
1717 979 1962 1018 Wesalium²

341 1139 373 1179 1)
391 1140 476 1180 Ipse
502 1148 708 1179 praenomen
734 1138 839 1178 quasi
863 1140 958 1168 esset
983 1137 1173 1178 H'z'eylzand
1189 1136 1226 1167 in
1253 1135 1461 1177 ‘pensantis
1479 1133 1624 1167 manus’
1650 1135 1867 1167 vocabulum
1885 1146 1963 1177 per-

339 1195 451 1227 vertit
475 1194 593 1236 potius
620 1204 726 1235 quam
751 1194 880 1233 vertit,
915 1195 951 1224 et
976 1192 1145 1233 Cauponz's
1170 1192 1343 1223 Latinum
1372 1201 1503 1223 nomen
1529 1191 1638 1223 etiam
1663 1194 1812 1233 propter
1836 1192 1966 1233 impro-

338 1251 507 1290 bitatem,
545 1250 709 1291 quamvis
739 1260 811 1281 non
841 1260 920 1281 eam
954 1259 1060 1290 quam
1091 1248 1256 1289 praetoris
1289 1247 1445 1279 edictum
1474 1247 1670 1289 reprimere
1702 1247 1834 1286 voluit,
1874 1248 1964 1279 satis

338 1307 432 1338 bene
459 1306 490 1338 ei
515 1306 699 1340 convenit.
836 1304 870 1345 ⁶2)
896 1306 978 1346 Ipse
996 1304 1216 1336 Trithemius
1241 1304 1279 1335 in
1297 1304 1426 1335 Chron.
1446 1302 1638 1345 Spanhem.
1658 1302 1703 1334 ad
1721 1313 1754 1334 a.
1775 1303 1872 1337 1494.
1892 1302 1962 1344 (ed.

339 1362 488 1394 Freher.
515 1362 574 1395 Ff.
596 1362 692 1393 1601.
718 1361 779 1395 fol.
804 1362 850 1394 ΙΙ.
877 1372 910 1402 p.
928 1362 1005 1392 405.
1025 1360 1101 1401 sq.)
1128 1370 1167 1392 se
1192 1371 1224 1391 a.
1246 1361 1343 1392 1494.
1362 1360 1553 1401 scripsisse
1584 1359 1714 1391 librum
1745 1361 1786 1391 cle
1809 1360 1965 1391 laudibus

340 1419 375 1450 S.
392 1423 503 1450 Annoe
520 1417 650 1457 refert,
678 1417 746 1457 „in
771 1418 874 1449 cuius
893 1418 922 1448 7.
942 1427 1017 1458 cap.
1038 1416 1082 1448 de
1104 1416 1297 1459 purissima
1315 1416 1552 1457 conceptione
1569 1414 1641 1447 Dei
1658 1415 1855 1457 genetricis
1874 1415 1965 1447 facit

339 1475 569 1508 mentionem.
622 1473 739 1504 Huius
773 1473 965 1505 occasione
993 1473 1150 1504 surrexit
1175 1472 1319 1513 quidam
1343 1472 1387 1503 de
1414 1471 1538 1503 ordine
1563 1471 1858 1513 praedicatorum,
1891 1472 1966 1503 Wi-

340 1531 469 1571 gandis
494 1529 678 1571 Cauponis
703 1529 861 1569 nomine,
893 1529 1113 1571 praedicator
1141 1531 1341 1559 conventus
1366 1527 1725 1567 Franckfordiensis,
1758 1527 1863 1559 homo
1889 1527 1964 1569 qui-

341 1586 420 1618 dem
446 1586 538 1617 satis
563 1585 706 1626 doctus,
732 1585 795 1616 sed
821 1585 967 1616 nimium
992 1585 1206 1616 temerarius
1234 1587 1270 1615 et
1294 1584 1486 1625 superbus,
1513 1593 1601 1625 opus
1629 1581 1852 1625 [‘Dyalogus
1868 1583 1963 1626 Apo-

339 1643 522 1683 logeticus
549 1641 722 1673 adversus
746 1641 987 1673 Trithemium
1013 1640 1054 1671 de
1080 1639 1329 1682 Conceptione
1356 1639 1518 1681 Virginis
1542 1640 1694 1671 Mariae.
1720 1639 1965 1681 Oppenhemii

342 1700 438 1730 1494.
457 1696 518 1732 4⁰.’
568 1698 678 1730 Hain.
697 1702 747 1730 ns'.
769 1695 924 1738 16219.],
950 1699 1125 1738 quantum
1144 1697 1189 1728 ad
1206 1696 1404 1738 puritatem
1423 1697 1676 1738 conceptionis
1701 1697 1877 1738 pertinet,
1902 1696 1964 1727 im-

339 1764 502 1796 pugnare
526 1753 659 1792 vohxit,
692 1753 821 1785 literas
847 1757 973 1785 contra
999 1752 1238 1784 Trithemium
1271 1750 1477 1793 (occultato
1508 1752 1701 1784 scribentis
1729 1752 1872 1784 nomine
1898 1752 1963 1784 sub

339 1810 462 1842 fratris
488 1810 840 1841 Pensantis-manus
864 1807 1063 1851 vocabulo)
1096 1819 1161 1851 per
1185 1809 1354 1840 nuncium
1379 1808 1557 1839 incertum
1582 1807 1627 1839 ad.
1652 1807 1754 1839 illum
1778 1808 1896 1848 misit,
1929 1810 1965 1839 et

341 1866 446 1906 quasi
476 1866 570 1898 male
603 1866 643 1897 de
674 1866 909 1906 conceptione
940 1866 1146 1907 scripserit,
1177 1865 1268 1896 satis
1300 1863 1428 1895 timide
1458 1864 1676 1905 increpavit.
1724 1863 1791 1895 Cui
1821 1863 1963 1895 Trithe-

339 1922 429 1953 mius
459 1922 496 1953 in
520 1922 599 1953 haec
622 1921 737 1954 verba
763 1922 968 1963 rescripsit:
1006 1922 1120 1963 Aegsre
1148 1921 1275 1961 ferrem
1306 1921 1449 1952 convitia
1479 1924 1537 1951 tua
1568 1924 1599 1951 et
1624 1920 1828 1961 opprobria,
1859 1922 1964 1952 lector

337 1979 553 2014 innominale,
586 1979 649 2009 nisi
676 1983 707 2009 te
730 1979 827 2019 Jst'avi
849 1978 961 2010 morbo
987 1978 1086 2009 animi
1108 1977 1266 2009 laborare
1290 1978 1525 2017 intelliyerem,
1557 1977 1613 2017 qui
1636 1986 1738 2018 usque
1763 1977 1848 2008 adeo
1873 1977 1908 2007 in
1931 1980 1963 2008 te

336 2036 555 2075 praevaluisse
579 2037 743 2071 cernitur,
775 2039 809 2065 ηί
839 2035 1054 2075 eoeperz'entz'a
1077 2034 1274 2065 medicorum
1298 2033 1463 2073 principis
1487 2031 1674 2072 <1Esczdapz'z‘
1701 2033 1895 2063 necessaria
1920 2033 1966 2064 ad

337 2092 384 2121 tui
408 2101 520 2121 caram
544 2091 707 2122 videatur.
755 2090 791 2121 in
818 2089 886 2122 fine
914 2093 1036 2121 autem
1062 2090 1114 2121 sic
1141 2089 1333 2130 epistolam
1359 2087 1555 2120 conclusit:
1593 2088 1632 2119 Si
1654 2088 1830 2130 reliyiosus
1855 2099 1906 2125 eS,
1934 2089 1966 2120 si

335 2147 504 2186 fraternae
534 2147 710 2178 eharitatis
741 2151 886 2183 amator,
918 2157 939 2177 a
964 2147 1115 2178 convitiis
1146 2150 1179 2177 el
1202 2146 1388 2177 maledictis
1416 2150 1446 2176 te
1471 2145 1566 2176 modo
1592 2144 1747 2176 cohibere
1772 2154 1837 2176 non
1861 2145 1963 2186 negli-

335 2213 413 2244 gas,
445 2214 551 2244 neque,
582 2204 615 2233 in
641 2208 696 2234 tua
723 2203 908 2243 prudentia
937 2207 1056 2233 contra
1080 2203 1318 2233 immacalatam
1342 2202 1408 2232 Dei
1436 2202 1629 2242 genitricem
1654 2205 1777 2232 temere
1802 2201 1963 2240 confidas,

339 2260 403 2290 nisi
426 2260 486 2291 hoc
507 2259 649 2299 feceris,
675 2261 739 2290 erit
764 2263 906 2300 tempus,
933 2269 996 2299 quo
1020 2260 1150 2299 scripta
1174 2262 1249 2295 tua,
1275 2258 1434 2288 irrisione
1459 2258 1666 2298 cliym'ssz‘ma,
1693 2258 1726 2287 in
1752 2260 1854 2297 caput
1877 2260 1964 2288 tuam

339 2316 466 2345 reiecta
495 2314 631 2348 dolebis,
687 2314 775 2345 Cum
812 2314 868 2345 his
905 2314 1022 2345 literis
1054 2317 1090 2344 et
1120 2313 1206 2345 aliis
1236 2313 1429 2345 latioribus
1461 2312 1682 2343 Trithemius
1719 2313 1819 2343 misit
1847 2312 1962 2344 virum

340 2369 518 2411 quendam
544 2374 580 2401 et
605 2370 783 2401 eruditum
809 2370 854 2401 ad
878 2369 1184 2401 Franckfordiam
1212 2367 1307 2411 (erat
1333 2372 1454 2399 autem
1479 2369 1517 2399 in
1542 2368 1699 2399 adventu
1716 2367 1877 2410 Domini)
1903 2370 1964 2410 qui

340 2425 435 2467 apud
459 2425 716 2467 praedicatores
742 2425 968 2467 exploraret,
995 2425 1075 2466 quis
1103 2428 1200 2456 esset
1224 2424 1285 2456 ille
1311 2424 1425 2456 frater
1444 2424 1775 2457 Pensans-manus.
1821 2425 1858 2455 Is
1885 2434 1962 2456 cum

338 2481 399 2513 illo
430 2475 610 2522 venisset,
647 2481 825 2513 industria
860 2491 961 2520 usus,
999 2481 1174 2522 comperit
1205 2490 1284 2511 esse
1316 2480 1508 2521 praefatum
1538 2479 1712 2512 lectorem
1742 2480 1963 2522 VVigandurn

339 2537 532 2578 Cauponis.
580 2538 659 2569 Hoc
691 2548 770 2569 cum
803 2538 848 2568 ad
874 2537 1112 2569 Trithemium
1137 2536 1340 2576 retulisset,
1373 2540 1487 2567 ortum
1520 2540 1575 2568 est
1601 2536 1736 2577 grande
1761 2536 1963 2568 literarium

339 2594 434 2625 inter
459 2604 520 2625 eos
545 2593 698 2634 bellum,
725 2593 818 2635 quod
844 2594 957 2625 ferme
984 2603 1046 2635 per
1070 2592 1255 2624 biennium
1281 2593 1377 2623 inter
1400 2603 1460 2624 eos
1480 2592 1636 2627 duravit,
1683 2592 1768 2624 Mox
1789 2593 1883 2623 enim
1902 2592 1963 2624 ad-

338 2660 465 2682 versus
483 2649 699 2691 lVigandum
724 2649 856 2691 plures·
870 2649 938 2681 viri
964 2649 1183 2688 doctissimi,
1211 2648 1418 2680 defensores
1435 2648 1611 2680 Marianae
1638 2649 1823 2690 puritatis,
1850 2651 1963 2680 metro

338 2706 562 2746 scripserunt
591 2709 626 2737 et
650 2715 776 2747 prosa,
807 2705 939 2736 librum
964 2704 1157 2736 Trithemii
1190 2708 1225 2736 et
1255 2714 1400 2736 sensum
1435 2705 1513 2735 eius
1543 2704 1586 2736 de
1620 2704 1858 2745 conceptione
1885 2705 1963 2736 eius

339 2761 532 2802 purissima
562 2761 808 2794 defensantes.
859 2761 1012 2793 Biennio
1044 2761 1192 2792 tandem
1224 2760 1347 2803 elapso
1379 2760 1572 2793 concordia
1602 2761 1695 2792 inter
1726 2759 1961 2792 Trithemium

340 2820 376 2848 et
405 2818 624 2858 WVigandum
656 2818 756 2848 facta
793 2821 849 2849 est
882 2828 946 2859 per
985 2820 1160 2849 rectorem
1195 2817 1457 2849 Universitatis
1488 2816 1718 2848 Coloniensis
1748 2815 1961 2848 Udalricum

339 2872 519 2913 Kreitwys
546 2873 589 2904 de
614 2873 788 2914 Eslingen
808 2898 814 2905 .
831 2897 860 2905 ..
881 2883 924 2905 ac
950 2884 1013 2914 per
1037 2873 1212 2906 Thomam
1238 2873 1280 2905 de
1300 2873 1427 2905 Scotia
1453 2873 1544 2905 alios
1569 2884 1596 2905 s.
1615 2873 1812 2915 theologiae
1839 2872 1962 2904 docto-

339 2939 412 2967 res,
446 2928 500 2959 ita
532 2929 626 2969 quod
650 2929 851 2970 VVigandus
876 2930 1081 2970 opinionem
1107 2939 1207 2961 suam
1234 2930 1454 2961 contrariam
1479 2930 1681 2971 purissimae
1712 2928 1961 2970 conceptionis

338 2983 464 3015 Mariae
489 2986 525 3015 et
541 2984 736 3016 Trithemii
757 2985 931 3025 opusculo
958 2985 1156 3025 abiuravit,
1181 2987 1398 3026 veniamque
1424 2986 1640 3017 temeritatis
1665 2995 1740 3016 suae
1764 2987 1888 3025 petere
1915 2985 1959 3015 ab

337 3039 416 3081 ipso
446 3039 644 3072 Trithemio
677 3040 882 3082 compulsus
914 3041 1001 3081 fuit,
1041 3044 1077 3072 et
1109 3041 1204 3082 quod
1233 3041 1396 3073 remissis
1427 3041 1573 3073 iniuriis
1603 3040 1767 3073 omnibus
1798 3039 1893 3072 alter
1923 3040 1960 3071 in
