2119 3522
329 206 425 251 604
841 218 1105 242 COMMENTARlvs
1129 218 1175 239 AD
1200 219 1273 240 EPP.
1291 218 1322 240 0.
1339 219 1372 240 v.
1397 218 1475 240 von.
1492 219 1515 240 1.

326 281 413 321 Pag.
432 280 495 316 54.

325 337 367 367 26
391 334 506 367 intox.
526 332 573 366 αἶ.
591 332 692 375 imp]
718 329 870 364 Henrici
893 328 975 362 VII.
1009 327 1053 362 of.
1072 328 1118 362 ad
1143 330 1232 364 34³⁶.

324 392 367 422 28
391 388 592 431 Psalmum]
619 398 714 420 cvm.
741 386 805 429 qui
834 385 885 418 sic
915 383 1064 428 incipit:
1105 383 1253 426 ,‚Deus‚
1285 384 1435 419 laudem
1459 395 1582 418 meam
1605 395 1651 419 ne
1676 385 1852 427 tacueris,
1885 385 1973 430 quia
1997 397 2036 420 os

413 443 617 487 peccatoris
647 442 686 475 et
716 452 754 475 os
785 440 903 474 dolosi
933 451 1044 484 super
1079 450 1138 474 me
1169 441 1341 484 apertum
1374 441 1439 474 est.
1493 439 1623 474 Locuti
1655 441 1740 474 sunt
1769 440 1945 475 adversus
1975 452 2035 476 me

413 498 541 542 lingua
558 497 695 539 dolosa,
723 498 760 530 et
784 495 1014 530 sermonibus
1039 495 1115 530 odii·
1133 495 1460 530 circumdederunt
1482 506 1553 538 me,
1581 497 1619 530 et
1643 497 1953 540 expugnaverunt
1975 508 2034 531 me

413 554 537 598 gratis.
585 552 655 587 Pro
682 563 725 586 eo
747 554 793 586 ut
815 563 874 586 me
901 551 1113 596 diligerent,
1141 551 1389 586 detrahebant
1411 551 1519 593 mihi3
1547 562 1616 596 ego
1642 553 1767 585 autem
1792 552 1954 586 orabam.
1989 552 2037 587 Et

412 610 617 653 posuerunt
641 608 837 642 adversum
861 618 921 642 me
946 607 1045 642 mala
1068 618 1135 652 pro
1160 607 1266 642 bom's
1291 607 1329 641 et
1345 606 1472 641 odium
1495 618 1562 651 pro
1588 607 1788 642 dilectione
1812 618 1906 642 mea.
1945 608 2036 643 Con-

412 665 523 699 stitue
548 675 660 708 super
685 674 769 698 eum
786 664 1032 707 peccatorem,
1061 664 1099 697 et
1122 663 1292 697 diabolus
1308 663 1382 697 stet
1406 674 1426 696 a
1445 662 1584 697 dextris
1609 662 1703 705 eius;
1730 674 1815 697 eum
1838 663 2035 706 iudicatur,

413 722 521 755 exeat
544 720 821 761 condemnatus,
848 719 886 753 et
910 719 1028 753 oratio
1055 718 1132 753 eius
1157 718 1223 752 fiat
1252 718 1290 752 in
1314 719 1520 763 peccatum.
1568 718 1688 753 Fiant
1713 719 1790 753 dies
1814 720 1891 754 eius
1907 721 2036 763 pauci,

413 779 444 810 et
469 777 711 819 episcopatum
739 775 815 809 eius
839 775 998 818 accipiat
1023 775 1142 809 alter“
1167 778 1228 809 etc.

323 836 364 867 32
390 836 440 867 est
462 832 584 876 senex]
610 831 853 872 Reuchlinus,
881 842 964 865 cum
987 831 1066 865 haec
1092 829 1249 874 epistola
1273 830 1506 872 scriberetur,
1533 830 1794 875 sexagenarius
1818 830 1899 865 suit.

322 980 406 1022 Pag.
422 979 486 1015 55.
556 976 791 1012 EPISTOLA
810 978 872 1015 36.
910 975 1405 1010 EITELNARRABIANVS
1423 975 1487 1009 DE
1503 975 1780 1010 PESSENECK
1803 976 2033 1012 ORTVINO.

368 1055 406 1090 Si
431 1067 504 1100 qua
526 1056 636 1090 huius
660 1055 771 1100 primi
788 1055 986 1090 voluminis
1012 1054 1169 1099 epistola
1193 1055 1329 1098 praeter
1349 1058 1397 1088 19.
1417 1054 1462 1088 ab
1486 1053 1698 1089 Hermanno
1716 1054 1874 1089 Busohio
1899 1056 2037 1100 scripta

412 1114 478 1154 est,
492 1112 586 1146 hano
605 1111 639 1145 ei
663 1111 932 1155 adscripserim,
959 1110 1023 1144 secl
1048 1111 1172 1144 tamen
1188 1110 1266 1144 haec
1284 1120 1430 1154 quoque
1455 1109 1493 1143 in
1518 1120 1591 1144 non
1614 1110 1726 1144 nullis
1749 1110 1918 1154 partibus
1936 1111 2038 1146 Croti

412 1178 563 1201 manum
589 1168 743 1211 experta
767 1166 948 1200 videatur.

321 1227 340 1257 6
365 1223 400 1256 A
426 1226 563 1257 natura
589 1251 594 1256 .
615 1251 620 1256 .
641 1251 646 1256 .
673 1223 880 1267 autenticis]
906 1222 996 1256 Nati
1020 1233 1144 1256 sumus
1170 1223 1238 1256 eto.
1271 1221 1326 1256 De
1344 1222 1499 1266 peceato
1523 1221 1697 1266 originali
1721 1222 1799 1267 agit
1814 1221 1913 1257 Petr.
1931 1222 2035 1257 Lom-

410 1279 512 1313 bard.
530 1279 592 1313 lib.
611 1278 656 1312 II.
673 1279 754 1312 dist.
774 1283 826 1313 30.

321 1338 341 1369 8
371 1334 587 1379 lVormatia]
614 1334 692 1368 Hoc
717 1345 852 1369 nomen
877 1335 951 1377 iam
976 1345 1054 1368 saeo.
1073 1346 1136 1367 1111.
1155 1334 1193 1367 in
1218 1346 1325 1367 usum
1354 1333 1466 1368 venit.
1500 1332 1555 1367 De
1580 1334 1692 1367 variis
1717 1334 1877 1368 civitatis
1897 1334 2036 1370 Worms

410 1390 622 1424 nominibus
646 1390 782 1425 videsis
807 1390 931 1424 adnot.
950 1402 996 1423 m.
1015 1389 1062 1424 ad
1087 1389 1202 1424 Notit.
1222 1389 1321 1435 dign.
1342 1389 1464 1424 Occid.
1482 1401 1517 1434 p.
1536 1390 1640 1424 967*.
1658 1402 1691 1424 v,
1710 1401 1761 1434 sq.

321 1451 340 1481 9
366 1450 497 1490 espect.
517 1446 559 1480 cle
576 1446 711 1481 Messia
731 1447 885 1491 cassata]
912 1446 957 1480 cle
974 1445 1109 1480 Messi-a
1122 1462 1164 1473 =
1177 1445 1330 1482 Messiae.
1380 1448 1388 1463 ⁴
1399 1444 1559 1480 Cassare.
1576 1445 1599 1479 i.
1618 1456 1798 1481 evacuare
1815 1446 1877 1481 vel
1894 1447 2035 1481 annihi-

410 1502 504 1543 lare,
530 1512 575 1536 zu
599 1502 699 1536 nicht
723 1503 890 1544 ‘machem
913 1503 1000 1536 oder
1026 1505 1161 1536 cnnzctz
1183 1502 1361 1536 maehen'.
1388 1501 1544 1535 Gemma
1561 1514 1594 1546 g.
1642 1501 1768 1536 Prima
1783 1512 1868 1546 pars
1885 1502 2036 1546 Peperi-

411 1558 576 1592 corniani
592 1558 711 1592 libelli
728 1557 773 1592 de
791 1558 941 1592 Iudaica
958 1558 1186 1592 confessione
1202 1557 1347 1600 (ofilnd.
1358 1569 1486 1602 semp.
1497 1558 1668 1600 59.n.111.>
1683 1557 1728 1591 de
1746 1557 1815 1591 hae
1832 1569 1871 1592 re
1888 1559 2034 1593 tractat.

410 1614 451 1647 In
471 1613 661 1658 „Epistola
678 1614 725 1648 ad
749 1625 875 1648 omnes
892 1614 1052 1648 maxime
1070 1615 1196 1648 tamen
1214 1614 1261 1648 ad
1278 1614 1427 1648 ludeos:
1454 1614 1492 1647 et
1508 1613 1609 1647 inani
1627 1613 1886 1657 expectatione
1901 1612 2035 1649 Messie

411 1669 587 1704 1111611113ιι
612 1669 710 1704 inter
727 1670 799 1704 alia
825 1669 1087 1714 „Compatiens
1106 1680 1193 1715 ergo
1212 1670 1334 1704 vestro
1352 1669 1478 1711 errori,
1505 1669 1646 1703 diutine
1665 1669 1729 1703 sed
1745 1680 1861 1704 vacue
1880 1670 1919 1704 et
1933 1670 2037 1705 inani

413 1725 457 1759 (16
483 1725 554 1759 alio
579 1725 713 1761 Messia
738 1726 1005 1771 expectationi,
1040 1726 1158 1760 earnis
1183 1725 1334 1770 quidem
1366 1725 1639 1760 necessitudine
1670 1725 1775 1759 vobis
1806 1726 2034 1769 conjunctus,

411 1781 475 1815 sed
506 1781 627 1815 anime
658 1781 816 1816 salutem
847 1783 965 1827 magis
995 1782 1147 1826 cupiens
1178 1782 1397 1826 opusculum
1427 1782 1497 1816 1106
1528 1792 1721 1826 aggressus
1752 1793 1832 1815 sum
1863 1782 2034 1817 traducto

410 1839 496 1872 ante
535 1838 573 1871 in
613 1837 824 1871 hebraicam
864 1838 1030 1883 linguam
1072 1839 1166 1882 (quo
1206 1837 1312 1872 vobis
1351 1837 1560 1882 promptius
1599 1837 1668 1880 sit)
1709 1837 1905 1882 evangelio
1953 1838 2034 1872 hor-

409 1893 524 1928 tandi.
544 1895 610 1927 etc.
631 1921 637 1927 .
658 1896 689 1926 .“
709 1895 747 1927 et
769 1895 899 1938 postea
925 1893 995 1937 (ed.
1018 1897 1111 1927 1507.
1129 1905 1165 1937 p.
1183 1895 1236 1936 32
1249 1895 1272 1917 ὓ·
1291 1895 1357 1937 sq.)
1382 1894 1502 1928 tribus
1525 1892 1730 1927 rationibus
1754 1893 1890 1938 probat
1917 1893 2035 1928 ‘Chri—

410 1951 507 1983 stum
537 1949 658 1983 lesum
689 1960 818 1983 verum
849 1949 1023 1984 Messiam
1054 1949 1165 1983 deum
1197 1950 1235 1983 et
1264 1949 1454 1984 hominem
1485 1949 1596 1983 fuisse
1629 1950 1667 1983 et
1698 1960 1887 1984 essetnec
1920 1950 2035 1984 alium

411 2006 682 2049 expectandum
706 2005 915 2047 Messiam',
949 2017 1106 2049 quarum
1132 2006 1213 2040 duae
1243 2005 1385 2050 priores
1410 2006 1510 2046 sunt,
1544 2004 1644 2048 quod
1667 2006 1802 2049 praeter
1826 2005 2035 2040 Iudaeorum

411 2062 708 2106 expectationem
725 2061 876 2095 Messias
893 2072 1014 2105 neque
1033 2072 1063 2095 a.
1084 2066 1190 2103 1500„
1217 2072 1338 2105 neque
1364 2072 1395 2095 a.
1416 2064 1511 2095 1502.
1531 2061 1753 2103 advenisset,
1778 2061 1892 2096 tertia
1917 2062 2035 2106 ‘quod

409 2118 566 2152 maiores
590 2118 704 2152 nostri
730 2118 952 2162 contempt-is
983 2118 1117 2152 sanctis
1141 2117 1333 2162 prophetis
1366 2117 1566 2162 plurimum
1593 2116 1640 2151 ad
1670 2116 1804 2151 falsum
1835 2117 1928 2151 illud
1952 2117 2035 2152 Tal—

410 2175 489 2208 mot
514 2185 550 2208 se
577 2174 851 2208 converterunt.

323 2234 363 2264 10
388 2229 511 2271 firasca
537 2234 567 2264 et
590 2230 802 2274 plmntasia]
829 2229 873 2263 ef.
892 2229 938 2264 ad
964 2234 1005 2265 25
1016 2232 1053 2263 ²5.

323 2290 362 2319 1²3
389 2286 562 2330 trufator]
590 2285 633 2319 cf.
653 2285 700 2319 ad
726 2287 798 2320 10³.

366 2341 460 2374 nihil
483 2341 549 2374 scit
576 2341 613 2374 in
639 2341 744 2386 hebr]
770 2341 853 2375 Non
878 2352 951 2375 uno
978 2352 1127 2376 suorum
1151 2341 1363 2376 libellorum
1386 2341 1467 2375 loco
1484 2340 1753 2385 Pepericornus
1770 2351 1873 2375 suam
1897 2341 2035 2387 linguae

410 2396 602 2431 Hebraicae
633 2396 826 2430 seientiam
855 2397 1075 2431 laudaverat
1098 2397 1409 2440 Talmudieosque
1439 2396 1554 2430 libros
1586 2407 1713 2430 omnes
1738 2408 1775 2431 se
1806 2397 1940 2442 legisse
1972 2398 2034 2432 ad-

410 2452 638 2494 firmaverat,
672 2453 714 2485 ut
736 2452 848 2496 paulo
872 2454 957 2496 post
980 2453 1045 2486 has
1069 2453 1180 2496 primi
1204 2453 1402 2487 voluminis
1428 2451 1468 2485 Ο.
1486 2451 1530 2486 V.
1549 2451 1724 2496 epistolas
1747 2453 1955 2497 publicatas
1979 2464 2034 2488 re-

410 2508 521 2552 petiit
545 2507 691 2542 Defens.
709 2520 743 2552 p.
766 2513 838 2542 171.
857 2508 913 2542 ed.
931 2520 977 2542 m.
997 2508 1209 2551 „Mentitur
1240 2508 1494 2551 (Reuohlinus)
1519 2518 1578 2541 me
1610 2518 1684 2541 non
1717 2519 1794 2543 esse
1821 2509 1972 2544 doctum
1996 2510 2034 2543 in

409 2564 539 2609 lingua
561 2564 765 2598 hebi-aica‘*
792 2565 860 2599 ete.

323 2625 362 2655 13
388 2620 463 2662 fuit
482 2648 488 2655 .
504 2648 532 2655 ..
555 2621 593 2654 ἰη
618 2620 803 2665 Morem-ia]
836 2620 1104 2665 Peperieornus
1136 2622 1294 2655 exeunte
1321 2631 1351 2655 a.
1371 2625 1467 2655 1503.
1486 2633 1511 2656 s.
1529 2622 1682 2656 ineunte
1711 2625 1806 2655 1504.
1824 2621 2034 2665 baptizatus

412 2678 476 2710 est.
506 2676 795 2720 Pepericornum
820 2677 858 2710 ’111
882 2676 1050 2711 Moravia
1074 2677 1261 2721 quondam
1285 2677 1483 2720 habitasse,
1511 2677 1601 2712 alibi
1625 2689 1684 2712 me
1709 2677 1836 2721 legere
1860 2687 1935 2711 non
1958 2688 2034 2711 me-

410 2743 511 2766 mim.

324 2790 364 2820 14
390 2787 427 2820 in
454 2788 589 2833 baucis]
615 2788 769 2831 Baneus,
795 2790 924 2824 banca.
950 2791 1199 2823 mercatorum
1223 2800 1361 2832 mensa,
1387 2789 1425 2823 in
1443 2801 1516 2834 qua
1541 2801 1682 2824 meroes
1706 2801 1789 2823 suas
1806 2789 2035 2833 emptoribus

413 2845 618 2886 exponunt,
656 2856 900 2889 nummosque
932 2847 1118 2890 emptores
1155 2845 1314 2879 solvunt.
1352 2846 1396 2879 ef.
1415 2844 1593 2890 Duoange
1624 2846 1658 2879 h.
1677 2858 1710 2879 v.
1741 2865 1784 2869 -
1816 2844 1912 2879 Diez
1940 2844 2033 2878 WB.

411 2897 534 2932 Banoo
560 2900 597 2932 it.
615 2910 665 2942 sp.
678 2911 753 2944 129„
784 2901 829 2943 fr.
847 2902 942 2935 bane
967 2902 1057 2943 tafel
1081 2902 1167 2935 oder
1191 2901 1281 2935 tisch
1305 2911 1332 2934 Ξ.
1351 2901 1380 2935 b.
1400 2901 1465 2935 cler
1488 2902 1664 2944 wechsler,
1683 2901 1901 2942 ruderbcmk,
1924 2900 2034 2934 sand-

413 2954 525 2995 banlt,
556 2955 785 2991 zimmerbock
808 2969 842 2990 11.
861 2957 935 3002 dgl.
956 2985 963 2992 .
980 2985 986 2990 .
1003 2972 1026 2999 ,3
1057 2967 1135 2991 vom
1166 2957 1248 2990 alul.
1266 2957 1387 2990 banch
1419 2958 1495 3001 (fi),
1526 2958 1621 2992 mhd.
1638 2958 1733 2991 banc
1765 2958 1832 3000 (m.
1850 2957 1889 3000 f.)
1919 2966 2032 2990 scam-

410 3020 499 3042 num
520 3036 526 3043 .
543 3036 549 3043 .
566 3012 612 3042 .“.
