2119 3522
298 174 321 217 7
330 172 391 217 60
808 183 1071 206 commnrAmvs
1095 182 1141 205 AD
1166 183 1237 205 EPP.
1256 183 1285 205 o.
1303 184 1335 205 v.
1361 183 1438 205 von.
1455 183 1491 204 11.

293 249 376 289 Pag.
396 245 486 281 284.

381 293 653 340 λεύεινὍρκον
677 293 896 340 γεινόμενον
921 293 985 329 τὸν
1005 293 1108 339 Ἔρις
1138 291 1221 329 τέκε
1252 295 1352 338 πῆμ’
1379 291 1578 339 ἐπιόρκοις.
1605 314 1646 318 -
1678 293 1772 328 Sane
1804 294 1997 328 infaustius

380 352 676 397 persecutoribus
707 350 902 385 Reuchlini
937 349 1028 384 nihil
1065 349 1216 392 accidit,
1249 361 1359 393 quam
1396 350 1465 383 hoc
1497 349 1718 394 ‘Epistolarc
1751 349 1996 384 Obscurorum

382 408 554 442 Virorum
564 408 585 442 ’.

291 470 310 498 ὅ
333 465 427 499 soh-e
450 463 598 506 nodum]
624 463 646 497 i.
665 474 694 496 e.
714 462 858 506 explica
882 462 1054 506 poemate
1073 461 1233 496 velatam
1252 472 1373 495 rerum
1392 463 1598 503 veritatem,
1624 461 1712 506 quid
1737 473 1758 495 a
1773 472 1846 505 quo
1871 461 1999 495 contra

380 530 491 563 quem
516 518 679 562 quidque
705 518 883 562 seriptum
908 518 971 559 sit,
998 518 1097 551 recte
1122 517 1318 561 intellege,
1337 538 1378 542 —
1405 519 1442 552 et
1466 517 1609 552 videbis
1633 517 1807 561 amplius,
1834 517 1873 551 et
1896 517 1998 551 vide-

380 575 436 609 bis
461 585 572 618 quam
599 585 688 608 vera
711 574 758 608 sit
780 574 858 608 haec
883 574 964 607 tota
989 573 1182 608 comcedia.

291 636 310 665 6
336 632 449 674 Impr.
467 630 569 664 Rom.
590 629 723 674 Carice]
749 629 799 663 Ut
823 629 997 663 volumen
1022 629 1183 673 primum
1201 629 1299 673 quod
1324 641 1420 664 nunc
1438 629 1583 671 dicitur,
1609 630 1631 662 i.
1650 641 1679 663 c.
1699 629 1780 663 edd.
1802 633 1912 670 1...3.,
1938 629 1999 672 (cf.

381 686 427 720 ad
454 690 515 720 181
541 685 685 727 adnot.)
712 685 879 719 Venetiis
904 687 1122 729 impressum
1154 685 1279 719 fictum
1305 686 1376 727 est,
1409 685 1462 719 ita
1484 686 1554 719 hoc
1585 685 1742 719 alterum
1769 685 1846 727 (ed.
1863 686 1914 727 4.)
1940 684 1998 718 vel

380 741 532 776 meliore
565 742 643 775 iurc
668 741 843 776 Romanae
869 740 986 775 Curiae
1016 741 1254 783 adscribitur,
1288 741 1385 775 unde
1417 751 1553 785 magna
1583 740 1823 784 epistolarum
1853 751 1938 784 pars
1962 739 1999 773 in

380 798 542 842 ipsarum
568 797 640 831 fine
665 797 775 831 missa
799 797 1003 832 simulatur.

500 921 949 976 [EPISTOLARVM
979 922 1029 964 O.
1047 921 1100 965 V.
1122 921 1419 963 NOVARVM
1450 921 1798 974 APPENDIX.]

337 1024 541 1068 Sequentes
571 1024 653 1057 octo
680 1022 862 1067 epistolas,
886 1026 1040 1057 63...70.
1068 1023 1172 1065 (nam
1200 1021 1394 1056 Calvastrii
1426 1022 1583 1065 epistola
1614 1022 1687 1055 iam
1718 1022 1814 1056 inter
1839 1021 2001 1056 Creticas

380 1079 463 1114 edd.
494 1084 587 1114 1...3.
615 1099 656 1103 —
682 1078 765 1112 vide
798 1090 908 1122 supra
932 1090 967 1123 p.
994 1082 1090 1112 1...4.
1114 1079 1152 1112 et
1175 1082 1195 1111 S
1221 1098 1261 1101 —
1287 1077 1497 1121 prodierat)
1529 1077 1690 1122 primum
1723 1077 1942 1121 prodierunt
1971 1088 2002 1110 a.

382 1139 479 1169 1517.
498 1134 534 1168 in
561 1146 603 1168 co
630 1133 816 1177 exemplo,
843 1134 941 1178 quod
967 1134 1045 1168 Ind.
1065 1134 1168 1167 editt.
1186 1145 1221 1177 p.
1240 1137 1269 1167 7.
1287 1145 1339 1177 sq.
1364 1145 1397 1166 n.
1416 1136 1446 1168 5.
1465 1133 1653 1178 descripsi.
1702 1133 1901 1167 Auctorem
1926 1133 2001 1166 sive

380 1192 548 1225 auctores
572 1190 677 1224 malis
708 1190 838 1224 harum
865 1190 1105 1234 epistolarum
1131 1201 1212 1233 quae
1243 1189 1382 1223 maiore
1409 1200 1452 1223 ex
1484 1191 1590 1233 parte
1621 1190 1802 1233 quantum
1835 1190 1873 1223 et
1897 1200 2003 1233 argu-

378 1248 504 1281 mento
536 1248 574 1281 ct
608 1246 791 1280 scribendi
827 1257 963 1290 genere
996 1257 1017 1280 a
1047 1245 1297 1289 superioribus
1330 1245 1499 1279 omnibus
1536 1245 1690 1280 diversae
1725 1245 1814 1286 sint,
1853 1244 2002 1279 omnino

380 1303 592 1347 neglectum
618 1304 688 1343 est,
715 1314 798 1336 cum
825 1302 944 1336 adhuc
976 1301 1250 1346 inexploratum
1275 1301 1420 1342 fuisset,
1456 1312 1517 1335 eas
1546 1312 1725 1335 novarum
1752 1301 1793 1336 O.
1806 1300 1851 1335 V.
1869 1300 2003 1345 episto-

379 1359 498 1393 larum
524 1358 738 1393 mantissam
765 1370 853 1400 esse,
879 1357 1029 1392 difficile
1055 1359 1111 1391 est
1135 1357 1242 1392 ciere.
1276 1357 1455 1399 Alsatum,
1474 1356 1745 1402 Wimphelingi
1769 1356 2002 1401 discipulum,

381 1415 444 1449 sed
471 1415 534 1459 qui
552 1414 711 1450 Coloniae
737 1425 885 1458 quoque
910 1414 1120 1455 studuerat,
1148 1415 1337 1447 auctorem
1355 1425 1432 1447 esse
1451 1413 1637 1457 epistolar.
1655 1417 1799 1447 63...65.
1817 1417 1858 1447 68
1884 1413 1923 1447 et
1938 1417 2003 1449 69..

381 1482 462 1514 quae
494 1482 621 1505 omnes
654 1482 698 1504 ex
730 1470 901 1505 Alsaticis
932 1470 1078 1514 oppidis
1110 1469 1255 1514 scriptae
1292 1469 1499 1513 finguntur,
1537 1469 1615 1502 veri
1650 1468 1878 1502 simillimum
1914 1468 2004 1502 mihi

382 1527 546 1568 videtur3
579 1538 662 1570 epp.
681 1530 733 1561 66.
751 1530 821 1567 67,,
855 1526 980 1560 Romae
1006 1526 1176 1570 scriptas,
1210 1526 1248 1559 et
1272 1525 1542 1569 Heydelbergae
1575 1525 1750 1569 scriptam
1777 1536 1834 1568 ep.
1853 1528 1904 1558 70.
1922 1535 2005 1568 pro-

381 1583 463 1627 pius
488 1582 535 1617 ad
560 1582 778 1616 Huttenicas
804 1582 980 1616 accedere
1006 1581 1177 1623 dixerim,
1212 1581 1377 1615 Hutteno
1404 1582 1528 1615 autem
1554 1591 1615 1615 eas
1639 1591 1712 1614 non
1738 1579 2004 1624 adscripserim.

382 1639 512 1682 Neque
530 1638 712 1679 Erasmus,
739 1638 907 1682 quisnam
933 1638 1040 1672 huius
1065 1637 1281 1682 appendicis
1305 1638 1433 1671 auctor
1457 1637 1514 1678 sit,
1542 1636 1733 1681 cognitum
1757 1635 1928 1678 habuisse
1954 1635 2005 1669 vi-

382 1694 506 1737 detur,
532 1693 601 1728 nisi
626 1694 720 1728 forte
747 1694 913 1729 consulto
938 1693 1052 1738 ipsius
1083 1704 1217 1727 nomen
1244 1694 1462 1737 suppressit,
1494 1704 1577 1727 eum
1603 1692 1649 1726 de
1674 1691 1825 1726 Maleoli
1849 1691 2007 1735 epistola

383 1751 514 1795 (70[8].)
540 1750 595 1784 his
620 1750 741 1784 verbis
773 1750 898 1784 utatur
924 1750 991 1791 „ni
1017 1749 1168 1793 quidam
1193 1749 1321 1783 addita
1353 1748 1510 1793 epist-ola
1539 1748 1718 1783 lectorem
1743 1747 2004 1789 admonuisset,

383 1817 460 1840 rem
485 1817 558 1840 non
585 1817 661 1841 esse
688 1805 862 1840 seriam“.
897 1805 941 1839 cf.
958 1805 1054 1839 infra
1079 1805 1125 1839 ad
1149 1807 1260 1840 20917.

698 1894 983 1930 STEPHANVS
1009 1894 1341 1930 CALVASTRIVS
1368 1894 1595 1929 ORTVINO.

384 1964 435 1998 Cf.
454 1974 565 2008 supra
589 1963 635 1998 ad
661 1967 715 2001 29.
733 1975 784 2008 sq.

451 2064 683 2099 EPISTULA
703 2066 766 2103 63.
787 2064 850 2109 [1].
891 2064 1103 2099 IOANNES
1129 2063 1191 2097 DE
1218 2062 1597 2098 SCHWINFORDIA
1622 2063 1851 2098 ORTVINO.

297 2149 336 2179 12
362 2144 514 2179 Cuinam
532 2143 660 2178 Ioanni
680 2143 971 2185 Suenofurtensi,
997 2143 1073 2177 haec
1101 2143 1155 2176 ‘in
1173 2142 1311 2186 oppido
1328 2141 1566 2176 Suerssheim'
1593 2142 1681 2176 data
1705 2153 1761 2186 ep.
1781 2142 2009 2176 adscribat-ur

384 2200 517 2234 nescio.
565 2199 836 2243 Praeceptorem
861 2199 1028 2244 appellat
1053 2199 1247 2233 Ort-vinum
1274 2209 1433 2242 eumque
1451 2198 1662 2233 Darentriae
1688 2198 1883 2232 docentem
1908 2198 2008 2241 facit,

386 2256 448 2299 qui
473 2256 598 2290 tamen
624 2255 709 2289 inde
736 2256 781 2289 ab
807 2266 838 2290 a.
858 2259 954 2289 1507.
1003 2254 1162 2289 Coloniae
1188 2255 1362 2297 docebat,
1398 2255 1436 2288 et
1460 2265 1481 2288 a
1505 2265 1578 2298 quo
1605 2255 1758 2298 ‘nuper'
1784 2254 1829 2288 de
1855 2254 2010 2289 victoria

387 2313 515 2346 contra
539 2310 784 2345 Reuchlinum
810 2310 952 2345 litteras
971 2311 1154 2355 accepisse
1180 2310 1336 2355 scriptor
1360 2310 1605 2344 renuntiat—
1623 2321 1704 2354 quae
1730 2309 1854 2344 omnia
1877 2321 2008 2354 parum

386 2367 483 2401 inter
512 2378 548 2401 se
580 2366 776 2401 convenire
803 2366 985 2401 videntur.
1035 2366 1115 2400 Nisi
1145 2366 1237 2400 illud
1271 2365 1524 2400 ‘Suerssheim’
1557 2366 1799 2410 repugnaret,
1831 2365 2009 2410 suspicari

387 2423 513 2468 possiS,
540 2434 584 2457 ex
609 2421 836 2456 Butzbachio
862 2422 982 2465 (quasi
1012 2421 1219 2463 IVutzbccch,
1245 2421 1413 2456 ›S'aubach
1429 2437 1471 2449 =
1497 2432 1602 2455 suum
1626 2421 1740 2464 rivus)
1765 2421 1905 2455 factum
1931 2433 2008 2456 esse

388 2478 745 2513 Schwinfordensem
772 2479 891 2521 (suum
917 2477 1085 2521 vadum),
1113 2479 1154 2511 ut
1177 2477 1441 2511 Piemontanus
1465 2477 1487 2511 i.
1507 2488 1537 2511 e.
1554 2476 1880 2522 Miltenbergensis
1904 2477 2010 2512 Ioan-

386 2546 451 2570 nes
475 2534 722 2569 Butzbachius
748 2533 996 2575 derideretur,
1024 2534 1088 2577 qui
1112 2533 1391 2568 Daventriensis
1422 2533 1510 2567 olim
1536 2532 1738 2577 discipulus
1768 2534 1806 2566 in
1831 2533 1898 2568 hac
1930 2533 2011 2578 ipsa

388 2590 545 2635 epistola
563 2590 660 2624 inter
678 2590 874 2624 acerrimos
887 2589 1325 2634 Antiwimphelingianos
1338 2589 1523 2631 laudatur,
1539 2589 1602 2623 sed
1617 2600 1699 2623 cum
1715 2600 1759 2624 ea
1771 2600 2009 2634 componere-

387 2648 463 2688 tur,
490 2646 589 2690 prior
613 2645 880 2680 coenobitarum
906 2645 982 2680 ord.
999 2657 1025 2680 s.
1043 2645 1237 2680 Benedicti
1255 2645 1301 2679 ad
1318 2645 1455 2680 Lacum
1480 2645 1561 2679 fuit.
1600 2645 1644 2679 cf.
1662 2656 1773 2689 supra
1797 2645 1843 2680 ad
1860 2647 1949 2680 40¹⁸.

305 2706 341 2736 16
368 2703 407 2736 in
427 2702 647 2746 Darentre'a]
678 2702 812 2743 Immo,
835 2700 1005 2735 Coloniae.
1044 2701 1088 2735 cf.
1104 2713 1210 2745 praec.
1224 2703 1298 2736 not.
1321 2703 1359 2736 et
1376 2701 1454 2735 Ind.
1468 2701 1584 2746 biogr.
1599 2713 1634 2745 p.
1650 2704 1725 2735 381.
1745 2701 1813 2735 art.
1828 2700 1987 2735 Gratius.

304 2762 342 2792 19
367 2757 410 2792 dc
435 2758 585 2792 victoria
612 2785 644 2791 ..
671 2761 795 2792 contra
820 2757 883 2801 R]
911 2756 944 2790 d.
970 2761 1022 2791 10.
1045 2756 1150 2791 Febr.
1173 2768 1204 2792 a.
1232 2761 1325 2791 1514.
1350 2757 1528 2791 obtenta?
1560 2757 1777 2791 mandatum
1809 2757 1854 2791 de
1886 2767 2010 2801 super-

390 2813 551 2848 sedendo
577 2813 611 2847 d.
629 2817 658 2847 2.
678 2813 743 2847 lul.
763 2824 793 2847 a.
814 2817 909 2847 1516.
926 2813 1167 2857 impetratum
1192 2813 1347 2847 indicari
1377 2813 1599 2857 putaverim.
1646 2812 1815 2847 Pertinet
1837 2812 1909 2846 huc
1935 2812 2010 2857 epi-

390 2869 484 2904 stola
508 2869 687 2903 Bernardi
710 2869 934 2903 Adelmanni
965 2868 1012 2903 ad
1035 2868 1354 2903 Pirckheimerum
1380 2868 1468 2903 data
1498 2869 1535 2903 in
1561 2869 1620 2903 die
1650 2869 1824 2913 assumpt.
1857 2868 2010 2913 virginis

392 2936 422 2958 a.
443 2928 537 2958 1516.
557 2928 633 2969 (ap.
652 2925 859 2961 Heumann.
878 2925 987 2960 Docc.
1004 2925 1076 2960 litt.
1094 2936 1129 2969 p.
1149 2926 1233 2968 146)
1258 2924 1352 2960 haec:
1387 2924 1453 2967 ‚,S.
1471 2923 1607 2969 Scripsi
1637 2924 1707 2959 tibi
1736 2934 1855 2968 nuper
1885 2924 1931 2958 de
1957 2923 2009 2957 vi-

393 2979 507 3014 rtoria
531 2980 737 3022 Reuchlini‚
764 2991 892 3015 verum
918 2981 1066 3015 interim
1091 2991 1339 3024 supervenere
1364 2980 1498 3022 literae,
1525 2980 1658 3024 quibus
1683 2979 1854 3014 scribitur
1878 2979 2011 3023 viginti
