2119 3522
286 261 465 289 EDITIONES
490 259 543 290 20.
567 256 620 288 Ff.
648 254 743 289 17‘57.
769 257 815 288 8⁰.
908 257 960 288 21.
991 257 1217 289 Miinchiana.
1242 258 1361 300 Leipz.
1389 259 1484 291 1827.
1509 259 1554 291 8⁰.
1715 248 1774 295 29

155 383 200 414 iis
225 382 434 424 plerumque
467 381 630 424 alligatae
662 381 752 413 sunt.
800 382 864 413 Ere
898 391 984 414 vero
1016 392 1086 414 non
1112 382 1398 423 provectioribus
1429 383 1548 422 modo,
1581 382 1640 414 sed
1666 384 1777 414 etiam

150 436 338 478 juventuti
368 437 448 469 sunt
483 438 795 478 commendandae,
833 441 1017 479 tamquam
1049 438 1159 480 plana
1189 439 1249 470 via
1281 438 1327 469 ad
1356 441 1520 470 veterum
1551 449 1777 470 romanorum

154 494 420 535 eloquentiam,
455 498 496 526 ut
527 495 696 536 quisque,
728 494 790 534 qui
819 496 972 533 tractat,
1011 497 1170 525 maturos
1198 494 1284 525 inde
1318 494 1458 527 fructus
1488 495 1681 536 percipiat.
1728 496 1778 527 Ut

154 550 248 581 enim
278 550 416 581 tirones
447 550 650 582 litterarum
684 560 702 581 e
727 553 801 580 tum
828 551 896 587 [sic]
922 549 1098 590 praeclaro
1132 553 1264 581 conatu
1294 549 1466 590 majorem
1496 551 1533 582 in
1565 551 1641 583 dies
1668 555 1776 592 atque

152 605 355 637 uberiorem
395 607 546 648 capiant
582 607 741 638 fructum
778 616 821 637 ac
857 605 895 636 in
927 605 1106 636 scribandi
1137 607 1205 643 [sic]
1238 615 1370 646 genere
1403 606 1573 638 cultiores
1606 607 1775 648 evadant,

151 661 276 693 harum
301 665 459 694 virorum
485 662 715 694 obscurorum
741 660 971 703 epistolarum
996 660 1154 692 imitatio
1179 661 1216 691 in
1240 661 1450 692 me-'liorem
1474 661 1618 693 reddita
1644 673 1687 693 ac
1705 663 1776 694 fre-

152 728 265 759 quens
299 718 512 750 exercitatio
543 717 735 748 secundum
766 716 913 759 regulas
944 716 981 747 in
1012 716 1092 748 stilo
1130 716 1316 748 formando
1353 717 1443 748 sicut
1481 717 1607 748 statuae
1639 728 1777 749 mercu-

152 773 260 805 riales
292 773 380 806 sunt.
429 773 484 805 Ad
516 776 684 805 auctores
721 772 904 813 classicos,
941 775 982 803 ut
1013 772 1135 813 ajunt,
1176 772 1250 804 sive
1283 772 1328 804 ad
1359 776 1503 804 aetatem
1536 783 1702 813 auream,
1740 777 1778 804 ut

150 829 272 861 Julius
297 828 432 870 Caesar,
466 834 574 871 atque
607 830 765 861 omnium
795 828 1021 860 classicorum
1053 829 1224 869 princeps
1251 828 1397 868 Cicero,
1432 828 1575 869 quidem
1604 839 1673 860 non
1697 840 1777 870 per-

150 886 285 926 tinent;
313 885 454 917 constat
480 886 590 924 enim,
618 884 806 916 Ciceronis
831 888 940 916 aetate
966 884 1210 925 eloquentiam
1235 894 1419 915 romanam
1445 884 1559 916 fuisse
1584 885 1778 926 perfectio-

150 951 236 973 rem.
286 940 357 973 Sed
389 941 474 982 quid
506 941 553 973 ad
583 943 680 973 rem?
729 941 782 972 Ad
808 941 918 972 animi
949 941 1217 972 recreationem
1244 940 1353 972 solum
1378 940 1482 972 modo
1509 944 1684 982 exoptata
1711 942 1778 973 erit

149 996 259 1028 lectio
291 997 532 1038 voluminum,
565 1008 642 1039 quae
672 997 731 1029 hic
757 997 916 1038 produnt
940 998 1022 1035 [ειη.
1070 996 1196 1028 Altera
1226 1007 1310 1038 pars
1341 997 1463 1038 priora
1492 996 1653 1028 continet
1677 997 1776 1029 volu-

148 1053 262 1094 mina3
295 1053 415 1085 altera
445 1054 610 1095 tertium,
642 1064 663 1085 a
694 1053 817 1085 multis
850 1063 990 1095 quoque
1022 1056 1208 1095 receptum
1239 1052 1404 1085 volumen
1433 1063 1504 1084 una
1537 1063 1616 1084 cum
1641 1053 1776 1095 adpen—

149 1109 228 1140 dice
261 1110 323 1140 dat
352 1110 569 1150 lectoribus,
600 1111 662 1151 qui
686 1109 887 1141 institutum
914 1109 983 1140 sibi
1009 1109 1295 1141 commendatum
1321 1109 1500 1149 habeant,
1532 1109 1672 1151 sibique
1698 1120 1777 1151 per-

150 1165 341 1207 suadeant,
383 1163 570 1205 eru-[ditos
610 1167 774 1198 homines
815 1165 908 1207 saepe
949 1165 1062 1197 solere
1100 1166 1197 1197 vires
1235 1176 1279 1197 ex
1314 1175 1387 1196 una
1424 1165 1586 1198 alterave
1624 1165 1776 1207 epistola

149 1221 362 1262 dijudicare.
411 1222 643 1264 Adpendices
674 1222 819 1263 quidem
849 1232 921 1253 non
953 1222 999 1253 ad
1027 1222 1093 1254 has
1119 1221 1290 1264 epistolas
1314 1221 1519 1263 pertinent,
1552 1221 1611 1253 sed
1636 1225 1775 1253 tantum

148 1278 185 1309 in
217 1278 432 1319 quibusdam
464 1279 731 1321 exemplaribus
761 1279 1009 1310 inveniuntur.
1059 1279 1231 1310 Attamen
1261 1277 1459 1309 lectoribus
1492 1278 1613 1310 omnia
1638 1277 1774 1319 damus,

149 1344 228 1375 quae
258 1334 474 1368 invenimus.
522 1325 708 1366 Praeterea
739 1334 916 1376 imagines
948 1334 1158 1375 scriptorum
1191 1338 1321 1365 ornant
1352 1334 1444 1365 hanc
1478 1334 1670 1366 editionem
1701 1345 1775 1376 prae

148 1390 298 1432 ceteris,
327 1391 457 1431 quibus
479 1391 539 1422 hic
557 1394 705 1423 ornatus
725 1394 836 1422 caret.
875 1390 1024 1423 Ulricus
1043 1391 1085 1423 de
1103 1391 1242 1422 Hutten
1267 1390 1468 1429 antecedit,
1493 1394 1532 1421 ut
1549 1391 1611 1422 fax
1629 1390 1775 1431 sequen-

147 1447 262 1488 tibus,
290 1449 375 1488 quia
402 1448 436 1478 ei
461 1448 618 1478 maxima
642 1446 849 1479 litterarum
875 1458 960 1489 pars
986 1447 1220 1486 adscribitur,
1252 1447 1289 1477 in
1319 1446 1450 1487 quibus
1477 1446 1670 1478 elaborata
1693 1447 1773 1478 bar-

146 1503 268 1536 baries
301 1502 330 1534 St
359 1503 547 1535 soloecismi
583 1504 629 1535 ad
668 1504 864 1536 cochinnos
891 1505 959 1542 [sic]
994 1504 1199 1535 faciendum
1237 1503 1482 1534 inveniuntur.
1530 1502 1665 1534 Medici
1699 1513 1774 1534 cor-

147 1570 213 1602 pus
238 1561 492 1602 aegrotantium
516 1564 674 1602 purgant
698 1560 991 1599 medicamentis,
1018 1560 1114 1602 gulae
1138 1559 1347 1600 inamoenis,
1374 1563 1415 1590 ut
1432 1558 1559 1590 melius
1579 1557 1622 1590 ad
1640 1559 1774 1591 victum

145 1616 381 1648 salubriorem
408 1616 612 1648 sumendum
643 1616 909 1658 praepare-,tur⁸
958 1617 1005 1647 Et
1034 1616 1190 1648 lectores
1215 1615 1342 1646 harum
1368 1614 1598 1657 epistolarum
1624 1626 1645 1646 a
1669 1616 1774 1657 nugis

147 1673 422 1714 expurgatiores
457 1673 625 1714 progredi
655 1672 800 1714 possunt
831 1673 876 1704 ad
908 1672 1100 1715 scriptores
1134 1672 1234 1704 aurei
1267 1673 1346 1705 aevi.
1406 1672 1573 1704 Faciatis
1603 1671 1773 1712 lectores,

146 1729 322 1771 quomodo
348 1729 460 1762 lubet.

234 1786 467 1818 Francofurti
493 1785 538 1817 ad
563 1785 732 1817 Moenum.
772 1785 864 1828 Ipsis
891 1785 1065 1818 Calendis
1091 1785 1255 1827 Augusti.
1299 1785 1359 1817 clo
1383 1785 1423 1816 10
1450 1795 1491 1817 cc
1517 1795 1593 1817 LVI.

876 1924 953 1970 21.

662 2011 877 2067 (Leipzig.
912 2011 1034 2052 1827.
1072 2010 1158 2066 8⁰.)

53 2166 371 2207 EPISTOLAE
401 2159 403 2204 Ῑ
434 2158 901 2208 OBSCURORUM
933 2157 1250 2207 VOEORUBI
1277 2156 1281 2223 ἱ
1308 2178 1490 2209 ALrAQUE
1517 2162 1523 2218 Ι
1550 2167 1665 2201 AEVI
1689 2165 1772 2200 DE-

54 2251 159 2283 cer
183 2251 325 2284 snx'ri
348 2250 642 2283 MONIMENTA
659 2249 931 2282 nAfflssniA.
954 2275 955 2296 ἒ
974 2244 1053 2282 Die
1077 2262 1080 2302 j
1102 2237 1269 2285 Briefe
1295 2236 1382 2283 der
1405 2236 1743 2300 Finsterlinge
1766 2251 1767 2299 l

55 2335 101 2356 an
135 2319 140 2368 Ι
174 2316 386 2371 Magister
416 2315 623 2357 Ortuinus
655 2331 742 2358 von
772 2315 1014 2367 Deventer‚
1044 2315 1048 2369 l
1075 2323 1183 2354 nebst
1215 2315 1221 2369 l
1257 2317 1414 2354 andern
1454 2319 1546 2355 sehr
1584 2317 1770 2355 seltenen

53 2388 275 2437 Beitrageii
306 2401 376 2425 zur
405 2387 652 2424 Litteratur-
673 2384 675 2417 ¹,
697 2387 853 2425 Sitten-
886 2385 970 2423 und
1000 2386 1419 2435 Kirchengeschichte
1452 2385 1523 2423 des
1549 2384 1770 2423 sechzehn-

52 2461 123 2494 ten
143 2452 147 2507 l
165 2455 482 2494 Jahrhunderts.
505 2494 508 2507 λ
528 2459 841 2502 Herausgegeben
865 2458 939 2490 und
965 2458 1141 2490 erlautert
1162 2456 1166 2499 1
1189 2458 1298 2489 durch
1318 2450 1321 2505 l
1342 2449 1421 2490 Dr.
1440 2454 1563 2491 Ernst
1581 2451 1743 2490 ,MHHCJL
1765 2448 1768 2502 i

53 2524 313 2570 (Qumistricm
335 2527 340 2568 l
362 2527 574 2568 LEIPZIG,
603 2529 700 2560 18:27.
725 2525 729 2568 1
750 2536 781 2561 J.
806 2534 842 2560 c.
863 2533 1171 2561 HINRICHSSOHE
1201 2533 1554 2560 BUCHHANDLUNG.

140 2590 162 2620 4
187 2588 253 2623 Qu.
280 2588 380 2631 zitet,
409 2588 603 2624 Debicution
628 2590 695 2624 uub
722 2589 878 2632 Qortebe,
903 2589 971 2624 nub
998 2590 1063 2620 554
1087 2587 1265 2631 paginierte
1293 2587 1409 2623 Seiteu
1435 2586 1545 2631 51:80.

143 2644 323 2680 (Sjemibmet
356 2645 393 2687 iit
422 2644 517 2686 bieiess
543 2645 768 2688 ffliiindnbum
800 2647 872 2680 obet:
896 2645 1082 2691 Ungetbiim
1107 2645 1189 2676 Den
1214 2644 1400 2686 xviii-digen
1425 2642 1674 2685 Nachfolgern
1698 2641 1770 2674 und

142 2700 445 2734 Geistesbriidern
470 2701 533 2734 der
548 2702 814 2743 Hochstraten,
841 2702 1023 2743 Tungern,
1050 2700 1201 2732 Ortuine
1226 2700 1299 2732 und
1315 2699 1564 2739 Pfefferkorn,
1589 2709 1633 2730 zu
1650 2699 1768 2739 Paris,

141 2758 358 2799 strasburg,
394 2759 519 2799 VVien,
556 2757 777 2798 Offenbach,
811 2757 993 2799 Freiburg
1023 2758 1071 2788 im
1101 2756 1248 2788 Uechtl.
1281 2766 1315 2791 11.
1343 2757 1363 2797 Ῑ.
1390 2764 1447 2798 m,
1479 2755 1549 2788 den
1580 2755 1769 2797 Magistris

140 2815 274 2847 nostris
298 2825 425 2846 unsers
442 2814 654 2854 Zeitalters,
683 2814 752 2846 den
777 2814 1020 2846 Bef'orderern
1045 2813 1108 2845 des
1132 2815 1309 2844 neuesten
1328 2811 1598 2844 Tiirkenthums
1623 2822 1657 2846 11.
1674 2812 1695 2852 Ῐ.
1713 2819 1768 2854 mv

139 2880 211 2904 von
243 2872 362 2903 einem
391 2871 654 2904 verblendeten
685 2871 806 2903 Kinde
839 2871 901 2902 der
932 2869 1048 2909 Welt3
1081 2870 1149 2903 nub
1180 2868 1274 2914 gIeid)
1306 2867 1624 2913 oufflfirungssfofett
1655 2867 1692 2909 ist
1722 2867 1767 2900 bie

140 2927 304 2973 geivreigte
328 2927 416 2971 surge
431 2927 570 2962 Qorrebe
595 2927 864 2960 ‘Geschrieben
889 2937 946 2958 am
965 2926 1084 2967 Tage,
1111 2924 1165 2956 als
1189 2925 1249 2956 ich
1274 2924 1331 2956 die
1350 2923 1570 2956 Geschichte
1598 2923 1660 2955 der
1677 2923 1765 2954 Auf-

140 2984 312 3026 richtung
342 2983 404 3016 des
430 2983 758 3016 Missionskreuzes
790 2994 834 3015 zu
860 2982 1072 3024 strasburg,
1104 2981 1176 3012 und
1203 2981 1262 3013 die
1285 2980 1561 3021 Beschreibung
1586 2979 1648 3011 der
1672 2978 1766 3010 Noth

139 3050 289 3072 unserer
304 3040 543 3072 christlichen
564 3040 703 3072 Briider
720 3051 764 3072 zu
783 3038 1009 3080 Mesolonghi
1027 3036 1209 3080 gelesen’.
1258 3038 1356 3081 {tutte
1374 3036 1500 3078 fflti'md)
1521 3034 1601 3077 nicht
1618 3045 1656 3079 511
1674 3033 1767 3074 bicl'et

144 3097 299 3141 &negate
330 3096 396 3132 eine
428 3104 493 3133 non
518 3096 803 3140 Dberssadssicbfeit
833 3096 902 3131 nub
935 3094 1074 3137 feidnem
1105 3093 1349 3136 §Jsstmfenttnuu
1384 3090 1646 3137 augeictnnosseue
1677 3091 1764 3120 Ein-
