2119 3522
244 215 316 236 EPP.
329 213 371 236 22.
385 212 427 236 23.
453 214 598 236 xoDocvs
614 213 754 235 KLYNGE
772 213 928 235 om-vmo.
946 220 988 226 —-
1008 213 1232 235 BERTnornvs
1250 212 1426 235 HACKSTRO
1443 213 1603 235 ORTVINO.
1710 195 1802 239 697

93 272 179 314 Pag.
200 270 292 307 223.
1167 271 1252 313 Pag.
1271 273 1345 302 222.
1364 282 1393 302 v.
1407 278 1439 303 36
1457 295 1464 302 .
1481 296 1487 302 .
1502 295 1509 302 .
1526 271 1612 312 Pag.
1626 272 1702 302 2⁵24.
1720 282 1750 302 v.
1766 278 1806 302 13.

184 336 295 369 quam
320 324 390 358 nisi
408 324 610 359 Alexandri
628 323 724 358 Galli
748 325 873 368 partes
896 324 933 357 in
959 324 1091 358 scholis
1117 324 1367 359 elementariis
1392 324 1566 365 didicere,
1594 325 1631 358 et
1654 324 1805 368 quidem

186 380 306 415 obiter
330 391 371 414 ac
396 379 632 424 imperfecte,
665 379 763 423 quod
789 380 900 413 studii
932 380 1185 423 temporeve]
1215 380 1350 424 stipem
1380 380 1570 414 hostiatim
1594 381 1722 424 petere
1748 390 1805 414 00-

159 430 161 432 ’
185 436 258 470 acti
283 437 383 477 sunt,
411 435 472 470 vel
496 435 542 469 ob
567 435 733 479 inopiam
758 435 883 479 coqui,
909 435 1111 479 pincernae,
1139 436 1239 478 lixae,
1267 436 1414 470 calones
1438 436 1604 478 fuerunt,
1637 436 1702 470 aut
1726 435 1806 470 aliis

184 492 337 536 obsequi
368 491 560 535 cupientes
590 501 704 534 equos
735 491 852 532 alere,
886 502 972 525 aves
996 491 1195 533 instruere,
1228 492 1355 526 venari
1385 502 1573 536 pannosve
1602 491 1720 526 lineos
1744 492 1805 525 al»-

183 547 338 581 luendos
363 547 410 581 ad
434 546 588 580 flumina
611 548 755 591 gestare
782 549 846 581 aut
870 547 1034 591 alioquin
1058 547 1235 582 inservire
1261 548 1567 582 consueverunt.“

97 607 137 638 17
162 607 194 637 et
214 631 221 638 .
237 631 243 636 .
258 630 265 637 .
285 604 370 647 non]
397 601 599 637 Gravitatis
617 613 727 636 causa
749 602 911 647 primum
938 604 1024 645 ‘et',
1052 603 1221 646 quamvis
1245 614 1391 638 sensum
1407 604 1609 647 pervertat,
1638 603 1806 637 additum

184 659 256 693 est:
282 658 364 692 vult
387 659 503 692 enim:
530 659 620 692 scito
646 669 704 692 me
731 669 808 692 esse
834 658 1053 703 magistrum
1074 686 1121 701 ..,
1148 659 1274 703 itaque
1299 670 1372 693 non
1397 670 1503 703 posse
1524 687 1553 693 ..

95 718 137 749 18
161 718 264 748 tuum
289 714 475 759 damnum]
502 715 605 748 tuam
629 714 915 758 prosperitatem
940 713 1109 757 impedis,
1137 725 1170 749 es
1194 715 1242 749 ist
1267 715 1353 749 clem
1377 714 1526 749 Schade.

96 774 136 804 19
161 770 292 804 iterum
317 770 370 804 'ire
395 770 456 814 acl]
484 770 615 810 redire,
642 770 780 804 reverti
804 770 853 804 in.

93 830 134 860 21
160 837 196 860 se
220 829 339 860 tenere
362 826 457 860 sicut
479 826 585 870 mast]
610 835 712 859 more
737 825 916 869 magistro
943 825 1055 870 digno
1084 826 1219 861 vivere.

94 885 138 916 24
162 881 317 925 copistoe]
344 880 388 915 cf.
410 881 457 915 ad
476 881 586 915 19631.

94 941 137 971 28
161 938 332 982 mayz'ster
356 937 478 981 carice]
505 936 527 970 i.
547 947 576 970 e.
594 935 720 971 Romae
745 938 946 981 promotus,
972 938 1136 971 bullatus
1162 940 1206 980 (v.
1225 939 1300 979 31.),
1327 938 1389 981 qui
1414 938 1518 971 bulla
1542 938 1667 972 Romae
1693 939 1807 982 impc-

184 994 282 1027 trata
305 992 442 1038 gradus
473 992 703 1027 academicos
727 992 804 1026 sive
836 993 994 1037 pecunia
1024 993 1101 1027 sive
1132 993 1388 1027 inliberalibus
1419 993 1558 1027 artibus
1588 993 1657 1027 sibi
1688 1004 1807 1027 meru-

185 1050 291 1083 erant
310 1075 317 1082 .
337 1048 414 1083 eius
436 1048 537 1083 modi
554 1048 728 1093 gradu-ati
743 1048 781 1082 in
800 1048 1000 1083 Germania
1023 1049 1099 1083 fere
1125 1050 1167 1083 ut
1191 1049 1254 1093 qni
1278 1049 1387 1083 hodie
1414 1049 1618 1093 diplomata
1642 1061 1674 1093 q.
1693 1061 1726 1083 v.
1746 1049 1807 1083 do-

185 1104 340 1138 ctoralia
364 1115 385 1138 a
417 1103 649 1148 cauponariis
675 1104 864 1138 ordinibus
897 1106 1083 1145 emerunt,
1117 1105 1460 1139 contemnebantur.
1510 1104 1582 1139 Sed
1608 1105 1675 1147 „in
1700 1105 1809 1139 Italia

183 1160 342 1194 habetur
365 1171 431 1204 pro
450 1159 646 1204 vituperio,
673 1160 820 1204 quando
845 1160 979 1204 aliquis
997 1160 1052 1195 est
1075 1162 1266 1205 promotus
1283 1161 1320 1194 in
1338 1161 1512 1195 Almania
1534 1161 1572 1194 in
1589 1161 1808 1206 magistrum

186 1216 246 1250 vel
269 1215 530 1250 baculariu1n“
555 1228 590 1260 p.
608 1217 719 1250 27728.
752 1216 796 1249 cf.
815 1216 898 1250 adn.
916 1216 963 1250 ad
986 1217 1020 1250 h.
1038 1216 1061 1250 1.

95 1276 137 1306 29
162 1275 203 1306 tu
223 1299 229 1305 .
246 1298 273 1305 ..
294 1272 424 1316 bonus]
452 1271 474 1305 i.
494 1282 523 1305 e.
542 1271 656 1315 quid?
682 1273 723 1305 tu
749 1272 906 1306 eandem
932 1272 1155 1317 dignitatem
1187 1273 1299 1316 atque
1327 1284 1396 1318 ego
1423 1273 1580 1317 adeptus
1611 1285 1708 1313 sum,
1740 1273 1809 1307 tibi

186 1331 358 1371 arrogas?
392 1318 558 1360 Primum
583 1328 695 1370 atque
720 1329 908 1371 postremo
932 1328 970 1362 in
988 1329 1206 1373 despectum
1230 1329 1398 1373 magistri
1423 1329 1533 1363 curiae
1560 1340 1645 1363 eum
1669 1329 1807 1370 tibisat,

185 1383 249 1417 sed
273 1383 310 1416 in
336 1382 460 1417 media
484 1382 708 1417 allocutione
733 1383 863 1417 timide
890 1384 1063 1418 vobissat.

95 1443 148 1474 32.
166 1450 243 1482 sqq.
271 1439 372 1484 Quid
397 1442 447 1473 est
471 1438 669 1483 Mayister]
696 1438 787 1472 Cum
818 1439 896 1483 ipse
928 1439 1076 1473 libellus
1101 1440 1372 1481 Vademecum,
1405 1452 1423 1474 e
1450 1451 1522 1484 quo
1554 1442 1630 1475 haec
1662 1442 1811 1485 sumpta

185 1505 262 1528 esse
289 1494 462 1529 dicuntur
480 1496 528 1539 (p.
547 1498 613 1528 224
622 1497 660 1538 ⁹),
686 1494 778 1528 mihi
803 1494 850 1528 ad
875 1506 1005 1529 manus
1029 1506 1101 1529 non
1127 1495 1175 1529 sit
1192 1496 1257 1539 (cf.
1276 1496 1353 1530 Ind.
1371 1496 1489 1541 biogr.
1507 1509 1542 1540 p.
1559 1501 1635 1531 493.
1654 1498 1720 1531 art.
1739 1497 1810 1530 Va-

186 1550 405 1591 demecum),
434 1551 478 1584 de
506 1550 577 1584 fide
595 1550 902 1594 transcriptarum
924 1562 1108 1595 nugarum
1133 1552 1294 1586 incertus
1319 1564 1399 1585 sum
1419 1566 1425 1586 :
1445 1552 1598 1596 singulae
1616 1563 1703 1586 vero
1728 1563 1810 1596 par-

186 1607 241 1640 tes
266 1606 491 1640 definitionis
524 1606 695 1641 exhibitae
722 1607 760 1640 et
784 1605 1015 1641 Statutorum
1040 1606 1335 1642 academicorum
1360 1607 1556 1652 praeceptis
1581 1609 1620 1642 et
1642 1607 1698 1641 his
1722 1608 1811 1642 locis

186 1662 343 1696 aliorum
367 1661 579 1696 libellorum
605 1661 886 1696 confirmantur:
913 1662 1090 1697 Catholic.
1109 1663 1180 1705 (ed.
1201 1666 1296 1698 1490.
1314 1663 1407 1705 fol.):
1435 1662 1625 1704 „Maiister
1650 1674 1671 1697 a
1693 1663 1812 1697 maior

186 1719 224 1752 et
248 1717 386 1752 sterion
411 1718 510 1762 quod
542 1719 597 1752 est
626 1718 743 1752 status
774 1718 1017 1762 componitur.
1065 1718 1112 1752 Et
1136 1718 1272 1752 dicitur
1296 1718 1462 1753 Maiister
1492 1718 1597 1762 quasi
1627 1718 1744 1752 maior
1774 1718 1810 1752 in

186 1773 344 1808 statione
363 1787 371 1807 z
390 1774 484 1808 sicut
520 1774 689 1808 minister
724 1773 845 1807 11111101·
874 1773 912 1807 111
943 1774 1101 1808 statione
1201 1774 1295 1816 Quia
1325 1775 1450 1808 autem
1482 1773 1618 1808 dicitur
1648 1774 1813 1808 maiister

95 1833 180 1874 Pag.
201 1831 292 1867 224.
756 1851 862 1853 e—

187 1885 291 1929 quasi
322 1886 440 1931 magis
472 1886 602 1920 doctus
634 1886 759 1929 etymo
792 1887 945 1921 est..“.
990 1885 1128 1920 Vocab.
1152 1886 1219 1920 iur.
1238 1885 1446 1930 „Magister
1483 1885 1617 1920 dicitur
1647 1886 1709 1929 qui
1746 1897 1811 1930 pre

187 1941 320 1975 ceteris
349 1941 504 1976 alicuius
534 1942 588 1975 rei
619 1941 695 1976 sive
727 1942 873 1986 negocii
907 1952 1033 1976 curam
1063 1942 1171 1986 gerit.
1218 1942 1266 1976 Et
1296 1942 1564 1986 interpretatur
1594 1941 1813 1975 sillabaliter

187 1997 291 2040 quasi
316 1997 353 2030 in
378 1997 507 2031 maiori
533 1998 630 2031 statu
657 1998 828 2031 existens.
872 1997 944 2032 Sed
968 1997 1183 2031 litteraliter
1207 1997 1258 2031 sic
1277 2025 1284 2031 .
1305 1997 1410 2041 quasi
1434 2008 1586 2030 manum
1604 2008 1726 2031 acrem
1751 2008 1812 2041 ge-

188 2064 271 2087 rens
295 2053 393 2090 inter
425 2053 608 2087 scholares
638 2054 770 2087 tenens
796 2064 856 2087 eos
887 2053 1016 2098 rigide.
1066 2052 1276 2087 Secundum
1307 2053 1449 2097 glosam
1474 2064 1562 2087 vero
1584 2080 1612 2086 ..
1632 2053 1768 2087 dicitur
1793 2064 1813 2086 a

187 2109 372 2143 monendo
397 2108 473 2142 sive
492 2120 514 2142 a
530 2109 768 2143 monstrando
789 2137 796 2143 .
812 2137 819 2144 .
831 2112 850 2127 “
862 2136 869 2144 .
922 2108 1078 2143 Gemma
1094 2120 1128 2153 g.
1147 2108 1365 2153 „Magister,
1392 2109 1452 2143 cin
1468 2110 1634 2151 maister,
1660 2110 1698 2143 et
1715 2119 1811 2143 com-

187 2164 339 2209 ponitur
364 2176 385 2199 a
409 2165 526 2199 maior
551 2166 588 2199 et
617 2164 772 2204 sterion,
807 2166 844 2199 et
868 2165 1005 2199 dicitur
1034 2164 1211 2209 magister
1235 2165 1339 2208 quasi
1370 2164 1487 2198 maior
1516 2165 1712 2199 statione.“
1761 2163 1812 2199 Cf.

188 2220 400 2254 Torrentini
418 2220 687 2262 Elucidarium,
713 2220 905 2255 Vocabula
921 2232 1048 2265 greca:
1074 2220 1239 2262 „Terion
1263 2220 1285 2254 i.
1304 2221 1414 2254 statio
1435 2248 1442 2255 .
1462 2220 1547 2254 inde
1567 2222 1605 2254 et
1622 2232 1643 2254 a
1660 2221 1773 2255 cimis.
1791 2220 1813 2254 i.

187 2276 305 2310 dulcis
336 2276 559 2310 cimiterium
585 2277 627 2310 .i.
655 2276 771 2310 dulcis
802 2277 911 2311 statio
937 2276 1143 2310 animarum
1168 2276 1228 2310 vel
1259 2276 1382 2320 potius
1412 2287 1617 2320 corporum.
1665 2276 1736 2310 Vel
1761 2276 1814 2310 di-

187 2332 283 2366 citur
307 2344 329 2366 a
352 2332 443 2366 cinis
475 2333 513 2366 et
535 2332 657 2367 terion
676 2360 683 2367 .
704 2333 792 2376 quia
822 2332 875 2366 ibi
899 2332 989 2366 cinis
1019 2333 1250 2366 mortuorum
1281 2332 1450 2366 teriturf‘
1475 2332 1616 2366 scilicet
1647 2328 1815 2374 ἴστήριον

188 2387 257 2422 sibi
288 2388 482 2423 finxerant.
508 2409 550 2412 —
581 2388 760 2422 Similiter
790 2389 902 2432 atque
933 2388 967 2422 h.
990 2388 1012 2421 l.
1038 2399 1173 2422 nomen
1206 2387 1438 2433 ‘Magister-⁷,
1471 2388 1508 2421 in
1539 2388 1666 2422 libello
1700 2387 1816 2422 Stella

189 2443 406 2478 clericorum
431 2444 608 2489 inscripto
635 2444 849 2479 ‘Sacerdos’
876 2443 1115 2478 describitur:
1149 2443 1349 2488 „Quinque
1376 2444 1473 2478 enim
1504 2445 1590 2478 sunt
1614 2444 1815 2488 dignitates

188 2500 422 2534 sacerdotum
446 2512 522 2544 prae
548 2500 681 2534 ceteris
701 2528 707 2534 .
724 2499 848 2534 Primo
874 2500 1009 2534 dicitur
1034 2499 1202 2534 sacerdos
1228 2500 1332 2544 quasi
1357 2500 1467 2533 sacris
1490 2500 1648 2541 dotatus,
1675 2500 1817 2534 scilicet

189 2555 300 2589 sacris
331 2556 546 2590 ordinibus:
566 2556 653 2600 quia
683 2557 762 2600 ipse
796 2557 852 2590 est
880 2556 918 2589 in
949 2566 1092 2590 summo
1118 2556 1252 2601 gradu,
1285 2556 1349 2599 qui
1380 2556 1436 2589 est
1459 2555 1703 2590 sacerdotum.
1753 2555 1814 2589 Se-

189 2611 310 2645 cundo
335 2611 505 2646 sacerdos
530 2611 634 2655 quasi
659 2613 770 2645 sacris
795 2611 954 2654 deditus,
981 2612 1003 2645 i.
1023 2622 1053 2646 e.
1072 2612 1328 2653 sacramentis,
1362 2611 1408 2645 ad
1433 2611 1674 2646 sacrificanda
1697 2622 1814 2646 sacra-

188 2668 340 2701 menta:
359 2679 445 2701 nam
470 2667 547 2712 ipse
574 2667 756 2701 sacrificat
780 2668 1054 2701 sacrosanctum
1079 2678 1211 2711 corpus
1237 2667 1377 2701 domini
1409 2678 1492 2700 cum
1516 2666 1655 2709 verbis,
1689 2667 1813 2711 signis,

188 2722 384 2767 prodigiis,
419 2724 457 2757 et
487 2724 612 2757 cetera
641 2723 882 2757 sacramenta.
930 2722 1055 2756 Tertio
1081 2723 1216 2757 dicitur
1247 2722 1415 2756 sacerdos
1446 2723 1550 2766 quasi
1575 2722 1666 2757 dans
1691 2734 1814 2758 sacra.

189 2778 255 2813 dat
285 2778 383 2812 enim
413 2778 657 2822 baptismum,
693 2778 975 2819 confessionem,
1013 2778 1290 2822 poenitentiam,
1322 2777 1611 2823 indulgentiam,
1651 2779 1815 2813 euchari-

189 2834 314 2875 stiam,
352 2833 670 2875 benedictionem,
714 2835 752 2868 et
787 2834 992 2868 extremam
1021 2834 1246 2867 unctionem.
1302 2833 1439 2875 Quarto
1477 2834 1612 2868 dicitur
1647 2835 1815 2869 sacerdos

191 2889 295 2933 quasi
311 2899 416 2923 sacra
439 2889 574 2923 docens
593 2903 600 2922 ε
619 2889 729 2924 docet
752 2889 850 2923 enim
868 2889 982 2924 verba
998 2889 1116 2923 sancti
1134 2889 1319 2934 evangelii
1337 2890 1375 2923 et
1392 2889 1566 2924 articulos
1589 2891 1699 2925 rectae
1717 2890 1814 2925 fidei.

190 2944 326 2986 Quinto
352 2944 487 2979 dicitur
503 2945 673 2979 sacerdos
691 2945 794 2989 quasi
813 2956 915 2979 sacer
928 2944 1013 2985 dux,
1033 2945 1137 2988 quasi
1155 2944 1331 2979 ducatum
1347 2945 1515 2989 praebens
1534 2946 1572 2979 et
1587 2945 1659 2980 iter
1675 2946 1815 2990 populo

190 2999 237 3034 ad
254 3010 371 3044 regna
387 3001 575 3043 ciclorum,
606 3001 720 3036 verbo
739 3011 850 3036 sacrae
868 3000 1044 3035 doctrinae
1063 3002 1100 3035 et
1117 3000 1202 3035 vitae
1218 3000 1317 3035 bono
1336 3001 1516 3046 exemplo.
1564 3000 1671 3036 Unde
1690 3013 1815 3036 versus
