2119 3522
585 225 636 248 ΕΡ.
653 222 678 247 9.
707 223 884 246 PHILIPPVS
908 222 1130 246 SCHLAVRAFF
1154 221 1312 245 ORTVINO.
1709 199 1802 245 671

92 284 179 325 Pag.
199 282 290 320 200.
1167 281 1253 322 Pag.
1270 282 1342 312 199.
1362 291 1391 311 v.
1405 286 1437 311 35
1455 304 1462 310 .
1478 304 1484 309 .
1501 304 1507 310 .
1526 278 1612 319 Pag.
1625 279 1701 309 201.
1719 288 1749 308 v.
1763 284 1805 308 89.

181 347 255 371 non
280 323 368 371 satis
393 337 537 371 assidue
563 337 837 381 diligenterque
862 336 1041 377 habebat,
1075 334 1301 379 stipendium
1328 333 1493 377 (Gehalt,
1517 342 1591 366 non
1615 331 1805 372 Honorar)

181 393 449 437 denegabatur.
497 392 633 427 Crocus
656 392 838 426 lecturam
863 391 1075 426 Graecarum
1099 391 1310 424 litterarum
1335 388 1509 423 habebat.
1637 384 1641 387 ’

92 453 134 483 57
158 449 396 493 ΙῑΙοεθῖῑαητιδ]
422 448 555 483 Petrus
581 447 735 490 Schade,
762 447 843 482 vico
869 448 1024 491 Bruttiy
1048 447 1096 480 ad
1119 446 1290 480 dextram
1307 445 1471 479 Mosellae
1496 445 1616 488 ripam
1641 443 1711 477 sito
1736 442 1806 476 ori-

181 505 311 538 undus.
338 504 382 538 cf.
399 503 478 538 Ind.
496 504 613 549 biogr.
630 515 666 548 p.
684 508 760 538 422.
779 505 846 537 art.
864 503 1099 538 Mosellanus.

91 564 134 595 59
158 561 380 604 licentiatus]
406 560 683 602 verabschiedet,
707 571 780 594 non
805 560 991 604 pei-amice
1018 559 1198 601 dimissus,
1226 558 1388 592 abactus.
1418 556 1462 591 cf.
1480 556 1528 590 ad
1545 558 1634 591 31¹0.

135 616 416 660 intentiomttus]
442 615 696 650 Intentionare
721 615 796 649 111.
816 617 872 649 est
896 615 1090 649 consilium
1115 625 1265 659 capere,
1291 614 1508 655 decernere,
1535 612 1635 656 apud
1660 622 1696 645 se
1723 622 1805 645 con-

181 672 346 706 stituere.
385 671 488 705 Alias
506 672 563 715 (ut
579 682 636 715 ap.
655 671 833 716 Ducange
850 671 884 705 h.
902 674 951 715 v.)
971 672 1026 705 est
1041 688 1085 699 =
1101 671 1207 705 litem
1225 670 1302 704 sive
1319 670 1568 703 intentionem
1585 667 1645 701 vel
1662 668 1806 701 contro-

181 728 340 762 versiam
365 727 476 762 alicui
499 738 660 762 movere.

89 788 132 818 60
155 783 422 828 Aperbctchz'us]
448 794 540 825 non,
567 785 609 817 ut
632 783 864 817 Eichstadius
889 784 928 816 et
952 793 996 816 ex
1023 793 1065 816 eo
1090 781 1376 816 Bretschneider
1401 780 1642 821 adnotarunt,
1670 779 1806 822 „Gott-

179 839 344 873 schalcus
381 839 653 884 Aperbachius,
691 838 977 872 mathematicus
1012 838 1154 872 Erford.
1177 839 1258 871 tum
1293 836 1472 880 temporis
1510 836 1658 879 [immo,
1696 835 1806 879 longe

178 896 278 939 post]
306 895 617 936 celeberrimus“‚
650 894 731 937 sed,
766 894 829 938 qui
854 896 934 928 tum
964 894 1144 939 temporis
1174 894 1272 927 inter
1295 892 1548 926 Erfordienses
1578 891 1808 925 humanistas

179 950 442 985 celeberrimus
467 951 549 993 fuit,
574 950 744 985 Petreius
768 950 1024 995 Aperbachius
1051 950 1280 993 (Eheu-bach).
1328 948 1372 982 cf.
1389 948 1486 981 infra
1510 948 1675 991 1³:257&
1693 947 1806 980 27829.

179 1008 218 1041 et
240 1006 326 1041 vide
352 1007 431 1040 Ind.
451 1007 568 1051 biogr.
586 1019 621 1051 p.
640 1012 714 1041 301.
733 1019 785 1051 sq.
805 1008 871 1040 art.
890 1006 1155 1051 Aperbachius,

89 1067 127 1098 61
156 1063 332 1097 Eobamcs
347 1062 502 1107 Hessus]
531 1062 582 1097 Cf.
600 1062 679 1097 Ind.
696 1063 814 1107 biogr.
837 1075 872 1107 p.
891 1067 966 1098 390.
985 1074 1062 1107 sqq.
1087 1063 1154 1096 art.
1174 1061 1327 1103 Hessus,
1355 1061 1393 1095 et
1409 1060 1567 1094 Hutteni
1592 1058 1737 1101 Querel.
1762 1058 1805 1091 ΙΙ.

180 1123 232 1161 10,
251 1128 293 1154 81.
311 1133 378 1162 sqq.

89 1179 130 1210 62
157 1177 328 1220 quoerere]
355 1176 446 1210 alios
470 1176 660 1221 instigare,
688 1176 860 1218 excitare,
887 1175 1093 1220 impellere.

88 1235 131 1266 66
159 1231 290 1266 Gratus
313 1231 528 1276 Rubzfcmms]
556 1232 674 1266 Verus
705 1232 814 1265 huius
844 1233 965 1266 satirae
991 1232 1138 1277 generis
1162 1231 1352 1270 inventor,
1380 1230 1460 1264 Johw.
1480 1229 1608 1273 Jcegser.
1658 1227 1709 1262 Cf.
1728 1227 1806 1261 Ind.

177 1287 294 1332 biogr.
312 1300 347 1332 p.
366 1292 441 1323 353.
460 1300 538 1332 sqq.
556 1289 623 1322 art.
643 1288 783 1331 Crotus,
812 1289 850 1322 et
874 1288 1032 1322 Hutteni
1057 1287 1203 1329 Querel.
1221 1287 1266 1320 II.
1285 1291 1336 1328 10,
1356 1296 1396 1320 77.
1411 1299 1477 1328 sqq.

89 1347 130 1378 69
156 1343 405 1388 Buchoniam]
432 1344 464 1377 A
490 1355 564 1388 qua
588 1355 654 1378 sua
685 1344 808 1388 patria
832 1343 1019 1378 Huttenus
1050 1343 1307 1387 antiquissimo
1332 1353 1397 1376 suo
1423 1341 1522 1386 quod
1552 1341 1658 1375 nobis
1682 1351 1806 1384 super-

179 1401 234 1434 est
265 1400 419 1434 carmini
448 1411 587 1434 nomen
618 1400 844 1445 Phagigenae
878 1400 1252 1443 (Buchenerzeugyter)
1284 1398 1480 1442 inscripsit.
1521 1397 1565 1431 cf.
1590 1396 1694 1430 Hutt.
1713 1395 1807 1440 Opp.

178 1456 242 1490 ΙΙΙ.
259 1468 294 1500 p.
313 1460 343 1490 5.
362 1457 400 1490 et
424 1456 570 1498 Querel.
588 1456 633 1490 H.
654 1461 710 1498 10,
729 1465 771 1491 97.
787 1469 865 1500 sqq.
914 1456 971 1489 Ab
996 1455 1145 1489 Erfurto
1172 1455 1363 1490 Coloniam
1388 1455 1449 1488 via
1473 1465 1540 1498 per
1564 1452 1805 1493 Buchoniam,

178 1523 305 1546 versus
330 1512 573 1555 occidentem,
601 1512 714 1554 ducit,
741 1512 806 1546 sed
829 1523 897 1556 per
921 1511 1098 1554 Gotham,
1125 1512 1191 1545 ubi

88 1573 131 1604 70
155 1568 355 1606 Mzctzfarzus
378 1568 534 1610 habitat,
561 1579 673 1612 quem
698 1568 833 1603 timens
858 1567 1107 1602 Schlauraffus
1131 1568 1312 1601 orientem
1330 1577 1456 1600 versus
1480 1577 1548 1609 per
1566 1565 1807 1609 Campaniam

177 1625 216 1659 in
247 1624 420 1659 Misniam
451 1624 572 1658 redire
603 1625 764 1669 praefert.
811 1624 866 1659 De
891 1624 1060 1658 Mutiano
1087 1624 1131 1658 cf.
1150 1623 1228 1658 Ind.
1246 1623 1363 1668 biogr.
1388 1635 1423 1667 p.
1440 1626 1516 1657 426.
1535 1633 1612 1665 sqq.
1630 1621 1665 1656 h.
1684 1622 1751 1655 art.
1771 1622 1809 1655 et

156 1681 336 1723 „Hutteni
361 1680 504 1722 Querel.
523 1681 567 1715 Π.
588 1685 639 1723 10,
657 1691 700 1716 89.
722 1694 773 1725 sq.

89 1742 223 1772 73...75
253 1737 592 1781 Aesticampianus,
635 1749 718 1771 cum
750 1737 999 1771 Sclrlauraffus
1030 1737 1240 1771 ambularet
1268 1747 1336 1780 per
1366 1735 1594 1777 Almaniam,
1626 1734 1701 1768 iam
1732 1733 1807 1767 Fri-

178 1794 302 1838 bergae
329 1793 495 1828 docuisse
521 1793 671 1828 videtur
696 1795 793 1837 (ann.
814 1797 909 1828 1515.
928 1795 1037 1837 sqq),
1071 1804 1155 1826 cum
1181 1791 1394 1836 Spalatinus
1426 1791 1504 1825 eius
1534 1791 1678 1824 vicinus
1710 1790 1807 1824 dica-

179 1851 250 1892 tur,
277 1849 341 1893 qui
365 1860 409 1884 eo
433 1850 601 1893 tempore
620 1850 818 1884 canonicus
830 1849 1138 1894 Altenburgensis
1163 1848 1282 1882 factus
1308 1849 1396 1881 erat.
1428 1847 1472 1881 cf.
1491 1847 1569 1881 Ind.
1586 1847 1703 1891 biogr.
1723 1847 1806 1879 artt.

178 1906 501 1950 Aesticampianus
527 1907 566 1940 et
582 1905 806 1950 Spalatinus,
834 1906 872 1940 et
897 1905 1054 1939 Hutteni
1073 1904 1218 1947 Querel.
1237 1904 1281 1938 11.
1301 1908 1352 1946 10,
1371 1913 1413 1938 60.
1427 1913 1470 1937 67.
1487 1916 1539 1946 sq.

89 1966 219 1998 77..80
243 1962 380 2006 nemus]
406 1962 634 2006 Ενὲῃθῦἱνῃθ.
683 1962 849 2005 Sturnus,
876 1962 898 1996 i.
918 1973 947 1996 e.
966 1962 1048 1996 Joh.
1067 1961 1192 2003 Staar,
1217 1960 1459 2004 Annaebergae
1483 1960 1564 1992 tum
1589 1958 1725 1992 docuit.
1763 1958 1807 1991 cf.

178 2018 257 2052 Ind.
274 2018 394 2063 biogr.
411 2030 445 2062 p.
464 2022 538 2052 481.
559 2020 626 2053 art.
645 2018 812 2061 sturnus,
840 2019 877 2052 et
901 2018 1059 2052 Hutteni
1083 2017 1230 2059 Querel.
1248 2016 1294 2052 ΙΙ.
1314 2020 1366 2058 10,
1385 2025 1426 2049 47.
1443 2028 1496 2059 sq.

90 2079 130 2110 81
156 2075 346 2109 Hutteoezus
370 2086 407 2109 se
433 2072 507 2109 11011
531 2075 640 2108 nimis
665 2075 849 2109 minacem
874 2074 1061 2118 depingit,
1088 2085 1172 2107 cum
1197 2072 1321 2117 virgas
1345 2071 1509 2113 tantum,
1541 2081 1615 2105 non
1640 2070 1807 2115 gladium

180 2142 353 2166 ensemve
389 2131 562 2165 minetur.
601 2131 682 2171 sed,
721 2132 763 2164 ut
799 2130 863 2164 alii
898 2130 1080 2172 fecerant,
1119 2128 1389 2163 Schlauraffum
1428 2129 1607 2171 tanquam
1645 2127 1808 2161 beanum

179 2187 368 2232 propellit.

89 2246 177 2288 Pag.
198 2246 290 2282 201.
750 2247 979 2250 ***—“‘t

90 2305 132 2336 83
157 2301 261 2345 coyit.
278 2312 322 2334 m.
340 2300 516 2344 salutare]
541 2299 716 2344 prospexi
740 2300 851 2334 saluti
875 2311 978 2342 meae,
1005 2301 1048 2334 ut
1072 2313 1101 2333 v.
1116 2309 1158 2334 13.
1185 2297 1367 2343 ‘cogitavi
1390 2296 1527 2330 bonam
1551 2297 1660 2330 rem’.

90 2361 133 2392 85
157 2357 372 2402 Beutinyer]
392 2355 533 2401 Saepius
549 2356 770 2401 Peutinger.
797 2356 841 2391 cf.
859 2356 937 2390 Ind.
955 2356 1073 2400 biogr.
1091 2367 1125 2400 p.
1138 2359 1214 2390 433.
1231 2354 1266 2388 h.
1285 2355 1351 2387 art.
1369 2352 1612 2386 Antiscotista
1627 2352 1700 2386 fuit
1714 2351 1807 2386 Peu-

179 2413 356 2458 tingerus.
382 2412 427 2447 cf.
444 2412 523 2446 Ind.
540 2412 659 2457 biogr.
677 2424 712 2457 p.
731 2417 806 2447 319.
825 2414 892 2446 art.
910 2412 1081 2446 Brulifer.

90 2473 132 2504 86
156 2480 210 2504 me
227 2470 356 2513 perna]
381 2469 473 2502 mihi
497 2481 551 2513 p.,
577 2469 671 2503 mich
695 2470 866 2512 zulasseoz,
890 2470 962 2503 mir
987 2469 1167 2503 erlauben.

90 2529 143 2563 87,
161 2529 204 2560 88
222 2526 429 2570 praeterivi]
461 2536 535 2560 non
566 2525 751 2570 ingressus
781 2537 878 2568 sum,
913 2525 1001 2569 quia
1030 2524 1083 2558 ibi
1115 2523 1345 2557 domicilium
1376 2522 1508 2556 habuit
1537 2521 1695 2566 Capnio,
1728 2523 1807 2556 tum

181 2581 329 2615 Suevici
358 2581 507 2616 foederis
530 2581 659 2623 iudex,
692 2592 714 2615 a
738 2592 811 2625 quo
836 2581 1102 2615 immanissima
1130 2579 1222 2613 mihi
1246 2578 1448 2613 metuenda
1478 2578 1642 2612 fuissent.
1680 2578 1724 2611 cf.
1743 2577 1808 2612 Ca-

179 2648 311 2672 merar.
329 2638 376 2671 ad
402 2652 431 2672 v.
446 2648 488 2672 91.
505 2638 657 2672 transcr.
683 2637 768 2671 Vid.
786 2637 900 2671 etiam
924 2637 1082 2670 Hutteni
1107 2635 1251 2678 Querel.
1270 2635 1315 2668 Π.
1335 2639 1394 2676 10,
1412 2644 1472 2668 231.
1489 2647 1565 2678 sqq.

91 2698 133 2730 89
159 2692 335 2738 Tubinyoe
358 2694 540 2728 sedebant
562 2704 637 2727 non
662 2692 781 2727 solum
805 2693 915 2726 multi
939 2693 1038 2734 socii,
1065 2691 1345 2733 Reuchlinistae,
1373 2690 1437 2734 qui
1461 2690 1594 2724 versib.
1609 2693 1808 2734 91811.ῃο-

180 2749 387 2792 minantur,
421 2750 459 2783 et
481 2748 644 2793 Lempus
669 2750 707 2782 et
730 2749 794 2782 alii
819 2760 910 2792 quos
934 2760 1032 2782 nunc
1056 2759 1130 2782 non
1155 2758 1348 2789 recenseo,
1382 2746 1447 2780 sed
1478 2746 1531 2780 ibi
1555 2756 1703 2790 quoque
1729 2746 1810 2780 erat

179 2805 267 2839 inde
299 2806 345 2839 ab
377 2816 408 2839 a.
428 2809 524 2839 1511.
548 2805 700 2839 Thomae
725 2804 918 2838 Anshehni
949 2804 1127 2838 Badensis
1158 2803 1308 2837 officina
1336 2802 1627 2847 typographica,
1659 2812 1704 2836 ex
1735 2812 1810 2846 qua

180 2862 238 2896 tot
263 2861 431 2895 exitiales
454 2861 493 2894 in
522 2861 831 2905 theologistarum
856 2871 1009 2905 gregem
1038 2855 1157 2893 libelli
1189 2859 1310 2894 emissi
1334 2859 1430 2892 sunt.
1475 2858 1599 2892 Etiam
1624 2857 1808 2892 Camerar.

180 2917 219 2951 in
249 2917 328 2951 vita
356 2916 582 2951 Melanchth.
606 2916 703 2961 Lips.
730 2920 826 2951 1556.
849 2919 896 2951 8⁰.
918 2928 953 2960 p.
973 2921 1024 2953 13.
1050 2916 1095 2950 de
1128 2916 1301 2961 Tubinga
1335 2926 1419 2949 cum
1455 2914 1721 2949 Melanchthon
1755 2914 1809 2947 ibi

181 2974 388 3008 moraretur
415 2973 540 3007 ‘erant
563 2973 743 3018 Tubingae
767 2974 873 3007 tunc’
900 2973 954 3006 ait
979 2973 1035 3006 ‘et
1057 2972 1225 3017 theologi
1248 2972 1291 3006 ut
1312 2971 1387 3005 illis
1416 2970 1647 3016 temporibus
1672 2970 1807 3004 eximii.

183 3031 289 3064 erant
313 3028 405 3072 ICti,
438 3040 595 3073 quorum
626 3041 723 3064 nunc
748 3029 860 3064 etiam
893 3029 1044 3063 nomina
1068 3028 1227 3062 illustria
1251 3029 1290 3062 et
1313 3039 1427 3072 opera
1454 3027 1660 3062 laudabilia
1682 3028 1720 3061 in
1746 3038 1807 3061 ore
