2119 3522
98 250 184 290 Pag.
201 248 291 285 260.

455 481 487 505 30

451 1041 484 1065 40

448 1603 480 1627 50

447 2166 479 2190 60

445 2729 477 2753 70

594 191 645 213 ΕΡ.
659 189 700 213 47.
734 190 944 214 BENEDICTVS
961 192 1005 213 DE
1024 190 1143 214 SCOCIA
1160 191 1319 214 ORTVINO.

511 306 625 337 Bruta
649 304 746 336 velut
770 305 874 337 rebus
900 305 1045 337 Domini
1070 308 1239 347 pergrata
1263 306 1372 347 fuere,

570 361 628 393 Sic
652 360 797 391 Domini
822 361 929 393 rebus
955 361 1063 402 digna
1087 361 1182 393 fuere
1207 362 1285 393 sui:

512 417 651 458 Verpus
674 416 828 448 avaritia
853 416 994 458 poterat
1018 427 1185 459 superare
1211 417 1417 458 Molossum,

567 469 773 514 Composita
797 473 884 504 vicit
911 472 1108 505 calliditate
1133 473 1269 505 Catum.

513 529 631 561 Pensa
655 529 885 560 novercantis
911 529 1051 560 tandem
1077 539 1240 571 suprema
1265 528 1420 562 senectae

567 582 767 626 Attigerat,
794 584 933 616 tandem
957 585 1031 616 fata
1055 585 1182 617 dedere
1208 586 1318 625 mori;

512 640 624 681 Aeger
649 644 742 680 erat,
766 640 888 672 morbo
915 650 1056 672 carnem
1080 641 1247 683 depastus
1274 642 1386 682 edaci,

566 696 641 728 Iam
665 697 822 728 moriens
847 695 991 728 Christo
1018 707 1148 728 numen
1172 698 1287 729 inesse
1312 703 1437 740 negat3

510 754 566 784 Ex
590 752 810 794 postliminio
836 755 985 784 revocat
1009 752 1151 785 Iudaeus
1176 754 1275 785 avita

565 809 760 849 Dogmata,
786 807 899 839 Iudaei
924 807 1091 849 dogmata
1116 809 1229 841 Mosis
1255 808 1339 850 init3

510 863 614 904 Quod
638 863 745 895 latuit
770 863 859 894 dura
883 863 1012 895 vitium
1038 864 1191 904 cervice,
1216 865 1358 906 fatetur,

562 920 730 951 Nostram
756 919 932 961 sacrilego
960 919 1102 951 conficit
1128 930 1186 951 ore
1212 921 1369 953 Crucem.

509 976 549 1008 Id
573 975 704 1007 faceret
729 986 838 1017 quare
862 977 983 1008 iussus
1009 987 1169 1017 narrare,
1196 977 1357 1009 ferebat:

565 1032 595 1063 A
619 1032 750 1064 famulo
776 1033 918 1064 brutum
942 1033 1050 1065 iussit
1075 1037 1265 1075 utrumque
1289 1034 1374 1065 dari.

507 1088 657 1121 Carcere
684 1089 880 1131 desumpsit
904 1089 1020 1130 felem,
1048 1100 1118 1131 quo
1145 1089 1323 1122 clauserat
1348 1093 1431 1122 ante

564 1144 752 1184 Servulus,
778 1148 813 1176 et
838 1155 947 1177 cavea
970 1145 1098 1178 liberat
1123 1146 1203 1177 inde
1229 1146 1370 1179 Canem.

508 1200 606 1232 Alter
632 1201 660 1231 it
685 1200 851 1241 allatum,
878 1202 993 1233 tenuit
1019 1212 1109 1243 quos
1136 1212 1294 1243 carcere,
1318 1202 1457 1235 Murem

564 1257 611 1289 Et
636 1257 809 1298 leporem,
834 1257 988 1289 Domino
1014 1258 1111 1290 sistit
1136 1261 1326 1301 utrumque
1352 1269 1428 1293 suo,

507 1311 561 1344 Ad
586 1313 732 1345 Domini
757 1313 887 1345 lectum
912 1314 1065 1346 famulus
1091 1314 1253 1356 procedit
1277 1317 1430 1357 uterque

563 1370 610 1401 Et
636 1380 716 1411 quae
742 1370 859 1401 iussus
884 1372 958 1401 erat
983 1370 1110 1401 ducere
1135 1371 1256 1411 bruta,
1283 1374 1390 1403 tenet.

506 1426 669 1457 Prodidit
693 1425 869 1468 extemplo
894 1425 1039 1458 Iudaeus
1065 1427 1214 1458 crimina
1238 1427 1349 1459 vitae:

563 1481 713 1523 Singula
737 1481 911 1514 mittendo
938 1492 1075 1513 currere
1099 1483 1205 1514 bruta
1229 1483 1339 1515 iubet.

506 1539 611 1570 Hanc
635 1538 774 1570 fuerant
799 1538 916 1579 plures
942 1549 1016 1570 rem
1042 1538 1105 1579 qui
1131 1541 1290 1580 spectare
1314 1544 1493 1581 pararent.

560 1595 656 1626 Hinc
680 1594 835 1626 famulus
860 1593 959 1626 felem
985 1594 1151 1636 protulit,
1178 1594 1257 1626 inde
1283 1605 1415 1636 canem,

504 1650 603 1683 Alter
626 1653 660 1682 et
685 1660 900 1692 apprensum
925 1650 1077 1683 famulus
1103 1651 1163 1682 dat
1188 1661 1328 1684 currere
1353 1652 1489 1684 Murem

562 1707 609 1738 Et
633 1707 792 1749 leporem
817 1706 939 1739 clausa
963 1706 1049 1738 facit
1073 1706 1173 1739 abire
1196 1707 1324 1739 domo:

505 1765 686 1804 Quattuor
709 1764 850 1796 inverso
876 1763 1083 1795 discurrunt
1108 1763 1230 1795 ordine
1254 1764 1382 1796 bruta:

560 1821 721 1862 Degener
745 1819 948 1862 exemplum
972 1829 1113 1852 cernere
1138 1829 1266 1861 verpus
1293 1825 1398 1852 amat.

502 1874 666 1918 Arripuit
690 1886 821 1918 prensa
845 1875 999 1918 leporem
1025 1877 1164 1908 cervice
1188 1874 1387 1916 Molossus,

560 1932 734 1965 Concitus
760 1933 796 1964 in
820 1932 957 1965 Murem
981 1932 1122 1964 turbine
1146 1931 1242 1963 Felis
1267 1932 1358 1972 abit3

501 1990 617 2021 Dente
641 1989 741 2021 canis
766 1989 924 2031 leporem
947 1988 1118 2021 discindit
1143 1998 1273 2020 avarus
1298 1988 1440 2030 iniquo3

559 2044 716 2087 Corpore
740 2045 820 2077 Mus
846 2044 964 2077 lacero
989 2044 1103 2077 fertur
1127 2044 1164 2075 in
1189 2054 1251 2076 ora
1278 2043 1369 2076 Cati.

507 2101 623 2134 Scena
648 2101 738 2134 foret
763 2101 868 2134 finem
896 2101 1001 2134 simul
1025 2111 1067 2132 ac
1092 2101 1222 2133 sortita
1247 2103 1446 2142 cruentum,

558 2158 611 2189 Ad
637 2157 789 2200 populos
816 2157 881 2190 tali
905 2157 1001 2189 fatur
1024 2156 1150 2198 Apella
1173 2156 1299 2189 modo:

505 2214 653 2254 Quando
679 2214 804 2256 Lepus
827 2224 932 2246 versa
957 2213 1076 2255 rapiat
1100 2214 1238 2245 virtute
1262 2213 1469 2255 Molossum,

558 2270 638 2303 Mus
665 2270 771 2302 simul
795 2280 836 2302 ac
859 2269 964 2302 felem
988 2269 1130 2309 vincat,
1156 2272 1309 2311 utroque
1333 2270 1447 2302 minor

504 2326 629 2359 Cultor
654 2336 714 2358 ero
740 2327 867 2366 vestri,
893 2336 995 2368 quem
1019 2336 1114 2358 nunc
1138 2326 1315 2367 insector,
1340 2327 1440 2367 Iesu,

559 2383 671 2415 Mosis
697 2385 731 2414 et
756 2392 773 2413 e
799 2382 897 2414 dicto
922 2382 1044 2414 vivere
1071 2382 1185 2414 fessus
1211 2392 1288 2422 ero;

502 2440 661 2479 Quamve
688 2439 750 2471 diu
774 2439 895 2480 vigeat
920 2439 1057 2471 Natura
1082 2439 1263 2480 potentior
1288 2442 1381 2479 arte,

558 2496 671 2527 Totus
696 2495 734 2526 in
758 2495 922 2527 Hebraeae
948 2495 1085 2527 foedera
1109 2495 1226 2536 gentis
1251 2506 1303 2527 eo.

504 2551 563 2584 Sic
587 2551 748 2594 loquitur
766 2562 774 2582 τ
793 2554 940 2593 quassat
966 2551 1084 2583 subito
1111 2554 1272 2593 correpta
1297 2551 1417 2584 dolore

557 2608 725 2648 Pectora,
753 2607 926 2649 sacrilego
953 2608 1104 2649 spiritus
1130 2618 1189 2639 ore
1213 2608 1323 2650 fugit,

502 2664 636 2705 Impius
661 2663 836 2696 horrendo
862 2666 1040 2705 permutat
1065 2664 1189 2696 funere
1213 2666 1341 2705 vitam,

557 2720 734 2752 Horribili
757 2720 858 2752 dirus
882 2722 996 2751 morte
1019 2720 1182 2752 domatur
1205 2720 1327 2761 homo,

502 2777 619 2808 Morte
648 2776 732 2817 quid
756 2775 930 2808 horrenda
955 2776 1101 2817 gravius
1126 2779 1290 2808 censetur
1315 2777 1352 2809 in
1378 2778 1483 2809 orbe?

555 2832 654 2864 Mors
678 2832 833 2864 animam
857 2831 935 2863 Diti
958 2831 1156 2873 mancipat,
1184 2843 1266 2865 ossa
1290 2832 1378 2865 luto.

500 2887 629 2920 Nobile
657 2887 847 2920 succedens
872 2887 1068 2930 exemplum
1092 2888 1245 2930 protulit
1270 2892 1382 2922 zetas:

559 2944 670 2976 Cuius
694 2945 789 2986 apud
814 2944 963 2976 Paulum
989 2944 1092 2985 signa
1120 2944 1234 2976 videre
1258 2945 1363 2977 licet:

502 3001 636 3034 Aereus
660 3001 800 3034 excelso
826 3004 1010 3043 portarum
1035 3000 1165 3033 vertice
1192 3011 1315 3035 servus

1719 175 1811 219 727

1533 251 1618 292 Pag.
1633 252 1709 283 260.
1728 261 1757 282 ν.
1771 258 1813 283 29.
