2119 3522
298 197 392 242 64ss
735 207 999 231 COMMENTAmvs
1022 206 1068 228 AD
1094 207 1164 228 EPP.
1184 206 1213 228 o.
1231 206 1263 228 v.
1289 205 1366 227 vos..
1386 206 1407 227 1.
1434 195 1499 236 (ΕΡ.
1513 194 1571 236 49.)

296 273 381 304 Pa.
429 270 464 305 8.

349 272 431 358 ἐᾷ.
450 337 482 366 p.
501 325 576 356 515.
596 333 690 364 sqq:
716 322 769 353 De
795 319 941 352 Cuculla
967 319 1044 351 fuse
1070 321 1206 350 tractat
1230 318 1454 360 Augustinus
1480 317 1616 350 Calmet
1639 317 1901 351 Commentario
1926 318 2008 351 Gal-

384 382 452 413 lico
478 380 520 411 ad
546 378 721 419 Regulam
746 376 780 408 S.
797 376 1003 414 Benedicti,
1028 375 1140 406 Tomo
1157 375 1204 406 ΙΙ.
1222 385 1281 416 pp.
1298 376 1373 406 217.
1391 378 1426 406 et
1452 385 1546 416 sqq.,
1574 385 1592 406 e
1618 385 1686 416 quo
1712 385 1827 416 pauca
1850 374 1928 406 haee
1952 385 2008 406 ac-

383 438 473 478 cipe.
521 433 668 467 Cuculla
691 432 896 474 purioribus
919 430 1064 462 Latinis
1091 430 1288 462 vocabatur
1313 430 1500 471 Cucullus,
1534 430 1743 472 quibusdam
1768 429 1946 471 Cucullio,
1973 432 2009 462 et

383 489 674 524 Bardocucullus.
721 488 811 520 Erat
837 487 967 528 capitis
992 486 1251 526 indumentum,
1277 487 1315 517 in
1340 486 1468 518 Galliis
1492 486 1694 528 praesertim
1718 488 1755 518 et
1779 486 1913 526 Romae,
1937 486 2009 518 usi-

384 552 499 580 tatum
522 545 813 588 pauperioribus,
839 542 1039 584 opificibus,
1065 553 1107 574 ae
1131 542 1245 574 servis
1270 542 1494 583 maximeque
1520 542 1595 573 ruri
1621 545 1658 573 et
1684 542 1719 573 in
1743 542 1887 574 itinere.
1924 541 2010 574 Cas—

385 605 485 636 siano
513 606 605 634 teste
631 601 710 632 Lib.
729 611 753 632 1.
773 610 848 641 cap.
866 600 897 631 4.
914 598 1087 640 Aegyptii
1111 597 1281 629 Monachi
1306 597 1438 629 saeculo
1462 608 1496 630 v.
1528 597 1715 637 „Cucullis
1741 597 1930 639 perparvis
1953 608 2011 630 us-

384 670 450 702 que
480 659 524 690 ad
557 657 707 690 cervicis
739 656 1036 696 humerorumque
1069 654 1226 686 dimissis
1256 652 1428 694 confinia,
1462 653 1592 695 quibus
1615 657 1759 685 tantum
1783 654 1904 694 capita
1929 664 2010 685 con-

385 718 513 756 tegunt
538 714 787 746 indesinenter
810 711 936 743 diebus
960 713 1110 742 utuntur
1128 721 1171 742 ac
1197 706 1402 741 noctibus“.
1451 710 1673 751 Purpuream
1690 709 1848 742 Cucullae
1873 720 2011 742 crucem

383 771 577 804 assuebant
602 768 770 810 discipuli
789 767 823 799 S.
841 767 1036 807 Pachomii,
1062 769 1101 798 ut
1127 769 1180 798 est
1205 766 1300 807 apud
1318 765 1521 797 Palladium
1537 765 1634 800 Hist.
1652 766 1840 798 Lausiacae
1864 776 1940 807 cap.
1958 766 2012 798 28.

382 826 612 859 Benedictini
636 826 679 857 ab
704 824 812 856 initio
837 826 1030 864 gesserunt
1055 821 1269 863 „Cucullam
1299 822 1336 852 in
1362 821 1478 853 hieme
1504 821 1687 861 villosam,
1720 822 1758 853 in
1788 823 1916 854 aestate
1947 831 2011 863 pu-

384 895 473 925 ram,
506 886 568 915 aut
593 880 812 914 vetustam“.
849 878 999 920 Regulae
1026 889 1103 919 cap.
1125 879 1176 910 55.
1225 877 1360 909 Postea
1389 887 1531 918 sagum,
1563 889 1626 910 seu
1652 877 1817 919 pallium,
1848 877 2012 910 adiecere

384 940 550 979 Cucullo,
583 938 642 980 qui
675 937 752 969 ideo
778 936 918 978 Cappa,
954 945 1015 967 seu
1040 933 1188 973 Casula,
1220 933 1335 965 dictus
1361 933 1439 964 fuit.
1487 933 1617 966 Aetate
1644 933 1678 965 S.
1696 933 1881 966 Benedicti
1904 933 2015 965 Ania-v

383 996 524 1035 nensis,
557 996 590 1026 id
615 998 670 1026 est
702 1004 796 1025 nono
823 991 970 1031 saeculo,
1004 989 1219 1031 „nonnullis
1244 1000 1355 1030 usque
1390 990 1434 1020 ad
1467 989 1559 1021 talos
1585 989 1743 1021 Cucullae
1773 989 2014 1030 pendebant“‚

384 1051 677 1095 quemadmodum
708 1050 749 1080 in
779 1049 855 1080 eius
880 1048 966 1078 Vita.
997 1046 1140 1087 legitur.
1190 1044 1390 1076 Fuldenses
1420 1054 1480 1076 eas
1511 1046 1555 1076 ad
1581 1055 1700 1085 genua
1732 1048 1870 1077 tantum
1900 1056 2012 1087 usque

383 1108 635 1145 demittebant3
663 1105 755 1147 quod
781 1107 817 1136 et
833 1104 1059 1135 Anianenses
1085 1102 1121 1132 in
1138 1101 1366 1132 monasteriis
1393 1101 1462 1132 sibi
1488 1101 1660 1133 subiectis
1686 1101 1870 1133 observari
1895 1101 2012 1133 iussit.

383 1163 530 1197 Cuculla
556 1162 590 1194 S.
608 1160 775 1200 Remacli,
802 1170 907 1201 quam
932 1158 1167 1190 Stabulenses
1192 1157 1399 1195 adservant,
1424 1159 1587 1188 veterem
1611 1156 1780 1190 casulam
1804 1157 1924 1197 refert,
1951 1167 2015 1188 un-

384 1221 489 1262 dique.
517 1220 690 1258 clausam,
721 1216 870 1248 manicis
895 1217 1093 1254 carentem,
1127 1217 1163 1245 et
1189 1213 1325 1254 capitio
1356 1213 1568 1245 instructam
1600 1223 1672 1244 non
1702 1213 1868 1245 dissimili
1891 1213 1936 1245 ab
1961 1224 2015 1254 eo,

386 1288 453 1319 quo
485 1274 693 1307 Cartusiani
729 1276 837 1314 caput
874 1271 1051 1312 operiunt.
1101 1269 1244 1311 Apertae
1280 1267 1409 1300 deinde
1447 1269 1626 1310 utrimque
1665 1268 1807 1301 fuerunt
1842 1269 2015 1302 eiusmodi

385 1332 540 1369 Casulae,
581 1334 617 1363 et
650 1327 865 1362 retinaculis
895 1327 939 1359 ab
971 1329 1125 1368 utroque
1158 1325 1266 1357 latere
1297 1324 1520 1357 constrictae:
1551 1325 1674 1357 deinde
1705 1328 1742 1357 et
1773 1325 1930 1357 manicas
1956 1325 2015 1357 ad-

387 1390 557 1421 miserunt
588 1387 716 1419 saltem
741 1386 784 1417 ab
815 1385 919 1416 initio
947 1381 1167 1414 x11.s<.eculi.
1216 1381 1346 1414 Exstat
1372 1381 1486 1413 adhuc
1518 1381 1612 1422 apud
1637 1380 1846 1414 cassinates
1872 1382 2016 1422 „Vestis

386 1445 579 1483 Desiderii,
605 1442 756 1475 Abbatis
782 1440 973 1479 cucullati,
1006 1438 1110 1470 talari
1137 1438 1355 1469 vestimento
1383 1437 1540 1479 undique
1566 1437 1705 1477 clauso,
1737 1448 1803 1470 nec
1828 1437 2015 1469 admodum

388 1502 554 1540 sinuoso,
593 1499 743 1531 manicis
774 1508 845 1529 non
876 1495 1050 1537 aluplis·‘:
1090 1494 1140 1525 sic
1174 1494 1267 1525 enim
1298 1493 1458 1534 loquitur
1482 1493 1642 1534 Angelus
1674 1493 1717 1525 de
1742 1493 1839 1525 Nuce
1869 1491 2016 1525 scholiis

388 1559 423 1589 in
447 1556 685 1588 Theodomari
712 1552 913 1596 Epistol-<un
944 1551 988 1583 :ul
1013 1550 1178 1582 Caroluin
1209 1559 1386 1591 magmun.
1436 1549 1545 1581 Plura
1569 1549 1612 1581 (le
1639 1549 1788 1581 Cucullo
1821 1550 1921 1581 dabit
1945 1547 2016 1581 An-

390 1613 520 1645 Ι«01111115
546 1611 714 1651 Solerius,
741 1610 816 1642 sive
840 1607 1027 1650 Theopliil.
1046 1606 1286 1647 Raynaudus,
1311 1605 1391 1637 Lib.
1409 1605 1452 1637 de
1479 1605 1589 1637 Pileo.
1609 1605 1702 1638 Sect.
1720 1615 1777 1637 xv.

302 1674 340 1704 19
367 1682 431 1703 non
455 1670 536 1701 bene
561 1665 805 1709 consideratus]
831 1663 1109 1704 inconsiderate,
1135 1661 1354 1694 inconsulto.

300 1729 342 1759 22
367 1727 452 1758 mz'sz‘c
475 1736 538 1766 pro
565 1723 616 1766 ea]
644 1723 781 1763 citavit,
807 1721 960 1753 accersit
986 1730 1074 1752 eam.

299 1784 341 1815 26
364 1783 483 1823 facere
511 1806 517 1812 .
538 1805 545 1813 .
567 1806 573 1812 .
601 1778 777 1821 rehabere]
806 1778 1014 1816 restituere,
1040 1775 1197 1807 reddere.

300 1841 342 1872 28
367 1836 553 1879 centorum]
586 1835 789 1868 Pulchellus
821 1833 963 1876 quidem
993 1832 1203 1873 genetivus,
1236 1830 1299 1863 scd
1330 1842 1408 1863 cuin
1440 1841 1511 1862 non
1544 1831 1577 1862 in
1605 1832 1668 1863 100
1694 1830 1810 1862 sedin
1837 1833 1923 1864 1000
1951 1832 2019 1864 T.’s

391 1895 518 1925 Numen
542 1892 722 1934 inprecari
746 1890 854 1931 vulgo
881 1889 1032 1928 soleant,
1057 1887 1277 1930 praetulerim
1302 1885 1541 1918 ‘milli01·um'.

301 1953 342 1983 29
368 1948 601 1991 refutatorios]
629 1959 700 1980 non
727 1958 814 1989 quos
839 1946 916 1979 ICti
940 1946 1062 1977 dieunt
1088 1943 1321 1977 refutatorios
1347 1942 1541 1985 apostolos,
1567 1942 1629 1975 sed
1653 1943 1869 1975 sententiam
1894 1947 2021 1976 contra

391 2012 558 2046 actorem,
583 2004 849 2037 absolutoriam.

304 2066 345 2096 29
371 2063 553 2095 illudebant
577 2063 608 2093 ei
633 2059 709 2103 eta]
737 2060 789 2092 Cf.
807 2059 937 2092 Matth.
955 2068 1066 2090 xxvxi.
1085 2058 1138 2089 29.
1157 2067 1233 2098 sqq.
1258 2057 1370 2088 Marc.
1389 2066 1446 2088 xv.
1464 2057 1517 2087 20.

304 2123 346 2153 33
370 2121 457 2151 misit
483 2145 489 2151 .
512 2145 518 2151 .
545 2116 753 2161 pertingere]
781 2118 851 2158 Iiess
877 2142 884 2148 .
905 2141 911 2147 .
937 2118 1117 2157 9eIanyen,
1143 2111 1284 2144 rettulit
1308 2112 1363 2143 ad.

302 2177 388 2217 Pag.
409 2175 470 2212 79.

304 2233 323 2263 6
346 2233 527 2273 percipere
552 2236 585 2263 et
609 2229 794 2272 exponere]
822 2229 1006 2261 Einnalmze
1031 2228 1099 2259 und
1123 2225 1280 2268 Ausyabe
1303 2225 1437 2265 fiderem,
1463 2234 1519 2256 res
1545 2224 1773 2265 pecuniarias
1796 2235 1998 2267 procurare.

308 2289 327 2319 7
353 2298 425 2319 esse
451 2286 527 2330 erit]
554 2290 626 2319 sein
650 2287 750 2323 wird,
777 2284 848 2317 fiet.

351 2344 449 2376 habet
468 2345 567 2383 finem
591 2341 694 2384 eirca]
721 2343 807 2374 hat's
832 2342 885 2373 ein
910 2341 1008 2372 Ende
1034 2351 1084 2370 um
1109 2340 1176 2379 die,
1201 2339 1257 2369 mil
1282 2338 1354 2369 der.

307 2403 327 2434 8
351 2401 414 2432 vivi
436 2398 485 2442 p.]
513 2398 560 2430 ‘O
586 2398 734 2439 Lycida,
761 2399 837 2429 vivi
861 2394 1114 2439 pervenimus'.
1140 2394 1249 2435 Vei-g.
1268 2392 1332 2424 ecl.
1352 2394 1382 2432 9,
1400 2399 1425 2423 2.

306 2460 325 2489 9
351 2457 435 2488 hunc
460 2453 535 2497 etc]
562 2455 685 2487 ‘Hunc
709 2464 774 2495 ego
801 2454 831 2485 si
855 2453 957 2495 potui
983 2455 1123 2484 tantum
1148 2459 1293 2492 sperare
1319 2447 1508 2481 dolorem'.
1534 2448 1640 2490 Verg.
1658 2449 1744 2482 Aen.
1761 2460 1808 2482 rv.
1825 2451 1901 2485 419.

309 2514 348 2544 16
373 2513 531 2544 moniales
555 2509 716 2553 crepitus]
742 2509 860 2542 dulcia
883 2509 1057 2550 hodieque
1082 2505 1389 2547 Nonnenfz'irzclzen
1413 2504 1518 2536 dicta.

307 2570 350 2601 ‘24
374 2580 439 2601 non
462 2569 568 2610 simpl.
587 2566 664 2610 eta]
702 2565 860 2608 Simplex
889 2564 1078 2597 conversio
1112 2566 1210 2595 esset
1235 2562 1385 2593 ι111.11011
1416 2560 1549 2593 furavit
1573 2560 1634 2602 c.’,
1663 2561 1725 2594 sed
1749 2563 1819 2605 ipsi
1843 2563 2020 2596 ‘caseum'

400 2627 619 2657 convertunt
644 2624 681 2655 in
707 2620 929 2655 ‘cucullam⁷.

309 2683 350 2714 27
375 2679 568 2724 scripturae]
594 2680 772 2713 Lamentt.
791 2679 914 2711 Ierem.
935 2688 1011 2718 cap.
1030 2687 1063 2709 v.
1082 2679 1113 2709 8.
1132 2676 1183 2707 14.
1202 2675 1253 2706 15.

310 2740 352 2770 33
376 2735 586 2779 panyraticc]
614 2737 655 2768 cf.
673 2737 718 2768 ad
743 2737 783 2768 72
793 2735 831 2766 ²⁹.

310 2796 353 2826 34
376 2795 497 2825 Datum
521 2791 597 2834 ete]
634 2793 723 2825 Haec
747 2792 977 2834 subscriptio,
1010 2791 1041 2822 si
1065 2788 1242 2822 dubitatio
1268 2788 1489 2828 superesset,
1516 2787 1606 2819 satis
1630 2788 1816 2830 probaret,
1843 2790 2024 2824 Germani-

401 2860 478 2881 cum
503 2848 694 2889 hominem,
719 2859 791 2880 non
815 2848 962 2889 Belgam
986 2852 1049 2879 aut
1072 2845 1222 2884 Gallum,
1247 2844 1339 2876 hanc
1363 2841 1551 2884 epistolam
1577 2844 1774 2886 scripsisse.

312 2907 355 2938 40
378 2904 620 2947 inchristianis]
653 2905 920 2937 unekristlichen.
945 2904 982 2936 in
1017 2901 1107 2945 Epp.
1127 2902 1168 2934 Ο.
1183 2901 1225 2933 V.
1244 2911 1320 2932 non.
1346 2898 1495 2939 legitur,
1527 2899 1587 2931 sed
1617 2899 1852 2936 Colonienses
1882 2904 2023 2937 theolo—

403 2962 508 3002 gistae
534 2962 667 3003 passim
690 2971 731 2994 eo
756 2961 932 2994 vocabulo
957 2961 1016 2993 usi
1040 2958 1161 3001 sunt.)
