2119 3522
259 241 355 287 578
496 279 505 286 ἣ
780 253 1044 278 COMMENTAmvs
1067 253 1113 275 An
1138 253 1209 275 ΕΡΡ.
1227 251 1258 275 0.
1274 253 1307 275 v.
1331 252 1409 276 vor..
1426 251 1450 275 1.

256 318 306 348 Pa
336 316 422 351 .4(].
912 347 915 349 .

310 327 508 408 gintueor,
541 367 641 410 quod
672 365 854 409 optimum
883 365 923 397 in
952 363 1124 397 humanis
1154 364 1226 406 est,
1258 364 1356 406 tum,
1389 363 1559 407 quamvis
1587 373 1720 397 revera
1746 363 1868 397 tenuis
1900 373 1969 407 ego

346 424 431 457 vitae
455 422 565 455 homo
591 422 629 455 et
652 432 749 454 nunc
774 420 853 454 sola
876 419 1104 463 agricultura
1126 419 1268 453 victum
1292 419 1500 463 quaeritans,
1525 418 1637 452 nullis
1653 418 1847 463 stipendiis
1870 418 1969 462 prin-

329 473 468 522 'cipum
494 478 558 511 aut
575 476 768 510 civitatum
787 476 944 510 donatus
969 475 1048 517 sim,
1073 475 1201 508 tamen
1231 474 1505 508 acerbissimam
1534 474 1740 519 egestatem
1765 474 1972 508 anteferam

345 544 456 577 quam
487 532 624 566 famam
655 531 882 576 negligam.“
929 530 977 564 Et
1005 531 1083 574 ipse
1114 530 1342 564 Reuchh'nus
1372 531 1419 565 ad
1450 530 1785 575 Questenbergium
1814 529 1971 563 Romam

345 600 388 622 ex
415 587 632 632 Stutgardia
656 587 802 631 scripsit
825 587 858 620 d.
880 591 929 621 10.
948 586 1041 620 Nov.
1061 597 1092 620 a.
1115 590 1208 620 1513.
1228 586 1285 629 (cf.
1305 586 1436 631 Consp.
1455 586 1616 621 chronol.
1634 598 1669 630 p.
1690 587 1779 629 128.)
1797 612 1836 627 ,‚.
1855 613 1862 618 .
1879 596 1970 629 11110-

344 655 433 678 cave
459 643 561 685 mihi,
587 653 633 676 ne
659 654 790 676 aurum
814 642 1116 687 theologisticum
1140 642 1295 676 iusticiae
1325 642 1466 676 malum
1496 642 1637 676 afferat.
1655 642 1849 686 coeperunt
1873 640 1971 674 enim

344 700 404 734 isti
436 699 626 733 fraterculi
657 698 757 742 apud
787 709 852 732 nos
883 698 1021 732 famam
1052 709 1226 743 spargere
1257 699 1296 731 in
1327 698 1461 742 vulgus
1489 698 1646 732 Romam
1678 708 1755 732 esse
1787 696 1970 736 venalem,

344 767 402 789 me
428 765 643 800 pauperem,
671 765 707 788 se
726 754 872 796 divites,
899 765 1007 788 omne
1025 754 1081 787 ius
1104 765 1229 788 meum
1248 765 1336 788 auro
1361 764 1466 798 posse
1491 754 1701 798 oppugnari
1718 755 1757 787 et
1780 751 1971 796 supprimi.

345 812 491 853 Quanta
514 811 591 844 11100
618 812 714 844 esset
741 811 832 844 nota
854 811 932 844 tam
963 811 1097 844 sanctae
1123 811 1249 851 curiae,
1282 811 1312 843 si
1335 810 1389 843 ita
1412 810 1528 844 fieret.
1545 809 1623 843 iam,
1645 808 1852 843 cavendum
1877 808 1974 841 esset

345 866 504 911 simplici
528 866 744 910 plebeculae,
773 878 854 909 quae
879 867 1005 910 sperat
1027 867 1066 899 in
1091 866 1360 900 sanctissimum
1379 867 1418 900 et
1440 865 1766 900 reverendissimas
1783 864 1973 898 columnas

345 923 524 964 ecclesiae,
551 923 581 956 si
607 933 737 956 aurum
761 921 984 965 praevaleret
1001 949 1008 955 .
1028 924 1085 956 .“.
1126 921 1177 956 Cf.
1197 922 1310 956 etiam
1340 934 1375 966 p.
1395 923 1505 957 26325.
1525 921 1737 964 „Reuchlin
1760 931 1836 954 non
1859 919 1974 952 habet

345 979 415 1013 tibi
447 978 534 1012 dare
565 978 799 1022 pecuniam.“
855 977 928 1011 Sed
965 978 1092 1022 paucis
1123 978 1228 1012 annis
1258 978 1343 1022 post
1374 978 1492 1012 crevit
1520 977 1684 1011 miseria:
1724 977 1758 1010 d.
1778 980 1829 1010 12.
1847 975 1922 1009 Ian.
1941 985 1972 1008 a.
2023 999 2030 1005 .

349 1039 445 1069 1519.
464 1033 684 1078 ingolstadii
720 1033 767 1067 ad
798 1032 1115 1067 Pirckheimerum
1147 1034 1293 1078 scripsit
1323 1033 1448 1078 „Fugi
1479 1034 1640 1077 pestem,
1677 1032 1757 1076 fugi
1794 1031 1971 1075 gladium,

346 1091 490 1125 utinam
516 1088 709 1134 effugerim
734 1090 888 1123 famem!
920 1089 1050 1123 Ferme
1075 1081 1236 1133 namque
1260 1089 1330 1123 hoc
1360 1090 1479 1123 marte
1513 1089 1630 1133 [bello
1656 1089 1785 1122 contra
1808 1086 1974 1120 Ulricum

346 1145 712 1189 Virtenbergensem]
740 1145 871 1179 (lecoxi
889 1173 895 1178 .
915 1173 921 1178 .
941 1149 995 1179 .“.
1026 1145 1294 1179 Pirckheimeri
1320 1144 1413 1189 Opp.
1431 1144 1484 1178 Ff.
1504 1148 1599 1178 1610.
1618 1143 1680 1178 fol.
1698 1156 1733 1188 p.
1751 1147 1826 1177 259.

258 1207 297 1238 16
324 1201 608 1245 Franckfordz'e]
635 1201 682 1234 ad
706 1200 882 1234 Moenum.

537 1288 776 1324 EPISTOLA
803 1291 866 1328 27.
906 1289 1120 1325 IOANNES
1145 1290 1442 1325 STABLERIVS
1469 1289 1699 1325 ORTVINO.

258 1375 298 1405 18
323 1369 567 1413 Miltenberg,
602 1368 781 1412 oppidum
813 1369 941 1403 circuli
973 1369 1183 1404 electoralis
1206 1369 1377 1404 Rhenani
1407 1369 1454 1403 ad
1478 1369 1660 1411 Mcenum,
1693 1367 1975 1412 praeposituram

346 1425 641 1470 Moguntinensis
668 1425 831 1459 ecclesia:
855 1425 996 1459 habuit.
1040 1425 1097 1459 Ibi
1121 1427 1230 1460 natus
1254 1425 1325 1459 fuit
1346 1425 1502 1459 Ioannes
1517 1424 1767 1459 Butzbachius
1791 1423 1855 1467 qui
1872 1423 1977 1467 quasi

347 1481 460 1526 patrii
492 1481 619 1525 oppidi
650 1492 785 1515 nomen
818 1482 915 1525 ‘pius
946 1483 1069 1515 mons’
1103 1483 1214 1523 esset,
1253 1492 1331 1515 sese
1362 1481 1440 1525 ipse
1471 1481 1758 1515 Piemontanum
1789 1479 1976 1523 cognomi-

347 1537 461 1571 navit.
511 1536 583 1569 Sed
608 1536 674 1569 sub
701 1536 876 1570 Stablerii
899 1538 1048 1571 nomine
1074 1537 1292 1571 Butzbachii
1317 1548 1452 1571 nomen
1476 1537 1612 1578 latere,
1643 1537 1812 1579 quamvis
1836 1537 1976 1569 utrum-

347 1604 419 1637 que
453 1593 550 1626 inter
581 1603 617 1625 se
650 1603 722 1626 non
760 1593 901 1627 nullam
940 1593 1222 1627 similitudinem
1259 1593 1413 1635 habeat,
1446 1593 1508 1626 vix
1537 1591 1768 1626 crediderim.
1817 1590 1977 1624 Butzba-

348 1649 466 1689 chius,
494 1659 578 1681 cum
603 1648 681 1681 haec
699 1648 856 1692 epistola
873 1649 1111 1692 scriberetur,
1138 1649 1240 1693 prior
1255 1648 1427 1683 Lacensis
1444 1648 1524 1682 fuit.
1566 1648 1610 1682 cf.
1628 1647 1706 1681 Ind.
1725 1647 1841 1692 biogr.
1859 1659 1895 1691 p.
1912 1650 1976 1681 437

349 1708 477 1738 ...442
499 1705 565 1737 art.
582 1703 765 1738 Piemont.

261 1766 302 1796 21
330 1772 352 1794 (ι
376 1771 431 1794 1ηο
453 1760 531 1794 hab.
550 1760 741 1804 novitates]
770 1772 814 1795 ex
838 1772 898 1795 me
923 1772 1021 1796 nova
1045 1761 1189 1803 audire,
1216 1771 1275 1794 me
1300 1771 1397 1795 nova
1420 1761 1490 1795 tibi
1514 1760 1684 1794 scribere.

259 1822 301 1852 23
326 1817 433 1859 fratr.
453 1844 459 1849 .
476 1843 482 1849 .
493 1816 656 1860 prcedic]
682 1816 884 1858 minorum,
910 1818 1018 1861 puto,
1045 1828 1119 1851 non
1144 1817 1488 1851 Dominicanormn:
1514 1828 1601 1851 nam
1618 1815 1876 1861 Miltenbergae
1900 1826 1976 1850 mo-

348 1872 550 1906 nasterium
576 1871 903 1907 Franciscanorum
927 1873 1007 1906 fuit.

303 1928 567 1972 simlnlgyeutias]
592 1928 723 1971 procul
747 1928 860 1963 dubio
886 1929 1066 1973 privatas,
1093 1929 1309 1963 monasterii
1326 1928 1650 1973 Miltenbergensis
1668 1928 1881 1962 auctoritati
1897 1939 1976 1962 san-

349 1984 546 2027 ctitatique
578 1984 806 2027 profuturas,
844 1985 1008 2019 nondum
1041 1984 1209 2029 publicas
1240 1984 1368 2028 quales
1399 1985 1514 2028 paulo
1546 1985 1631 2028 post
1661 1984 1770 2018 0111110
1802 1984 1977 2018 Romanae

348 2040 561 2083 quassandae
587 2051 713 2074 ansam
738 2040 931 2075 dederunt.

259 2102 300 2131 25
327 2096 477 2140 qnidam
503 2095 577 2139 fur]
605 2096 816 2141 sacrilegus.

258 2157 298 2187 26
324 2152 472 2196 accepit]
499 2151 662 2185 abstulit.
710 2152 767 2186 Ita
797 2153 947 2197 vulgus:
985 2153 1064 2186 und
1093 2153 1157 2186 hat
1187 2152 1254 2187 (Ias
1280 2152 1373 2187 Geld
1403 2162 1626 2198 yenomxmen,
1656 2153 1737 2187 mul
1767 2152 1830 2186 hat
1862 2163 1896 2187 es
1922 2162 1977 2196 ye-

347 2208 493 2242 3111111011.

304 2264 437 2305 fratres
461 2265 535 2308 etc]
563 2274 583 2297 o
608 2264 776 2297 sanctum
802 2264 984 2298 dolorem!
1015 2264 1144 2298 frande
1171 2275 1212 2299 ac
1236 2264 1392 2299 fallaciis
1417 2265 1571 2309 quiesita
1595 2265 1784 2299 amisimus
1807 2264 1917 2299 furto.

259 2324 302 2354 28
326 2320 494 2362 reperire]
520 2319 741 2363 inquirendo
768 2320 1065 2363 deprehendere,
1092 2321 1281 2364 aussiudiy
1303 2321 1461 2355 macheu.

259 2380 302 2409 30
328 2376 667 2419 eseeommamicatus]
693 2375 749 2409 Ne
776 2376 939 2418 dubites,
966 2375 1051 2409 vide
1077 2387 1154 2409 can.
1173 2379 1225 2409 20.
1243 2380 1262 2417 ξ
1281 2380 1310 2410 2.
1329 2376 1388 2410 Ca.
1406 2389 1491 2410 xvn.
1510 2388 1569 2420 qu.
1587 2380 1618 2410 4.
1643 2403 1682 2419 ‚,.
1697 2404 1703 2410 .
1721 2376 1843 2420 ipsum
1868 2376 1977 2410 sacri-

350 2431 490 2476 legium
527 2431 715 2475 duplicem
753 2431 920 2465 continet
956 2442 1123 2475 pcenam,
1160 2431 1414 2474 pecuniariam
1445 2431 1623 2466 videlicet
1660 2433 1698 2465 et
1728 2431 1977 2466 excommuni-

350 2486 504 2520 cationis
523 2514 529 2520 .
550 2490 588 2520 .“

261 2547 301 2577 31
328 2547 415 2577 sunt
432 2543 600 2587 absoluti]
627 2542 899 2577 absolutionem
925 2543 993 2576 sibi
1018 2543 1267 2577 redemerunt.

307 2599 412 2632 ‘dare
437 2609 516 2642 pec.
536 2599 582 2632 ad
605 2599 752 2633 cistam’
791 2599 894 2642 quasi
931 2599 1020 2632 artis
1049 2599 1349 2643 indulgentiariae
1385 2600 1608 2633 vocabulum
1640 2600 1720 2634 fuit.
1762 2601 1893 2634 notum
1923 2601 1979 2634 est

348 2655 536 2688 funestum
560 2655 668 2688 illud:
713 2654 777 2688 ‘So
800 2656 866 2688 ‘wie
891 2655 958 2689 das
984 2654 1077 2688 Gelcl
1101 2655 1151 2688 im
1175 2655 1317 2689 Kcaesten
1341 2656 1475 2699 klzssozyt,
1507 2656 1567 2689 (lic
1590 2655 1689 2690 Seele
1711 2657 1752 2690 in
1778 2656 1848 2690 den
1871 2656 1977 2691 Him-

348 2711 415 2744 mel
438 2711 612 2755 spriwzyt’.

261 2770 301 2800 32
326 2767 420 2799 nihil
445 2768 505 2810 est]
530 2767 608 2801 s'ist
631 2767 718 2808 «uix,
750 2766 827 2800 haec
853 2766 978 2810 opinio
1003 2777 1077 2800 non
1102 2768 1159 2801 est
1182 2778 1286 2809 vera,
1317 2767 1409 2800 nihil
1432 2768 1477 2801 iis
1501 2769 1612 2802 nocet
1634 2768 1733 2802 istud
1757 2768 1909 2802 furtum.

261 2827 303 2856 33
327 2823 381 2856 ita
406 2823 490 2856 bene
508 2850 514 2856 .
530 2850 536 2856 .
553 2827 593 2856 ut
618 2824 662 2867 si]
687 2824 762 2856 tam
788 2822 943 2856 firmiter
961 2851 967 2856 .
984 2850 990 2856 .
1009 2834 1122 2866 quam
1138 2822 1176 2856 si.
1195 2843 1238 2847 —
1257 2834 1384 2857 eorum
1410 2823 1592 2857 absolutio
1619 2823 1778 2858 eundem
1804 2823 1977 2858 effectum

350 2878 466 2910 habet
489 2888 530 2911 ac
556 2878 585 2911 si
603 2906 609 2911 .
629 2906 634 2911 .
655 2906 661 2912 .

262 2938 304 2967 34
328 2934 443 2977 suam]
461 2933 662 2978 Ambiguc:
683 2946 728 2969 ex
745 2935 931 2968 communi
946 2934 1192 2969 Obscurorum
1209 2946 1275 2969 11311
1294 2935 1390 2969 foret
1406 2946 1473 2979 pro
1488 2936 1654 2978 ‘eorum’‚
1671 2934 1971 2975 ‘absolutorum',

352 2987 416 3021 sed
442 2987 645 3022 Stablcrius
669 2990 752 3024 vult
777 2990 1108 3034 ‘praedicatorum’¹

307 3044 445 3087 Etiam]
477 3044 571 3077 Item
596 3046 670 3079 sive
696 3046 763 3079 ‘Ut
787 3046 898 3079 aliam
923 3057 945 3079 a
968 3056 1027 3079 me
1052 3046 1220 3080 habeatis
1245 3047 1467 3080 novitatem'
1495 3047 1538 3081 cf.
1556 3046 1722 3091 proxime
1747 3056 1866 3090 super.
1885 3057 1914 3079 v.
1933 3055 1975 3079 21.
