2119 3522
358 166 371 180 ι

121 228 192 248 ΕΡΡ.
207 224 247 249 34.
261 224 304 248 35.
330 226 427 248 ORTV.
444 225 498 247 GR.
514 225 778 247 MAMMOTRECTO.
789 234 832 237 —
845 224 1265 247 BVNTSCIvanMAcuERIvs
1279 223 1478 246 GVILLERMO
1493 222 1698 244 llACKlNETO.
1738 204 1830 248 601

121 284 206 326 Pag.
222 283 286 320 53.
1276 282 1360 322 Pag.
1376 282 1428 313 53.
1443 292 1473 313 v.
1489 289 1502 312 1
1521 305 1527 312 .
1543 305 1550 312 .
1565 305 1572 312 .
1592 280 1676 321 Pag.
1692 281 1744 312 54.
1763 291 1792 311 v.
1808 287 1832 311 1.

214 337 304 371 dicti
328 338 414 371 sunt
438 337 603 379 colorati„
631 337 784 379 carnosi,
810 337 956 378 hilares,
987 333 1130 380 ἠθικοί.
1148 336 1185 369 111
1210 346 1363 378 summa,
1391 336 1555 369 omnium
1572 335 1747 369 horarum
1771 333 1833 367 ho-

211 393 358 427 mines'.
407 393 608 428 Placotom.
627 393 673 426 ad
697 392 786 426 Eob.
805 393 907 426 Hess.
926 393 971 426 de
996 393 1095 426 bona
1119 391 1281 426 valetud.

122 453 164 483 23
189 449 328 483 Iocmni
354 449 523 493 Grociow]
551 449 641 483 Cum
668 448 825 482 Grocino
851 459 1063 492 praenomen
1090 447 1296 482 Guilelmus
1321 447 1404 489 fuit,
1440 447 1478 481 et
1501 458 1582 482 raro
1607 447 1835 491 praenomina

210 505 304 539 falsa
333 505 605 547 scribebantur,
643 505 774 548 utpote
807 516 887 548 quae
918 505 999 538 tum
1028 504 1253 548 praecipuam
1285 503 1323 536 in
1357 503 1594 547 designandis
1624 503 1834 536 hominibus

212 561 287 594 vim
311 561 511 602 habebant,
538 560 633 594 forte
651 561 759 604 putes
784 560 1019 594 scribendum
1046 570 1123 594 esse
1151 559 1307 601 ffoanni,
1335 558 1494 593 Groeino
1521 559 1559 593 et
1582 558 1767 600 Linacro⁷,
1794 559 1836 592 ut

212 618 366 651 Ioannes
392 617 488 651 esset
505 616 663 658 Coletus,
690 617 856 650 decanus
876 616 922 649 ad
947 615 980 649 S.
998 615 1104 649 Pauli
1129 615 1224 649 aedes
1248 613 1421 656 Londini,
1447 614 1512 648 ubi
1530 614 1708 649 Grocinus
1732 614 1835 648 theo·
1873 616 1880 617 ’

211 672 350 717 logicas
374 672 553 706 lectiones
576 672 717 706 habuit.
743 672 807 706 sed
831 672 948 716 magis
973 682 1085 715 quam
1110 671 1209 715 quod
1228 670 1376 705 Grocini
1393 669 1613 714 Linacrique
1638 669 1836 704 familiaria

212 728 364 763 nomina
387 728 508 772 posita
533 728 633 770 sunt,
660 728 697 761 id
723 728 845 762 obstat
869 727 968 771 quod
993 739 1026 761 v.
1045 730 1097 761 31.
1118 727 1195 760 ‘isti
1220 727 1293 761 duo
1318 726 1457 770 poetae'
1484 726 1733 760 nominantur.
1783 725 1836 760 Cf.

211 784 289 818 Ind.
308 784 425 829 biogr.
443 784 508 818 hos
534 784 617 818 artt.
636 796 670 828 p.
690 787 765 818 384.
783 796 834 827 sq.
853 787 929 818 407.
947 795 998 826 sq.

122 845 165 876 24
189 845 267 875 arte
292 841 524 884 epistolatum]
551 850 662 883 quam
687 839 863 873 Ortvinus
889 839 1002 873 etiam
1020 838 1180 873 Coloniae
1206 838 1373 872 docebat.
1392 849 1426 882 p.
1445 838 1534 872 57¹⁹.
1567 838 1733 871 Verbum
1760 838 1835 882 epi-

212 897 346 931 stolare
364 912 407 924 =
425 895 598 939 epistolas
622 895 798 937 scribere,
823 905 1062 939 componere,
1088 895 1257 938 quamvis
1279 894 1337 927 tot
1358 893 1445 926 libri
1468 894 1513 927 de
1534 893 1643 927 modo
1661 893 1737 927 sive
1757 894 1834 927 arte

213 951 436 997 epistolandi
460 951 533 985 iam
559 962 637 985 saec.
656 964 745 984 x1111.
764 950 891 994 scripti
917 952 954 984 et
977 950 1232 995 praelectiones
1257 959 1405 993 quoque
1424 949 1469 983 de
1488 960 1532 983 ea
1547 949 1684 984 habitae
1703 950 1835 992 essent,

212 1008 450 1043 vocabularia
474 1018 547 1041 non
571 1007 720 1041 habent.

121 1069 163 1099 25
188 1065 230 1098 in
254 1067 331 1098 arte
356 1063 569 1107 latinitatis]
596 1062 725 1097 Latine
751 1063 915 1107 scriptas.
940 1063 1082 1097 scilicet
1108 1061 1334 1095 ‘didicerunt
1357 1061 1473 1095 bonas
1489 1060 1726 1103 latinitates’,
1753 1062 1839 1095 sunt

214 1119 404 1154 ‘formales
429 1119 467 1152 111
490 1119 713 1153 latinisando
727 1121 745 1153 '.
772 1120 816 1153 cf.
834 1119 911 1152 Ind.
930 1118 1074 1153 verbor.
1102 1130 1136 1162 p.
1155 1121 1231 1152 218.

122 1181 163 1211 26
184 1179 298 1219 poene
322 1176 429 1220 yrceci
453 1179 485 1209 et
510 1175 585 1219 lat]
613 1176 809 1219 scriptores
835 1175 960 1210 Graece
986 1174 1191 1218 Latineque
1217 1173 1328 1208 docti.

122 1236 163 1266 27
189 1232 288 1265 omni
324 1233 418 1276 nat]
461 1231 504 1265 cf.
531 1231 628 1265 ‘Viri
664 1231 827 1276 religiosi
864 1242 907 1266 ex
945 1230 1045 1265 omni
1081 1230 1232 1264 natione
1270 1242 1351 1274 (111εο
1389 1230 1455 1263 sub
1493 1230 1581 1264 caelo
1619 1230 1702 1264 est'.
1757 1229 1838 1263 Act.

212 1287 409 1331 apostolor.
427 1300 464 1320 11.
483 1291 513 1321 5.

122 1348 164 1378 28
188 1343 378 1388 yeneralz's]
405 1342 731 1377 Dominieanorum
758 1343 869 1377 decus
895 1343 1046 1387 quidem
1062 1343 1235 1377 Erasmus
1252 1342 1417 1376 Petitum
1435 1342 1611 1386 appellat,
1639 1342 1703 1376 sed
1728 1353 1838 1387 gene-

211 1399 328 1433 ralem
351 1409 420 1433 nec
445 1398 640 1433 Ioeclierus.
672 1399 716 1433 cf.
733 1399 812 1433 Ind.
830 1399 947 1444 biogr.
965 1411 1000 1442 p.
1019 1403 1093 1433 432.
1112 1399 1181 1435 art.
1199 1398 1349 1432 Parvus.

122 1460 163 1491 30
188 1466 302 1500 reyem
327 1466 407 1489 cnm
437 1456 582 1499 reyz'na]
608 1454 742 1489 Utrum
772 1455 841 1489 hoc
872 1455 919 1489 ad
944 1454 1173 1489 Ludovicum
1200 1455 1238 1488 et
1261 1454 1417 1488 Mariam
1448 1466 1495 1488 an
1526 1455 1572 1488 ad
1604 1454 1839 1488 Franciscum

214 1511 252 1545 et
277 1511 485 1553 Claudiam,
518 1511 540 1545 i.
560 1522 590 1546 e.
609 1511 655 1545 ad
681 1512 880 1545 exeuntem
906 1522 936 1544 a.
955 1514 1051 1545 1514.
1071 1511 1136 1544 aut
1161 1510 1208 1544 ad
1240 1521 1377 1544 annum
1404 1514 1499 1545 1515.
1518 1510 1755 1545 referendum
1780 1511 1837 1553 sit,

213 1566 354 1601 dubito.

123 1627 164 1658 31
191 1623 263 1657 (luo
282 1625 408 1667 poetoe]
436 1624 479 1657 cf.
498 1624 544 1657 ad
569 1623 736 1668 proxime
763 1624 991 1667 superiorem
1016 1635 1049 1657 v.
1068 1627 1120 1657 23.
1140 1623 1263 1657 adnot.

123 1684 165 1715 32
192 1680 398 1714 intitulavit
422 1691 457 1714 se
485 1679 648 1725 Orocmn]
681 1679 759 1713 Hoc
790 1690 864 1713 non
895 1679 1013 1713 solum
1039 1679 1130 1713 dicit
1159 1679 1197 1712 id
1222 1690 1357 1713 nomen
1388 1679 1525 1714 habere
1551 1679 1742 1721 iuvenem,
1776 1680 1840 1713 sed

214 1736 264 1769 sic
280 1735 523 1778 intitulatum,
542 1737 564 1770 i.
584 1747 614 1770 e.
631 1737 669 1769 111
687 1735 921 1770 matriculam
939 1735 1184 1770 Parisiensem
1202 1735 1423 1780 inscriptum
1442 1740 1530 1770 esse.
1563 1736 1607 1770 cf.
1626 1735 1704 1769 Ind.
1722 1736 1839 1780 biogr.

213 1804 247 1836 p.
267 1795 340 1826 353.
361 1793 427 1826 art.
447 1792 591 1827 Crocus.
1453 1783 1456 1786 ’

123 1851 166 1883 35
191 1849 232 1882 in
257 1848 375 1892 Lypsz'
400 1875 407 1881 .
427 1875 432 1881 .
454 1876 459 1881 .
485 1848 664 1892 Hispani]
692 1848 734 1882 cf.
753 1848 841 1882 ibid.
860 1849 919 1883 cit.
938 1850 1005 1882 art.
1025 1849 1062 1882 et
1085 1860 1119 1892 p.
1139 1853 1214 1883 393.
1232 1860 1284 1892 sq.
1303 1850 1369 1883 art.
1388 1848 1583 1893 Hispanus.

123 1904 211 1949 Pag.
231 1905 295 1942 54.
782 1925 1184 1928 ῃ

126 1965 142 1994 1
169 1959 420 1995 Schwz'tzevses
438 1962 512 2005 etc]
538 1960 596 1994 Ad
613 1961 690 1995 haec
709 1962 753 1996 de
779 1972 906 2006 pugna
921 1960 1186 1995 Marinianensi
1212 1961 1270 2004 (cf.
1289 1960 1392 1995 Hutt.
1413 1960 1506 2005 Opp.
1526 1960 1588 1995 ΠΙ.
1607 1973 1642 2005 p.
1656 1965 1730 1995 253.
1750 1962 1841 2001 not.)

214 2017 330 2051 verba
360 2017 617 2051 commentarii
646 2017 727 2052 loco
759 2017 905 2061 adpono
937 2017 1060 2051 locum
1085 2017 1145 2051 vel
1175 2018 1213 2050 111
1239 2017 1383 2051 adiecto
1415 2016 1476 2061 pio
1509 2017 1702 2051 corollario
1726 2018 1843 2051 nostri

214 2072 373 2106 similem
404 2084 447 2107 ex
479 2073 587 2107 Pauli
616 2073 735 2118 Langi
767 2073 898 2107 Chi-on.
918 2073 1020 2107 Citiz.
1040 2073 1086 2106 ad
1119 2084 1148 2107 a.
1171 2077 1265 2108 1515.
1291 2073 1393 2116 (Rer.
1413 2072 1662 2107 Germanicar.
1681 2084 1764 2107 serr.
1785 2073 1840 2107 ed.

216 2128 337 2162 Struv.
355 2128 494 2163 Ratisb.
517 2133 613 2163 1726.
630 2129 691 2163 fol.
710 2141 744 2174 p.
765 2130 893 2173 1288.);
929 2129 1098 2171 „Eodem
1131 2140 1225 2163 anno
1258 2130 1355 2163 inter
1385 2140 1513 2173 regem
1539 2128 1667 2163 Galliae
1694 2130 1732 2163 et
1756 2129 1842 2163 Hel-

215 2185 333 2219 vetios
364 2185 436 2219 fuit
466 2186 764 2220 cruentissimum
794 2185 952 2228 bellum,
991 2185 1029 2219 111
1059 2185 1222 2230 profesto
1256 2184 1492 2219 exaltationis
1522 2197 1547 2218 s,
1567 2185 1683 2219 crucis
1718 2185 1769 2229 [d.
1792 2190 1841 2219 13.

216 2239 342 2285 Sept}
392 2240 658 2286 Congressione
684 2242 783 2276 enim
807 2242 907 2276 facta
930 2254 1018 2275 xv111
1043 2241 1162 2275 millia
1185 2241 1444 2275 Helvetiorum
1476 2242 1553 2275 sive
1580 2240 1842 2275 Switzerorum

217 2297 274 2340 (ut
304 2297 415 2342 vulgo
446 2297 597 2341 loquar)
622 2309 738 2342 usque
770 2297 816 2332 ad
846 2297 1131 2331 internicionem
1162 2308 1254 2331 caesa
1283 2298 1443 2331 fuerunt.
1493 2297 1547 2330 Ex
1578 2298 1684 2341 parte
1717 2298 1843 2331 autem

216 2353 314 2397 regis
338 2367 403 2388 vm
433 2354 552 2388 millia
581 2354 853 2399 lancigerorum
886 2353 1115 2395 ceciderunt,
1150 2354 1188 2387 et
1218 2353 1291 2387 alia
1314 2366 1351 2387 1v
1380 2353 1499 2387 millia
1528 2352 1843 2398 Francigenarum

218 2410 547 2454 (quemadmodum
573 2410 724 2454 quidam
749 2410 890 2454 peritus
908 2409 1107 2454 orbivagus
1124 2409 1389 2453 bellipetaque,
1416 2420 1475 2443 me
1500 2411 1695 2454 praesente,
1722 2409 1842 2443 fratri-

216 2466 284 2500 bus
314 2467 438 2510 palam
469 2466 616 2509 retulit)
642 2467 834 2510 perierunt
863 2467 1068 2510 perempta.
1116 2464 1164 2499 Et
1195 2466 1251 2508 (ut
1281 2465 1381 2499 fama
1406 2466 1499 2509 erat)
1531 2465 1695 2499 Helvetii
1726 2465 1843 2510 magis

216 2522 358 2556 insidiis
389 2523 427 2556 et
456 2522 686 2564 bombardis,
721 2533 833 2566 quam
863 2522 1001 2556 virtute
1035 2523 1073 2556 et
1103 2521 1243 2556 viribus
1274 2521 1450 2565 prostrati
1481 2521 1644 2565 victique
1681 2521 1842 2555 fuerunt.

220 2577 392 2612 Obtinuit
421 2578 546 2622 itaque
578 2590 641 2612 rex
673 2578 867 2612 victoriam
891 2578 1060 2620 tandem,
1094 2577 1385 2621 superstitesque
1412 2576 1629 2611 Switzenses
1654 2577 1692 2609 in
1716 2577 1844 2621 fugam

218 2635 412 2668 convertit.
462 2634 534 2668 Sed
560 2635 648 2668 vah!
676 2636 817 2678 quanta
842 2634 1133 2668 Christianorum
1159 2633 1296 2667 rabies!
1324 2632 1490 2674 Quantus
1514 2633 1605 2666 heus
1630 2632 1730 2666 furor
1755 2632 1843 2666 fide-

218 2691 309 2723 lium
340 2691 469 2724 mutuo
501 2701 538 2724 se
569 2691 648 2724 tam
679 2690 880 2724 crudeliter
910 2689 1193 2731 trucidantium,
1228 2689 1267 2722 et
1295 2699 1341 2722 ne
1368 2688 1488 2722 dicam
1515 2689 1577 2732 (ut
1601 2688 1775 2732 timetur>
1806 2689 1844 2722 in

218 2747 359 2780 tartara
383 2757 419 2779 se
450 2746 610 2779 invicem
639 2746 867 2780 horribiliter
890 2745 1099 2788 furioseque
1131 2745 1377 2779 trudentiuml
1418 2744 1488 2786 Qui
1512 2744 1642 2788 utique
1674 2745 1732 2778 ter
1756 2756 1844 2788 qua-

218 2803 349 2845 terque
380 2802 507 2836 felices
539 2813 615 2836 esse
648 2802 873 2845 potuissent,
911 2800 941 2834 si
972 2801 1101 2834 contra
1129 2800 1298 2834 infideles
1334 2811 1519 2845 pugnare,
1559 2801 1597 2834 et
1626 2800 1844 2845 sanguinem

219 2870 325 2891 sunm
349 2857 506 2891 fundere
536 2858 763 2892 maluissent.
812 2857 862 2890 At
891 2858 930 2890 111
955 2856 1054 2900 quod
1084 2856 1226 2890 facinus
1256 2856 1429 2890 mortalia
1458 2857 1611 2900 pectora
1639 2867 1713 2890 non
1746 2857 1847 2901 cogit

220 2914 300 2948 auri
324 2924 427 2947 sacra
450 2913 577 2956 fames,
604 2926 686 2957 quae
709 2925 778 2947 nec
802 2914 924 2957 ipsum
943 2913 1065 2953 deum,
1092 2923 1160 2946 nec
1177 2913 1346 2954 mortem,
1372 2923 1494 2956 neque
1518 2912 1716 2955 infernum,
1744 2913 1844 2956 cupi-

221 2971 308 3004 dum
345 2980 591 3014 expavescere
632 2969 741 3004 sinit?
796 2969 843 3003 Et
879 2979 1010 3003 revera
1044 2968 1176 3002 talium
1213 2968 1374 3002 militum
1410 2968 1501 3002 talia
1536 2969 1622 3002 sunt
1660 2968 1847 3013 stipendia

221 3026 384 3061 mortis“.
412 3050 453 3057 --
