2119 3522
120 236 192 257 EPP.
205 232 247 257 46.
261 233 304 258 47.
323 225 409 267 (APP.
424 233 448 258 5.
463 224 504 267 G.)
529 235 597 257 IOA.
613 236 805 259 CVRRIF'ICIS
828 237 984 259 ORTVINO.
1008 249 1052 253 —
1075 236 1187 259 WEND.
1205 236 1469 259 PANNITONSORIS
1488 237 1649 260 ORTVINO.
1702 218 1795 264 637

87 293 174 334 Pag.
196 293 256 329 72.
1240 295 1325 335 Pag.
1342 295 1393 326 71.
1413 295 1645 336 v.s...Pag.
1661 296 1713 327 73.
1731 306 1761 327 v.
1774 302 1799 326 3.

89 350 129 380 17
153 347 298 391 fuyens]
324 347 555 392 Impossibile
580 347 819 392 participium
843 358 910 391 pro
936 347 1124 382 adverbio.

90 405 128 436 18
152 412 227 436 von
252 407 301 437 est
325 404 478 448 minim]
504 403 689 437 Arnoldus
712 403 750 436 in
775 404 940 447 inscript.
965 403 1217 438 Articulorum
1242 403 1342 447 (Ind.
1360 415 1444 439 serr.
1462 416 1497 449 p.
1518 407 1569 439 78.
1587 416 1621 439 n.
1640 406 1702 448 x1.)
1720 415 1798 438 sese

177 459 345 493 nominat
369 459 505 493 artium
531 460 569 492 et
593 470 693 493 sacre
719 459 906 504 theologie
932 460 1176 503 professorem
1201 459 1545 503 profundissimum,
1572 460 1636 495 sed
1660 461 1697 494 in
1721 460 1797 504 epi-

174 515 270 548 stola
295 515 341 548 ad
366 515 629 559 imperatorem
656 516 712 549 est
738 515 904 548 ‘humilis
928 515 1116 560 theologie
1141 515 1357 560 professor’.

87 574 127 604 19
153 570 277 604 ludere
293 571 331 604 in
348 571 489 615 ramilis]
509 570 546 603 id
562 571 616 604 est
629 571 778 605 taxillis.
797 571 840 605 cf.
849 568 1106 605 loc.Statutor.
1124 571 1270 605 reform.
1286 571 1332 605 ad
1346 583 1425 615 sup.
1440 582 1503 606 v.9.
1521 572 1796 616 transcriptum.

175 625 387 660 Secundum
413 626 592 661 Summul.
610 626 790 661 Antonini
814 626 909 661 Flor.
927 639 956 661 0.
975 629 1050 661 71¹³.
1069 627 1222 661 clericus
1253 627 1431 661 confitens
1462 628 1558 661 inter
1590 628 1662 661 alia
1685 628 1796 661 inter-

174 682 361 726 rogandus
393 683 449 716 est
479 683 541 724 „si
571 682 659 716 lusit
689 683 736 716 ad
761 683 877 724 aleas,
916 683 955 716 et
983 683 1146 725 taxillos,
1180 683 1240 716 vel
1270 694 1307 716 se
1338 683 1541 717 immiscuit
1571 683 1797 717 enormitati-

173 738 240 772 bus
266 739 371 773 etc.“.
398 738 555 773 Gemma
579 751 612 783 g.
639 738 851 780 ‚,Taxissus,
886 738 945 771 ein
968 739 1107 783 wyrffel
1131 739 1216 772 oder
1242 739 1474 781 (loppelstein.
1493 750 1635 773 versus:

398 797 571 836 „Ludens
597 794 736 828 taxillis
760 796 851 827 bene
876 797 1014 837 respice
1040 796 1124 838 quid
1149 797 1196 827 sit
1220 796 1257 827 in
1282 796 1366 828 illis.

418 853 515 884 Mors
541 857 615 892 tua,
642 852 713 884 fors
731 854 804 891 tua,
831 861 885 883 res
902 854 975 891 tua,
1002 862 1080 893 spes
1098 855 1161 882 tua
1186 852 1315 893 pendet
1339 852 1376 883 in
1402 852 1507 884 illis.“

83 910 126 941 20
144 907 393 950 per-luserunt]
419 905 680 950 perdiderunt,
707 905 822 939 leuben
845 906 1022 948 rerspz'elt.
1071 905 1118 938 Hi
1136 905 1271 938 ribaldi
1288 906 1373 939 sunt
1389 907 1518 949 procul
1536 906 1648 940 dubio
1666 906 1798 940 fratres

172 962 217 996 de
243 962 360 1004 Book,
389 962 453 1005 qui
477 972 561 995 cum
587 961 667 995 aliis
692 961 890 995 bufonibus
920 962 957 994 111
982 962 1181 1005 conspectu
1212 961 1471 1005 theologorum
1496 961 1698 1006 Moguntiae
1724 963 1797 995 ‘lu-

171 1019 300 1052 serunt
323 1029 406 1052 cum
432 1018 515 1051 talis
540 1029 606 1062 pro
632 1017 906 1061 indulgenffiis',
933 1018 975 1050 ut
998 1016 1094 1050 infra
1117 1028 1152 1061 p.
1171 1020 1246 1051 273.
1264 1018 1446 1052 narratur.

81 1078 122 1109 21
150 1075 226 1109 Iac.
246 1103 252 1108 .
273 1102 279 1108 .
297 1074 511 1118 Illaqmztla]
538 1074 582 1108 cf.
600 1073 647 1107 ad
671 1074 746 1107 412.
765 1074 803 1107 et
828 1073 959 1117 Consp.
978 1073 1139 1107 chronol.
1157 1085 1192 1117 p.
1213 1077 1285 1107 128.
1306 1073 1340 1108 d.
1360 1077 1410 1108 13.
1431 1073 1510 1108 Oct.
1531 1085 1561 1108 a.
1583 1078 1677 1108 1513.

83 1133 126 1164 25
150 1130 281 1175 [heere]
308 1130 456 1171 referre,
485 1129 715 1164 denuntiare.

81 1190 124 1220 26
150 1190 256 1221 erum
281 1213 288 1220 .
307 1213 314 1220 .
333 1214 340 1220 .
365 1186 607 1229 cmzfzmclere]
638 1186 782 1220 werden
807 1186 943 1229 (erunt)
973 1185 1026 1219 sie
1055 1185 1149 1219 recht
1185 1185 1444 1229 ι00111’1111(1010,
1477 1186 1682 1221 beschemen
1712 1187 1798 1221 oder

171 1243 320 1277 Zestereu
345 1242 431 1276 oder
455 1242 670 1286 beyyessen’.
698 1240 854 1275 Gemma
878 1253 911 1286 g.

125 1299 204 1333 volo
229 1325 236 1332 .
255 1325 262 1332 .
282 1326 288 1332 .
309 1299 457 1342 ponere]
483 1298 563 1331 mccl
588 1298 644 1331 ielc
667 1298 742 1331 ‘will
766 1297 877 1331 {lmen
902 1298 992 1332 auch
1018 1299 1128 1332 selber
1153 1299 1193 1332 in
1219 1299 1340 1343 eiyner
1363 1299 1515 1341 Person,
1540 1299 1597 1332 ich
1622 1299 1683 1332 bin
1706 1299 1797 1332 wohl

171 1364 207 1389 So
232 1354 343 1396 lcz'csslzn,
368 1358 476 1388 etwas
500 1353 575 1395 (aelf
592 1354 650 1387 ilzr
674 1353 770 1387 Brot
793 1363 838 1387 zu
863 1354 972 1398 leyen.
1022 1353 1189 1396 Rusffice,
1223 1354 1268 1388 ab
1293 1354 1522 1398 inquinando
1547 1365 1660 1398 pane,
1687 1356 1729 1388 ut
1753 1365 1796 1388 eo

170 1411 270 1444 vesci
294 1421 367 1444 non
392 1410 543 1454 possint.
570 1409 678 1443 Vult:
705 1409 784 1453 ipse
810 1421 957 1454 quoque
976 1410 1215 1444 difficultates
1233 1409 1441 1454 damnaque
1460 1411 1640 1454 quantum
1666 1412 1796 1454 potero

170 1466 309 1510 parabo
336 1466 398 1500 eis.

80 1526 122 1557 27
141 1522 194 1565 pl.
220 1549 227 1556 .
248 1549 255 1557 .
278 1523 387 1567 mihi]
426 1522 593 1556 Nimium
633 1521 990 1555 Germanismorum:
1028 1522 1121 1556 Nun
1157 1522 1202 1556 ist
1240 1522 1358 1555 arichis
1392 1523 1489 1555 mehr
1524 1531 1569 1555 ,τη
1603 1522 1796 1563 sehreibeu,

169 1582 287 1622 auster
311 1578 455 1622 ‘Grsnsst
478 1579 568 1612 mz'r'
595 1582 655 1613 ete.
688 1577 802 1612 Plura
826 1590 906 1621 quae
932 1578 1089 1612 scribam
1115 1589 1187 1611 non
1213 1578 1343 1620 liabeo,
1370 1578 1466 1611 addo
1491 1579 1635 1611 tantum
1660 1578 1797 1612 salutes

168 1645 252 1669 meo
277 1635 426 1668 nomine
453 1634 595 1668 ancillae
622 1634 661 1676 Q.
679 1634 956 1678 impertiendas.

80 1694 121 1725 28
147 1691 318 1726 ancillam
340 1719 345 1725 .
366 1718 372 1725 .
394 1718 400 1724 .
420 1692 565 1735 μκή-11]
592 1690 637 1724 cf.
655 1702 767 1734 supra
790 1702 824 1734 p.
844 1692 1002 1724 69¹⁶·⁵‘1‘{·

79 1751 121 1781 29
140 1750 312 1790 pcmcrat.
333 1748 406 1791 ete]
440 1747 579 1781 Erasm.
599 1746 761 1791 adagior.
780 1758 814 1780 11.
835 1749 929 1780 1886.
962 1746 1122 1787 „Valere
1147 1747 1374 1780 Pancratice.
1400 1746 1553 1780 Plautus
1584 1747 1621 1780 111
1645 1746 1796 1780 Bacchi—

168 1803 275 1837 dibus
303 1803 366 1847 [H.
385 1808 421 1846 3,
442 1804 496 1847 14.]
523 1803 659 1837 Valere
691 1802 904 1846 pauci-atice
937 1802 1031 1836 dixit
1054 1814 1120 1847 pro
1148 1813 1189 1836 eo
1215 1802 1314 1846 quod
1342 1804 1397 1836 est
1422 1802 1526 1836 firma
1551 1814 1628 1836 esse
1654 1803 1795 1837 valetu-

169 1859 266 1894 dine.
290 1870 377 1893 nam
402 1860 439 1892 in
465 1859 700 1903 pancratistis
724 1859 837 1892 robur
854 1858 1016 1902 corporis
1041 1859 1272 1902 potissimum
1290 1859 1537 1902 spectabatur.
1568 1858 1639 1891 Pro
1666 1859 1795 1892 eodem

169 1915 265 1948 dixit
288 1915 381 1949 Vale
408 1915 584 1949 athletice
613 1915 713 1959 [ibid.
732 1916 770 1948 et
793 1914 899 1959 Epid.
919 1915 945 1948 l.
967 1920 993 1956 l,
1014 1916 1081 1959 is.],
1113 1915 1243 1949 Valere
1269 1915 1431 1958 pugilice
1459 1914 1582 1958 [Epid.
1601 1914 1623 1948 1.
1642 1915 1697 1957 0.],
1724 1915 1795 1948 Va-

168 1971 245 2005 lere
270 1971 422 2006 basilice
449 1971 585 2015 [interii
610 1971 774 2005 basilice.
799 1971 906 2015 Epid.
925 1970 950 2004 I.
971 1975 999 2013 1,
1018 1971 1073 2015 54]
1093 1998 1100 2005 .
1120 1998 1126 2005 .
1146 1973 1184 2004 .“

168 2105 404 2141 EPISTOLA
422 2107 486 2144 47.
505 2105 622 2149 (ΑΡΡ.
643 2108 692 2149 6.)
724 2105 1052 2139 WENDELINVS
1077 2104 1472 2139 PANNITONSORIS
1498 2104 1727 2139 ORTVINO.

78 2200 131 2232 32.
150 2201 192 2231 33
217 2196 323 2230 Hunc
349 2196 657 2230 Pannitonsorem
683 2195 951 2238 (Tuchsclzerery
970 2194 1209 2240 Argentorati
1234 2195 1392 2228 scribere
1419 2194 1519 2239 fingi,
1546 2196 1714 2238 quamvis
1731 2206 1793 2230 no-

168 2264 253 2287 men
279 2253 379 2286 urbis
404 2252 442 2286 in
467 2252 537 2286 hac‘
561 2263 618 2296 ep.
636 2262 783 2295 semper
800 2253 960 2296 (quater)
989 2262 1005 2285 e
1029 2262 1095 2295 pro
1120 2262 1145 2285 u
1169 2251 1322 2293 habeat,
1349 2251 1411 2284 vix
1437 2262 1528 2294 opus
1554 2252 1609 2284 est
1632 2262 1793 2285 monere.

167 2320 302 2344 nomen
329 2310 454 2343 autem
479 2308 636 2342 tonsoris
662 2307 838 2350 (Scherer)
865 2308 1017 2341 fortasse
1043 2307 1090 2340 ad
1108 2306 1344 2341 Schiirerium
1370 2306 1525 2341 adludit.

79 2367 120 2398 3ss
146 2365 338 2410 balsamus]
366 2365 398 2399 .i.
416 2365 633 2398 balsamum.
659 2363 724 2398 sed
742 2363 865 2398 Germ.
885 2364 949 2398 cler
965 2364 1139 2405 Balsam;
1164 2362 1364 2397 masculine
1391 2363 1503 2396 etiam
1530 2374 1586 2407 ap.
1605 2362 1793 2407 Ducange.

168 2420 380 2455 Balsamum
405 2431 478 2455 11011
503 2420 620 2454 solum
644 2431 779 2465 magno
805 2420 950 2462 emitur,
977 2420 1041 2453 sed
1067 2421 1105 2453 et
1128 2419 1236 2453 facile
1262 2419 1368 2463 fugit.

79 2480 119 2510 37
145 2476 314 2522 bissinus]
339 2477 519 2521 byssinus,
547 2488 591 2511 ex
615 2477 724 2520 bysso
741 2476 870 2518 factus,
898 2487 978 2520 quae
995 2477 1085 2510 item
1105 2486 1193 2509 auro
1212 2476 1341 2509 contra
1356 2475 1650 2519 permutabatur.
1677 2475 1794 2509 Simul

169 2534 293 2566 autem
318 2533 462 2577 frigidae
487 2533 630 2567 facetiae
654 2533 693 2566 in
719 2543 761 2566 00
788 2543 864 2566 0330
891 2531 1075 2574 videntur,
1103 2531 1201 2575 quod
1226 2531 1356 2574 byssus
1381 2531 1466 2564 alba
1491 2532 1556 2572 est,
1583 2531 1709 2574 itaque
1736 2542 1792 2564 ca-

169 2588 288 2622 lamus
312 2589 461 2632 byssino
486 2588 599 2622 colori
623 2589 800 2623 intinctus
825 2599 898 2621 11011
923 2588 1013 2621 facit
1036 2587 1160 2631 nigras
1184 2587 1338 2621 litteras.

117 2644 296 2688 papirus]
328 2656 491 2688 papyrus
522 2656 547 2679 3.
570 2655 770 2688 papyrum,
803 2644 827 2678 f.
845 2644 921 2677 sive
947 2655 981 2679 11.
1000 2644 1141 2687 Papc'er
1171 2643 1247 2677 sive
1279 2643 1430 2685 bal-»pier
1455 2642 1674 2677 Germanice
1707 2643 1792 2677 scri-

167 2700 255 2734 bere
281 2701 361 2734 tum
389 2700 568 2734 solebant.

78 2757 165 2800 Pag.
186 2756 248 2794 73.

81 2814 98 2844 1
123 2812 201 2845 volo
220 2838 227 2845 .
245 2838 252 2845 .
272 2838 279 2845 .
296 2812 459 2856 scribere]
484 2812 522 2845 in
547 2813 736 2856 posterum
760 2812 829 2846 tibi
855 2811 1056 2855 diligenter
1080 2810 1248 2845 scribam.

79 2870 99 2900 2
124 2867 165 2900 in
191 2868 318 2910 quinto
343 2868 428 2912 loco]
455 2879 538 2901 cum
565 2879 682 2901 essem
707 2867 845 2911 quintae
871 2867 993 2900 classis
1019 2867 1230 2911 discipulus.

81 2926 101 2956 3
124 2923 319 2967 rittrirzus]
352 2923 510 2957 viti-inus
534 2934 605 2966 pro
639 2923 833 2968 ‘patrinus
857 2924 915 2957 ein
945 2927 1121 2968 yevatter:
1152 2924 1288 2957 dicitur
1312 2924 1381 2968 qui
1414 2924 1517 2959 levat
1551 2936 1707 2969 puerum
1745 2924 1791 2959 de

170 2979 272 3012 fonte
296 2979 561 3023 baptismatis'.
595 2979 751 3014 Gemma
774 2991 808 3023 g.
847 2979 1065 3013 Germanice
1096 2980 1132 3013 in
1159 2980 1380 3023 quibusdam
1413 2981 1625 3025 regionibus
1650 2982 1792 3025 Pc'itte'r,

171 3046 192 3068 a
215 3035 345 3077 Pathe,
370 3035 533 3079 provinc.
551 3035 653 3071 Patt.
