2119 3522
703 205 709 210 ·
754 200 889 223 THOMAS
917 216 945 222 ..
962 216 967 222 .
996 201 1212 224 TRITHEMlvs.
1743 182 1839 227 485

124 314 244 346 feruet
269 313 472 346 litterarum
505 313 618 344 multa
648 313 768 345 indies
792 316 943 354 vtroque
977 313 1054 345 stilo
1083 324 1225 355 magnae
1251 313 1422 345 vtilitatis
1447 324 1511 355 pro
1535 313 1690 346 studiosa
1715 314 1841 346 iuuen-

125 372 201 401 tute
228 369 382 400 maxime
409 369 657 411 grannnaticae
682 368 915 400 institut-ionis
941 369 1102 401 scribens
1130 373 1165 401 et
1190 380 1406 411 componens
1431 380 1542 410 opera
1566 371 1694 411 quibus
1712 380 1841 403 nomen

125 425 222 456 suum
250 435 328 456 cum
354 425 495 467 ingenti
521 425 636 466 gloria
662 425 794 465 vbique
820 425 986 467 diuulgat
1038 426 1067 457 E
1094 426 1222 467 quibus
1249 429 1376 458 extant
1401 425 1564 457 subiecta

123 480 240 522 Super
264 481 434 512 bucolica
460 479 604 522 Virgilij
632 483 872 511 commentum
1029 481 1055 512 li
1077 480 1091 521 j
1181 481 1358 523 Virgilius
1383 491 1481 512 maro
1505 481 1698 513 latinorum
1716 485 1840 524 poeta:

125 537 322 568 Orationes
349 536 551 568 familiares
577 546 619 566 ex
644 535 765 567 ouidio
1027 536 1053 567 li
1075 535 1090 575 j
1179 537 1292 568 Liber
1316 537 1390 579 ipse
1418 537 1469 568 est
1493 537 1587 568 tanti
1612 538 1762 578 quanti:

122 592 164 623 In
190 592 361 632 georgica
387 592 462 622 Vir.
483 594 721 623 commentum
1026 592 1051 623 li
1077 591 1132 632 iiij
1180 593 1362 634 Georgica
1387 596 1564 624 vocantur
1590 595 1744 634 quatuor
1768 593 1817 624 li:

124 647 371 679 Commentum
397 647 569 688 optimum
594 647 628 677 in
651 647 763 679 verba
782 647 981 689 depone11:³
1028 647 1053 678 li
1074 647 1088 688 j
1180 649 1227 680 Vt
1259 651 1360 679 aiunt
1391 648 1554 680 nonnulli
1577 648 1733 680 Ioannes
1764 659 1842 690 ger—

1223 704 1325 735 landi
1340 716 1347 735 :

121 760 162 791 In
189 759 338 800 eglogas
365 757 530 799 anthonij
560 758 721 790 sabellici
748 756 767 800 ᾖ
1029 758 1089 798 lij

123 815 239 855 Super
264 815 379 855 prima
405 818 508 855 parte
534 814 736 846 allexandri
761 816 943 855 9f1'fctop:
1021 813 1046 844 li
1073 813 1086 854 j
1177 816 1247 846 Tot
1273 818 1396 846 extant
1425 815 1524 846 edita
1549 818 1621 846 iam
1646 816 1784 857 pridem

120 870 162 901 In
187 869 271 902 eua³
295 861 319 901 4¹
341 869 510 912 epistolas
536 869 774 901 dominicales
803 868 865 901 co:
1027 869 1088 909 lij
1178 871 1220 902 In
1252 870 1321 902 hac
1354 870 1506 911 epistola
1538 870 1729 902 secundum
1755 882 1840 913 pau-

1219 926 1291 957 lum
1317 937 1396 957 mo:

122 982 238 1024 Super
260 991 385 1023 ymnos
412 984 653 1013 commentum
1026 981 1052 1012 li
1074 980 1088 1021 j
1178 982 1313 1013 Ymnus
1338 991 1484 1022 grecum
1511 991 1639 1013 nomen
1664 981 1715 1013 est

122 1039 162 1069 In
187 1038 395 1079 sequentias
425 1041 663 1069 commentum
1026 1037 1051 1068 li
1073 1037 1086 1077 j
1178 1036 1280 1069 Anno
1306 1037 1452 1079 Imperij
1479 1034 1611 1069 cesaris
1636 1037 1789 1078 Augusti

122 1094 237 1136 Super
263 1094 414 1125 allex.¹¹¹¹‘
442 1103 629 1125 commen:
651 1093 759 1125 breue
1024 1093 1051 1124 li
1073 1093 1086 1133 j
1180 1093 1325 1134 Septen]
1353 1093 1432 1124 sunt
1457 1092 1620 1134 capitula
1645 1093 1743 1124 illius

120 1149 326 1192 Appologia
351 1149 401 1181 sui
427 1149 471 1180 ad
497 1149 647 1181 fratrem
672 1149 769 1180 suum
1025 1149 1051 1180 li
1073 1149 1086 1189 j
1177 1148 1310 1180 Audiui
1338 1149 1453 1180 frater
1478 1148 1669 1181 nonnullos
1696 1158 1816 1180 eorum

119 1205 174 1238 De
199 1207 398 1238 natiuitate
425 1205 560 1237 domini
587 1204 631 1236 ad
657 1205 772 1246 pasto⁵
970 1204 1087 1246 egloj

118 1262 354 1303 Epigramma
382 1261 457 1292 sine
486 1264 583 1293 certo
609 1271 755 1293 numero
1028 1260 1088 1301 lij

118 1317 221 1350 Viuit
237 1317 353 1349 adhuc
369 1316 507 1348 Zuollis
525 1317 629 1348 varia
647 1327 864 1358 componens
882 1316 1049 1348 studiosis
1069 1317 1283 1358 quandoque
1302 1317 1491 1358 profutura
1509 1316 1571 1348 sub
1590 1316 1839 1348 Maximiliano

119 1415 420 1456 TREBELLIVS,
448 1407 724 1454 Hermannus,
756 1407 823 1457 qui
849 1408 957 1444 ‘cum
978 1409 1059 1445 suis
1082 1407 1334 1458 poematibus
1357 1407 1662 1454 Schlauraffum,
1687 1408 1835 1445 Franc-

119 1465 275 1511 furdiae‚
310 1477 400 1515 quae
433 1465 537 1502 iacet
568 1463 678 1514 apud
701 1461 889 1509 Oderam,
924 1464 1092 1501 multum
1124 1464 1336 1501 infamavit
1360 1470 1399 1501 et
1428 1463 1621 1501 audacter
1651 1463 1838 1514 blasphe-

120 1521 264 1558 mavit’
299 1518 350 1569 (p.
370 1526 443 1556 199.
462 1519 669 1568 v.1s...20.),
704 1520 824 1557 etiam
855 1534 878 1557 a
910 1534 991 1557 non
1024 1526 1240 1570 personato
1272 1516 1477 1556 Hutteno¹
1511 1533 1599 1557 cum
1632 1520 1839 1570 discipulis

118 1575 327 1615 Ostheniis
357 1591 439 1614 uno
471 1577 587 1627 quasi
619 1589 687 1614 ore
717 1575 927 1623 laudatur,
961 1576 1188 1626 itanumque
1211 1577 1252 1613 iu
1277 1574 1499 1625 Querens-².
1559 1576 1624 1613 De
1646 1576 1838 1613 Trebelio

117 1634 285 1683 eiusque
315 1633 473 1684 scriptis
497 1632 581 1670 dixi
611 1633 654 1669 in
686 1631 825 1671 adnot.
849 1631 901 1669 ad
932 1632 1004 1669 hos
1025 1631 1301 1669 Huttenianos
1322 1632 1446 1670 locos.
1470 1631 1601 1670 adicio
1625 1627 1716 1669 eum
1736 1638 1839 1670 teste

116 1687 373 1727 Becmanno3
405 1690 447 1726 in
470 1688 682 1726 matricula
710 1689 929 1738 primorum
950 1688 1242 1726 Viadrinorum
1262 1687 1454 1725 ICtorum
1484 1701 1567 1725 non
1589 1701 1835 1739 comparere,

116 1758 250 1796 neque
272 1746 314 1782 in
337 1745 484 1788 chartis
508 1745 592 1782 eius
615 1744 832 1782 academiae
853 1744 974 1782 aliam
995 1745 1071 1781 viri
1103 1745 1280 1782 inveniri
1300 1745 1556 1791 mentionem,
1578 1757 1698 1795 quam
1729 1745 1838 1795 quod

117 1815 224 1839 anno
259 1802 379 1839 1511.
402 1807 557 1839 rectore
595 1801 733 1838 aestivo
772 1800 929 1839 Ioanne
967 1801 1136 1838 Pistoris
1177 1814 1325 1838 nomen
1366 1800 1526 1838 dedisse
1565 1801 1725 1850 legatur
1762 1801 1839 1838 hoc

115 1857 256 1895 modo:
305 1857 584 1895 ‘Hermannus
623 1857 838 1895 Trebelius
879 1856 928 1895 de
958 1857 1145 1895 Ysenaeh
1176 1857 1338 1894 Poeta'.
1398 1856 1521 1894 Anno
1547 1857 1667 1896 1506.
1686 1857 1836 1895 Trebe-

114 1914 213 1951 lium
251 1914 330 1951 iam
367 1927 507 1951 senem
544 1913 670 1951 fuisse
701 1912 919 1950 Trithemi‘)
956 1913 1008 1951 ad
1040 1913 1226 1951 Sibutum
1259 1913 1434 1963 epistula
1473 1910 1658 1964 probat⁴3
1700 1912 1838 1951 Petrei

114 1969 370 2020 Aperbacchi
419 1983 527 2007 anno
568 1970 687 2007 1512.
720 1969 771 2007 ad
811 1982 901 2007 eum
948 1970 1097 2019 scripta
1142 1969 1318 2020 epistula
1362 1967 1505 2019 supra5
1544 1969 1719 2019 repetita
1763 1975 1835 2006 est.

116 2031 294 2064 ceterum
323 2032 367 2063 ut
397 2026 546 2073 natale,
580 2026 636 2063 ita
656 2026 749 2062 vitae
780 2038 1011 2075 supremum
1041 2032 1200 2076 tempus
1232 2025 1459 2063 accuratius
1485 2024 1653 2062 definire
1685 2025 1835 2063 nescio.

116 2082 294 2120 Ioannes
316 2082 610 2121 Piemontanus
631 2082 675 2118 in
697 2081 784 2119 MS.
806 2081 1002 2120 Auctario
1034 2095 1129 2119 scrr.
1153 2081 1250 2119 eccl.
1275 2081 1346 2120 fol.
1371 2077 1486 2119 148¹).
1512 2077 1564 2131 [a.
1591 2078 1756 2132 1509.·.>]
1780 2082 1837 2119 sic

115 2138 295 2189 scripsit:

113 2216 347 2247 Hermannus
371 2213 578 2247 Trebellius
608 2214 756 2246 natione
791 2214 955 2246 almanus
979 2214 1085 2247 homo
1110 2214 1147 2245 in
1172 2213 1402 2246 secularibus
1427 2213 1565 2246 litteris
1589 2213 1775 2246 studiosus
1801 2218 1838 2246 et

115 2272 260 2313 egregie
292 2270 455 2302 eruditus
487 2274 597 2312 poeta
629 2274 664 2302 et
696 2274 816 2302 orator
846 2271 1000 2313 insignis
1033 2273 1070 2302 et
1088 2270 1144 2305 =,ob
1176 2270 1246 2302 hoe
1278 2269 1373 2311 apud
1407 2270 1613 2311 superiores
1645 2280 1836 2311 germanos

113 2327 224 2359 multo
254 2327 292 2358 in
323 2326 444 2368 precio
476 2326 624 2358 habitus
650 2328 710 2368 qui
736 2327 913 2368 quottidie
940 2326 1126 2368 ingenium
1152 2336 1253 2357 suum
1278 2325 1528 2358 laudabilibus
1553 2325 1755 2358 studiorum
1780 2326 1836 2357 in-

114 2393 313 2425 genuorum
340 2383 532 2414 exerciciis
558 2383 736 2415 refricans
762 2383 868 2424 plura
894 2393 1020 2415 amene
1045 2382 1217 2414 lectionis
1235 2383 1458 2414 sinthemata
1477 2381 1610 2413 cudere
1628 2382 1837 2423 perhibetur

114 2449 185 2480 que
216 2442 376 2480 tempore
409 2449 473 2471 suo
503 2439 541 2470 in
571 2439 688 2471 lucem
718 2442 803 2471 sunt
833 2439 1066 2480 producenda
1099 2438 1252 2479 legimus
1284 2439 1362 2470 eius
1391 2437 1568 2470 nonnulla
1600 2438 1637 2469 in
1662 2437 1836 2480 quosdam

115 2498 282 2527 auctores
309 2494 611 2527 commendaticia
637 2496 906 2537 epigrammata
969 2495 1071 2527 Viuit
1097 2495 1215 2526 adhuc

206 2561 238 2602 1)
263 2562 355 2603 Opp.
372 2563 400 2595 Ι.
420 2573 454 2603 p.
474 2562 525 2594 16.
663 2562 698 2601 2)
724 2561 911 2602 Querelar.
930 2563 981 2594 11.
1000 2564 1052 2594 10.
1078 2572 1107 2592 v.
1125 2568 1247 2593 31...36.
1272 2562 1309 2592 in
1332 2562 1437 2592 Hutt.
1457 2561 1549 2602 Opp.
1566 2561 1632 2592 III.
1657 2572 1689 2602 p.
1708 2562 1761 2592 65.
1782 2572 1832 2602 sq.

203 2618 237 2659 3)
251 2618 393 2649 Notitia
406 2617 504 2650 univ.
519 2617 576 2649 Ff.
588 2618 632 2649 ad
641 2617 766 2650 Viadr.
781 2619 876 2660 p‚60.
968 2617 1003 2657 4)
1018 2617 1064 2649 cf.
1081 2628 1190 2659 supra
1204 2618 1326 2659 p.469.
1342 2620 1408 2648 art.
1424 2616 1582 2649 Sibutus.
1678 2616 1712 2657 5)
1728 2617 1833 2649 Hutt.

205 2674 296 2715 Opp.
314 2673 380 2708 III.
399 2684 432 2714 p,
451 2674 526 2705 545,
546 2684 598 2715 sq.

115 2771 401 2802 TRITHEMIVS
436 2762 670 2814 (Ioannes),
711 2770 755 2802 111
792 2765 880 2815 ipse
918 2765 959 2801 in
1001 2764 1202 2802 Chronico
1237 2761 1558 2814 Sponhemensi¹
1589 2764 1642 2802 ad
1681 2778 1833 2802 annum

117 2822 236 2859 1461.
259 2821 426 2867 rettulit,
459 2834 595 2867 „anno
621 2821 742 2858 1461.
764 2827 855 2871 post
886 2820 1025 2858 horam
1046 2833 1115 2867 XL,
1149 2821 1303 2857 minuto
1327 2821 1392 2857 28.
1415 2820 1458 2857 in
1490 2825 1609 2858 nocte
1630 2826 1721 2871 post
1751 2835 1831 2858 me—

205 2966 236 3007 1)
255 2965 447 2997 Tritbemii
466 2964 642 2997 Secundae
667 2966 783 3006 partis
802 2964 983 2997 Chronica
1008 2965 1168 3007 insignia
1191 2964 1260 2997 duo
1284 2976 1327 2997 ex
1345 2964 1430 3000 bibl.
1449 2966 1563 3007 Marq.
1584 2965 1746 2998 Freheri.
1773 2965 1831 2996 Ff.

204 3024 300 3055 1601.
320 3021 384 3056 fol.
402 3033 434 3064 p.
452 3022 528 3054 374.
