2119 3522
295 224 389 271 602
813 238 1077 260 COMMENTARIVS
1100 237 1148 259 AD
1173 237 1245 259 EPP.
1263 237 1294 259 Ο.
1311 238 1344 259 V.
1369 238 1447 259 VOL.
1464 237 1487 258 1.

292 298 611 395 ξᾶῗ1ι1ῗὲ1εη66ὴίί]
645 350 750 392 Quod
775 360 910 384 nomen
934 359 1002 392 per
1023 352 1052 391 β
1071 359 1149 382 >non
1179 359 1246 392 per
1272 356 1291 381 z
1315 348 1494 392 scriptum
1520 348 1592 390 est,
1624 360 1697 382 non
1727 349 1862 393 probat
1890 349 1929 383 id
1955 350 2000 383 ab

382 409 529 441 auctore
554 407 662 439 huius
680 405 845 449 epistolae
870 415 945 438 non
970 415 992 438 a
1014 403 1152 438 lanceis
1170 403 1371 448 deductum
1397 415 1486 446 esse,
1513 415 1599 438 eum
1614 415 1690 439 non
1713 405 1908 439 lanciarios
1924 405 2000 440 sive

379 463 602 507 lancigeros,
628 462 670 495 ut
686 461 847 505 Langius
870 460 1000 501 habet,
1027 459 1091 493 sed
1115 459 1304 504 gregarios
1321 460 1398 494 sive
1416 459 1662 504 provinciales
1679 460 1816 494 milites
1835 462 2002 503 (Lcmds-

379 519 537 559 knechte)
564 517 722 550 voluisse
749 517 808 559 (cf.
829 516 857 549 F
860 516 955 550 risch
981 516 1047 550 col.
1066 517 1162 559 572);
1188 526 1310 559 neque
1327 516 1498 560 tempori,
1527 516 1572 550 de
1590 527 1662 559 quo
1679 516 1739 550 hic
1757 517 1891 561 agitur,
1918 528 2001 551 con-

380 574 483 608 venit
507 573 605 616 quod
632 572 849 617 Adelungus
874 571 978 615 (WB.
996 584 1029 605 v.
1048 571 1307 606 Lcmdsknecht
1330 572 1393 605 ΙΙΙ.
1412 572 1479 606 601.
1502 573 1613 615 1895.)
1640 572 1749 606 dixit:
1775 573 1861 614 „die
1883 574 2004 607 wahre

380 630 505 663 Lanae
527 640 603 662 war
627 628 709 662 lcez'n
738 626 886 662 Gewehr
909 628 973 670 stit·
997 627 1242 672 Fussqanqer‚
1258 629 1303 671 ja
1329 639 1363 662 es
1388 628 1513 670 (horfte
1536 628 1712 663 nimand
1735 629 1791 662 als
1816 629 1875 662 ein
1897 629 2002 663 wirh-

380 686 490 719 Ie'cleer
505 684 627 718 Re'ttcr
644 685 796 718 dieselbe
820 684 953 726 faihren
980 683 1223 728 [contrarium
1240 683 1401 727 probant
1424 684 1550 717 multae
1568 684 1733 728 picturae,
1760 684 1889 728 quales
1912 695 2002 718 non-

380 740 499 774 nullas
523 740 601 774 haec
626 741 706 784 ipsa
731 740 921 773 volumina
944 739 1123 783 repetitas
1146 739 1297 781 habent,
1323 739 1361 772 in
1386 739 1520 782 quibus
1537 739 1678 773 Suiceri
1702 739 1849 783 pedites
1872 739 2002 784 bipen-

379 808 458 838 1163,
491 796 752 837 Hellebarden,
782 795 1038 830 Lansskneohti
1067 795 1197 839 longas
1226 795 1367 837 hastas,
1399 794 1552 838 Spiesse,
1582 795 1731 839 ferunt].
1783 795 1858 830 Die
1881 795 2004 829 Ritter

378 854 502 886 hatten
525 863 620 886 zszcw·
647 853 722 886 ihre
746 852 962 893 Bedessenten,
986 852 1112 886 welche
1130 851 1406 896 Lcmzentrc'iffl·
1430 852 1510 886 mccl
1528 852 1826 886 Lcmzenknechte
1850 852 2003 895 Mestum,-

377 909 491 942 «Hem
508 909 604 942 diosc
627 920 749 942 waren
774 918 840 941 1·οη
868 919 1004 942 misem
1023 908 1325 942 Lamlsknechten
1349 919 1416 952 [sar
1438 908 1518 942 sehr
1543 908 1779 942 verschieden.
1821 908 1899 942 Von
1925 909 2003 942 clem

377 965 521 999 Numen
551 965 630 998 und
660 964 870 1008 Ursprzmgse
900 965 964 999 cler
989 965 1266 999 Lmzdsknechte
1297 976 1324 998 s.
1348 963 1610 1008 ›S'enclcenberys
1640 963 1787 998 Selecta
1813 964 1876 998 Th.
1893 977 1945 998 111.
1965 964 2001 999 S.

379 1024 454 1055 481.
503 1020 610 1054 Nova
633 1020 793 1062 Μ1366ΙΙ.Δ
805 1019 902 1064 Lips.
923 1021 986 1055 Th.
1006 1025 1036 1054 9.
1056 1020 1091 1054 S.
1110 1022 1213 1054 425.“
1263 1020 1314 1054 Cf.
1332 1020 1429 1053 infra
1459 1020 1505 1053 ad
1538 1021 1626 1054 72¹².
1645 1021 1683 1053 et
1713 1020 1797 1064 lege
1829 1021 2002 1055 venustas

378 1076 569 1121 Freytagii
596 1076 798 1121 ‘Imagines
823 1076 1074 1120 antiquitatis⁷
1108 1076 1194 1110 Vom
1210 1076 1427 1110 Mittelalter
1451 1086 1516 1109 2201·
1531 1075 1686 1109 Neuzet't
1712 1086 1790 1119 cap.
1810 1080 1862 1110 12.
1897 1076 2003 1118 Quod

380 1133 426 1166 ad
451 1134 606 1166 formam
638 1133 779 1166 knechtz'
803 1133 954 1175 attinet,
986 1132 1269 1166 memorandum
1302 1132 1357 1166 est
1389 1131 1502 1166 etiam
1527 1131 1688 1165 knechtes
1711 1131 1804 1176 legi,
1837 1143 1867 1168 e.
1885 1143 1938 1176 gr.
1956 1132 2002 1166 de

378 1189 542 1233 ι(16116111).
563 1189 735 1223 ebriosor.
754 1189 825 1232 (ed.
844 1188 995 1223 Zarnck.
1014 1201 1048 1232 p.
1069 1189 1158 1231 130.)
1185 1188 1337 1231 „secant
1360 1198 1397 1222 se
1424 1199 1507 1221 cum
1531 1187 1874 1222 stadtknechtffimfl

288 1250 308 1279 2
333 1245 513 1289 {merram}
540 1246 584 1278 cf.
603 1244 649 1278 ad
676 1246 762 1279 153³.

331 1302 448 1345 milia]
475 1313 549 1335 una
574 1302 585 1335 l
610 1302 722 1335 21:3¹⁴,
742 1302 854 1335 recte.
882 1301 946 1335 scd
972 1313 1005 1346 p.
1025 1303 1126 1335 28135
1150 1301 1295 1335 millies.

288 1362 308 1391 3
333 1358 458 1392 nullus
483 1385 490 1391 .
510 1384 541 1391 ..
568 1358 709 1401 crelam]
744 1357 831 1391 Haec
862 1357 899 1390 in
937 1357 1152 1391 memoriam
1184 1358 1361 1391 revocant
1391 1368 1473 1401 quae
1505 1357 1550 1390 (16
1588 1356 1774 1391 assassinis
1811 1357 2004 1392 constituit

378 1414 496 1447 Bonis.
516 1414 614 1448 VIII.
633 1425 662 1447 6.
684 1418 711 1448 1.
731 1418 749 1455 ξ
769 1418 798 1447 1.
816 1414 854 1447 in
871 1413 948 1447 VI0.
967 1414 1012 1447 (16
1037 1413 1237 1447 homicidio
1256 1417 1285 1455 5,
1304 1424 1329 1447 4.

287 1474 307 1503 4
333 1481 393 1504 rcos
416 1482 451 1504 «η.
470 1472 558 1515 σωκ]
587 1482 623 1504 63
649 1470 728 1515 regi
754 1482 775 1504 a
800 1469 1100 1511 confessionibus,
1127 1481 1200 1503 non
1218 1470 1330 1514 plebi.

288 1531 308 1560 5
332 1526 423 1560 leves
448 1554 455 1560 .
475 1554 481 1559 .
502 1554 508 1560 .
528 1527 734 1569 proposito]
760 1525 878 1560 Leves
907 1527 998 1569 puto
1023 1525 1057 1559 h.
1075 1526 1098 1559 1.
1117 1526 1324 1570 significare
1356 1527 1436 1560 tum
1468 1526 1576 1567 viles,
1609 1526 1727 1559 infimi
1759 1526 1914 1568 ordinis,
1947 1538 2002 1571 96-

378 1584 510 1617 ηιθιῖηεε
540 1582 638 1624 Volk,
663 1584 742 1615 tum
768 1583 908 1615 temere
934 1583 1149 1626 peccantes,
1176 1582 1423 1626 Zeiclztfertiye,
1449 1582 1631 1616 malorum
1655 1593 1800 1616 morum
1824 1583 2001 1617 homines.

379 1639 448 1680 Qui
473 1638 569 1672 rixas
593 1639 868 1682 prosequuntur
892 1638 969 1672 sive
995 1638 1117 1672 animo
1143 1638 1300 1672 nocendi
1326 1639 1401 1672 sive
1421 1638 1658 1680 vindicativo,
1685 1638 1894 1672 mortaliter
1917 1650 2001 1683 pec-

378 1696 463 1729 cant
487 1706 557 1729 sec.
575 1694 769 1739 Augustin.
789 1694 950 1728 Florent.
970 1694 1150 1728 Summul.
1170 1694 1214 1728 H.
1232 1705 1261 1728 c.
1279 1698 1310 1727 2.

288 1756 317 1785 6,
337 1763 414 1795 sqq.
440 1751 543 1785 scrib.
562 1751 606 1785 de
628 1751 746 1784 Roma
771 1751 845 1794 etc]
873 1750 923 1785 Cf.
944 1749 1073 1795 Consp.
1093 1750 1254 1784 chronol.
1274 1761 1308 1794 p.
1330 1753 1402 1784 135.
1422 1750 1455 1783 d.
1476 1754 1526 1785 13.
1545 1750 1620 1784 Ian.
1639 1762 1717 1794 sqq.
1738 1762 1768 1784 a.
1790 1754 1885 1785 1515.
1931 1751 2001 1786 Die

378 1811 431 1840 27.
446 1808 520 1841 Ian.
541 1818 570 1840 a.
591 1799 686 1841 1515.
704 1807 830 1841 Romae
849 1806 1037 1840 KVelserus
1054 1806 1281 1851 Peutingero
1300 1806 1397 1840 inter
1422 1806 1496 1840 alia
1519 1806 1597 1840 haec
1622 1807 1784 1851 scripsit:
1812 1835 1851 1850 ,‚.
1871 1836 1876 1840 .
1895 1807 2001 1841 illum

378 1863 603 1897 cucullatum
634 1863 851 1907 theologum
878 1863 1160 1906 [Hochstratum
1187 1862 1390 1896 Cardinah's
1415 1862 1618 1907 Adrianus]
1644 1863 1828 1897 abhorret.
1885 1863 2002 1898 Causa

378 1919 536 1953 vertitur
560 1930 683 1953 coram
709 1919 817 1953 docto
844 1921 881 1953 et
904 1919 1020 1963 probo
1052 1919 1174 1953 iudice
1200 1918 1291 1956 Rev,
1311 1918 1498 1953 Cardinali
1516 1918 1703 1954 Grimano.
1721 1920 2002 1964 patrocinantur

378 1975 431 2008 illi
459 1974 677 2019 [Capnioni]
711 1975 891 2009 bonarum
920 1975 1115 2009 literarum
1147 1976 1346 2009 sectatores
1378 1986 1521 2017 omnes,
1556 1976 1687 2009 curant
1721 1987 1803 2010 eam
1827 1976 2000 2010 sollicita-

376 2033 475 2065 tores
499 2031 620 2072 multi,
647 2032 685 2065 et
709 2031 848 2071 fideles,
875 2031 968 2065 adeo
993 2032 1035 2065 ut
1058 2042 1132 2065 non
1156 2031 1272 2075 possit
1294 2031 1365 2064 nisi
1388 2031 1483 2066 bene
1510 2033 1650 2076 sperari
1675 2031 1720 2065 (16
1746 2043 1864 2066 causae
1890 2033 2001 2066 celeri

377 2088 414 2121 et
440 2087 661 2130 desyderata
686 2087 934 2131 expeditione.
972 2087 1196 2121 Traducitur
1218 2098 1316 2121 nunc
1343 2088 1562 2131 opusculum
1587 2087 1680 2121 illud
1706 2087 1783 2121 eius
1801 2086 2000 2132 Speculum

377 2143 533 2177 Oculare
560 2154 581 2177 a
605 2143 826 2187 quibusdam
853 2143 1047 2177 Germanis
1074 2144 1109 2187 [a
1133 2143 1301 2178 Mat-tino
1328 2144 1531 2188 Groninyo]
1558 2143 1604 2177 ad
1629 2143 1667 2177 id
1692 2155 1714 2178 a
1736 2143 1860 2178 iudice
1885 2143 2000 2188 depu-

375 2199 462 2233 tatis
495 2210 538 2233 ex
565 2199 784 2246 Germanico
821 2199 997 2233 idiomate
1028 2200 1065 2233 in
1097 2200 1264 2233 latinum.
1312 2200 1545 2234 Produxerat
1576 2200 1674 2234 enim
1705 2199 1906 2234 Monachus
1936 2200 1999 2235 ille

377 2255 649 2289 traductionem
673 2255 772 2289 illius
797 2255 864 2289 sub
890 2255 1022 2300 sigillo,
1050 2257 1091 2289 ut
1115 2255 1229 2297 aiunt,
1256 2255 1516 2290 Vniuersitatis
1535 2256 1760 2291 Coloniensis
1784 2255 1861 2290 siue
1886 2256 1999 2290 facul-

377 2310 480 2351 tatis,
507 2311 677 2345 mutilam
703 2313 741 2345 et
764 2322 934 2345 mancam
960 2311 1161 2355 multisque
1192 2311 1418 2346 falsitatibus
1448 2312 1636 2346 refertam.
1685 2311 1799 2346 Facta
1822 2311 1893 2346 ista
1917 2323 1999 2356 pro-

377 2366 530 2400 cedetur
554 2367 601 2400 ad
626 2378 743 2401 causae
769 2367 1058 2409 conclusionem,
1091 2367 1194 2401 cuius
1218 2378 1424 2401 successum
1456 2378 1530 2401 non
1554 2367 1744 2412 negligam
1769 2367 1839 2401 tibi
1862 2367 1999 2412 signifi-

377 2433 460 2456 care
486 2449 492 2455 .
513 2426 567 2456 .“.
617 2422 699 2466 Ipse
727 2422 936 2467 Groningus
960 2423 999 2456 in
1027 2423 1181 2467 prologo
1207 2434 1280 2456 suae
1305 2423 1557 2457 translationis
1582 2422 1627 2457 de
1654 2422 1863 2457 Coloniensi
1887 2434 1999 2467 opere

378 2489 421 2519 „e
441 2478 622 2512 contrario
635 2482 654 2496 ‘⁴
679 2478 801 2522 inquit
826 2479 1063 2520 „erratorum
1089 2489 1237 2512 suorum
1262 2479 1403 2522 sylvam
1428 2479 1605 2513 trecentis
1630 2489 1726 2523 pene
1751 2479 1788 2512 in
1812 2479 1903 2513 locis
1926 2479 2000 2514 illis

377 2534 618 2576 exhibuerim,
646 2535 779 2578 quibus
802 2535 1039 2569 innocentem
1057 2534 1177 2568 virum
1204 2534 1475 2579 [Reuchlinum]
1502 2535 1686 2569 hostiliter
1711 2535 1998 2570 circunscribere

376 2590 600 2625 nitebantur.
620 2588 760 2635 βλάψει
786 2588 828 2625 δ’
850 2588 869 2626 ὁ
901 2588 1017 2630 κακὸς
1043 2587 1108 2625 τὸν
1133 2587 1290 2635 ἀρείονα
1322 2592 1442 2635 φῶτα.
1470 2591 1668 2635 saepissime
1700 2591 1930 2635 interpellati
1962 2593 2001 2626 et

375 2647 578 2690 prouocati,
604 2648 647 2681 ut
671 2648 709 2682 et
733 2658 794 2681 eos
818 2647 917 2681 locos
943 2647 1138 2688 diluerent,
1164 2646 1316 2681 minime
1342 2647 1623 2691 responderunt.
1662 2646 1754 2680 Eam
1779 2647 1826 2681 ob
1851 2658 1998 2682 causam

377 2713 503 2736 eorum
528 2702 714 2737 traductio
739 2704 920 2747 tanquam
943 2702 1221 2747 perversissima
1246 2705 1285 2737 et
1308 2703 1501 2737 calumniis
1525 2703 1690 2747 undique
1714 2705 1858 2738 scatens
1883 2714 1905 2738 a
1928 2703 1997 2738 Re-

377 2758 650 2792 verendissimis
675 2759 863 2793 ludicibus
887 2758 1131 2804 ignominiose
1157 2759 1411 2794 abiiciebatur.
1460 2758 1546 2794 Mea
1570 2760 1695 2793 autem
1720 2759 1759 2792 in
1783 2770 1918 2794 corona
1941 2760 1999 2794 tot

377 2813 660 2848 clarissimorum
692 2815 854 2849 virorum
885 2815 932 2849 ad
964 2815 1250 2849 examinandum
1283 2815 1440 2850 Oculare
1472 2815 1672 2860 Speculum
1709 2825 1731 2849 a
1762 2814 1997 2850 Sanctissimo

376 2868 498 2903 Leone
522 2870 701 2905 Pontifice
724 2871 886 2906 Maximo
911 2872 1175 2916 deputatorum
1199 2872 1348 2916 publice
1374 2873 1413 2906 et
1433 2872 1533 2906 lecta
1557 2872 1594 2905 et
1619 2871 1830 2906 examinata
1852 2871 1933 2913 fuit,
1960 2872 1999 2905 et

376 2925 528 2959 inventa
548 2926 670 2965 fidelis
688 2954 695 2960 .
714 2955 719 2960 .
740 2930 794 2960 .“.
845 2927 895 2962 Cf.
916 2927 1046 2972 Consp.
1062 2928 1222 2962 chronol.
1242 2928 1301 2962 cit.
1318 2940 1353 2972 p.
1374 2932 1448 2963 135.
1467 2928 1663 2972 ‘Prologus
1680 2926 1961 2961 translationis’.

288 2984 308 3014 9
333 2981 503 3014 trcmstul.
520 2992 611 3026 may.
629 2984 762 3027 nostri]
790 2983 894 3017 Hanc
919 2983 1200 3018 translationem
1225 2984 1276 3018 sic
1301 2984 1470 3018 defendit
1492 2983 1761 3028 Pepericornus
1785 2983 1824 3016 in
1848 2982 1997 3028 Streydt

371 3036 555 3081 puechlyn
574 3038 662 3080 [Ind.
678 3050 762 3072 sorr.
776 3050 811 3082 p.
826 3043 879 3073 90.
893 3050 926 3072 n.
942 3040 1041 3083 mr]
1056 3051 1090 3084 p.
1107 3041 1154 3075 Εἷς
1179 3039 1268 3082 ,,Εν
1283 3039 1490 3086 [Reuchlin]
1505 3040 1641 3085 beclayt
1656 3039 1741 3074 sich.
1760 3050 1847 3073 man
1862 3038 1930 3073 hab
1938 3038 1993 3082 jm
