2119 3522
343 208 439 253 684
854 217 1119 241 COMMENTARIVS
1142 217 1189 239 AD
1215 217 1286 238 EPP.
1305 216 1335 238 Ο.
1353 216 1385 238 V.
1410 215 1487 238 VOL.
1504 215 1541 236 11.

340 284 428 315 Patr.
449 280 541 316 211.

340 340 382 370 33
397 308 431 368 ²³cr
454 333 587 368 maiori
611 332 661 366 ad
682 317 818 374 bimus]
844 340 866 363 a
889 329 1027 362 maiore
1052 327 1290 372 propositone
1315 326 1361 361 ad
1384 327 1574 360 minorem.
1600 336 1673 359 non
1696 324 1959 369 magistr-aliter
1983 334 2051 368 per

429 390 554 423 utrum
580 389 618 422 et
642 388 778 421 contra.
827 384 900 419 Sed
917 396 977 418 vv.
997 388 1048 418 10.
1065 395 1143 427 sqq.
1169 394 1243 426 seq.
1261 383 1408 427 paginae
1431 393 1505 416 non
1529 381 1580 416 sic
1605 380 1739 425 arguit.

340 449 382 480 34
406 445 534 488 secum]
561 454 645 478 cum
670 452 729 483 eo⁷
760 442 803 475 ut
826 439 1070 474 Hochstratus
1095 450 1178 472 cum
1202 438 1353 482 Meyero
1377 450 1413 482 p.
1431 442 1482 472 75.
1501 449 1552 481 sq.

385 501 476 536 cxiv.
495 501 539 534 ab
563 499 633 543 ore]
661 498 705 532 cf.
723 497 836 541 Apoc.
854 509 902 530 xi.
923 499 952 529 5.
971 494 1102 539 „Ignis
1127 494 1227 528 exiet
1251 494 1295 528 de
1321 505 1383 528 ore
1409 505 1536 528 eorum
1555 520 1561 527 .
1581 495 1637 527 .“.

340 561 382 591 35
407 566 479 590 non
505 556 571 589 obt.
591 582 597 588 .
617 581 623 587 .
643 554 684 587 in
701 552 890 596 Almcmia]
923 550 1047 595 Spirae.
1073 550 1118 584 cf.
1137 549 1267 594 Consp.
1286 549 1447 584 chronol.
1465 561 1500 593 p.
1521 553 1594 584 130.
1612 548 1646 582 d.
1664 551 1717 583 29.
1734 547 1842 582 Mart.
1861 557 1891 582 a.
1910 550 2007 582 1514.

341 615 425 655 Pag.
447 613 538 649 212.

341 672 360 701 5
385 666 640 709 subm-dinam]
673 664 902 709 supponunt,
936 662 1033 697 veris
1063 661 1275 695 libellorum
1307 663 1501 695 auctorum
1524 660 1736 695 nominibus
1759 659 1962 704 suppressis
1986 658 2053 693 Pe-

430 723 665 767 pericorntim
691 731 752 755 eos
776 719 961 764 scripsisse
986 717 1228 751 mentiuntur.
1270 716 1320 751 Cf.
1339 728 1374 761 p.
1392 718 1494 750 221¹ss
1518 719 1582 750 242
1592 718 1620 738 ³⁷
1644 717 1756 750 29830.

385 779 487 813 habet
506 778 670 821 perdere]
697 786 742 810 Ξιι
766 775 942 810 verlieren
964 775 1046 816 hat,
1069 773 1093 807 i.
1112 784 1142 807 e.
1162 772 1310 806 infamis
1334 783 1376 806 ac
1399 772 1621 817 proletarius
1647 772 1712 806 est.
1996 803 2004 805 ,

342 839 359 869 7
385 844 532 878 compos.
558 861 590 867 ..
616 832 842 876 Zatinzsssavit]
873 830 1081 873 Utrumque
1113 839 1179 873 pro
1210 829 1316 873 parte
1346 828 1493 862 tantum
1523 839 1653 863 verum
1678 828 1755 862 cst:
1787 827 2055 872 Pepericornus

431 889 639 934 composuit
660 887 831 922 libellum
856 886 1146 930 Beschyrmzmy,
1172 884 1236 919 sed
1262 884 1410 918 adiutus
1432 884 1682 929 theologistis‚
1710 885 1748 918 et
1773 882 1948 918 Ortvinus
1971 883 2055 917 lati-

430 945 567 980 nisavit
593 944 657 979 sed
689 942 939 977 ‘Defensioni’
972 941 1091 975 multa
1119 952 1186 975 sua
1214 940 1471 975 intermiscuit.
1518 940 1561 974 cf.
1585 939 1665 973 Ind.
1689 950 1774 973 scrr.
1797 951 1832 973 n.
1849 951 1920 973 xm.
1945 949 2056 983 supra

430 1013 515 1046 pag.
533 1004 586 1036 88.
605 1013 656 1044 sq.
1935 996 1942 1002 ’

341 1062 361 1092 8
385 1058 509 1092 statim
534 1067 631 1101 cogyn.
649 1059 690 1091 st.
708 1056 830 1099 suum]
865 1054 958 1095 eius,
998 1053 1159 1094 Ort-vini,
1197 1052 1323 1086 stilum
1361 1062 1430 1096 ego
1468 1062 1615 1095 quoque
1651 1051 1778 1085 statim
1809 1060 2056 1095 cognoveram

431 1113 540 1157 longe
567 1113 651 1146 ante
677 1122 787 1155 quam
812 1109 981 1143 libellum
1007 1109 1282 1153 Beschyrmzmy
1303 1108 1459 1142 nanctus
1483 1119 1574 1141 sum.

342 1174 361 1202 ‘J
390 1169 566 1202 Ortcimw
583 1194 589 1201 .
609 1195 615 1200 .
635 1195 642 1200 .
660 1166 890 1209 sacerdotali]
917 1164 961 1198 cf.
978 1176 1014 1209 p.
1033 1165 1115 1198 284¹
1136 1166 1174 1197 et
1191 1163 1360 1198 Gratium
1384 1163 1507 1207 ipsum
1531 1163 1660 1197 contra
1674 1162 1771 1196 hunc
1790 1162 2057 1196 calumniosum

430 1234 616 1257 rumorem
641 1233 678 1257 se
700 1221 964 1256 defendentem
988 1233 1022 1264 p.
1041 1222 1116 1254 402.
1134 1231 1185 1263 sq.
1235 1219 1408 1254 Ceterum
1433 1219 1481 1253 ad
1504 1219 1538 1252 h.
1556 1219 1580 1252 1.
1604 1218 1886 1253 memorandum
1911 1218 1967 1252 est
1989 1217 2057 1252 Pe-

431 1279 665 1323 pei-icornum
691 1278 736 1312 de
763 1277 904 1322 origine
934 1287 999 1310 sua
1024 1287 1068 1311 ex
1092 1275 1191 1310 tribu
1209 1275 1452 1319 Nephthalim
1477 1274 1629 1320 gloriari
1653 1274 1800 1309 solitum
1828 1284 1918 1316 esse,
1944 1273 2057 1308 etiam

431 1334 665 1376 Defensione,
692 1334 734 1367 ut
757 1345 792 1377 p.
812 1334 922 1367 1702'.

346 1397 384 1425 10
408 1391 544 1425 habetis
567 1390 691 1434 fateri]
717 1399 855 1433 negare
880 1399 953 1423 non
979 1388 1150 1432 potestis,
1178 1388 1322 1422 debetis
1347 1387 1526 1422 confiteri.

345 1452 381 1480 11
412 1458 483 1480 non
507 1458 552 1481 sc.
570 1447 667 1490 alph.
686 1446 767 1489 lat]
795 1444 942 1489 alphab.
960 1444 997 1477 in
1023 1444 1140 1478 latino
1166 1456 1199 1487 p.
1222 1445 1330 1478 19535.
1358 1446 1564 1487 ‘nunquam
1595 1443 1727 1477 didicit
1756 1454 1870 1476 unum
1902 1442 2056 1476 verbum

431 1502 607 1536 latinum’
635 1514 669 1545 p.
690 1502 802 1535 21732.
830 1500 1016 1534 ‘indoctus
1041 1500 1078 1533 in
1104 1500 1244 1533 artibus
1268 1500 1484 1534 liberalibus
1511 1501 1579 1534 etc.
1602 1512 1637 1544 p.
1656 1501 1767 1534 24023.

345 1563 384 1591 1ss
409 1559 611 1603 materiam]
637 1557 792 1598 librum,
823 1555 1086 1590 Defensionem
1112 1556 1240 1590 contra
1264 1556 1432 1590 famosas.
1473 1556 1516 1589 cf.
1535 1568 1569 1600 p.
1590 1557 1676 1590 15¹⁷.

345 1618 384 1648 18
410 1614 472 1656 Pf.
490 1615 593 1648 habet
612 1614 685 1657 etc]
718 1611 930 1647 Refer-enda
953 1613 1038 1646 sunt
1061 1612 1139 1646 haec
1165 1611 1211 1646 ad
1237 1623 1281 1646 ea
1306 1623 1386 1656 quae
1413 1612 1458 1646 de
1485 1622 1522 1646 se
1552 1622 1691 1656 suaque
1717 1611 1886 1646 doctrina
1908 1611 2057 1655 Peperi-

433 1681 565 1704 cornus
589 1669 736 1703 Defens.
761 1681 795 1712 p.
817 1669 994 1702 14523·⁵‘1‘1·
1013 1668 1180 1711 protulit.

343 1731 395 1760 20.
413 1737 465 1769 sq.
490 1736 601 1759 ccc-usa
619 1752 625 1758 .
645 1752 651 1758 .
671 1751 677 1758 .
695 1725 821 1766 facilis
847 1725 920 1768 etc]
952 1723 1100 1758 Defens.
1119 1736 1153 1768 p.
1174 1728 1237 1758 170
1246 1727 1268 1758 ⁶.
1290 1724 1497 1766 „articulos
1521 1726 1652 1759 nostrae
1685 1724 1931 1758 contentionis
1955 1724 2058 1758 nulla

432 1781 599 1826 indigere
632 1780 801 1814 doctrina
832 1790 967 1823 eosque
998 1781 1075 1813 tam
1101 1791 1178 1814 csse
1207 1781 1422 1815 manifestos
1447 1807 1497 1823 ..‚
1535 1781 1578 1814 ut
1608 1779 1720 1814 etiam
1753 1779 1798 1814 ab
1829 1790 1942 1814 uxore
1975 1791 2059 1814 mea

432 1836 592 1871 faciliter
617 1836 785 1870 convinci
811 1836 1003 1879 possent“.
1044 1836 1087 1870 cf.
1106 1848 1189 1881 pag.
1213 1840 1278 1871 285
1288 1840 1310 1870 ⁵.

342 1898 384 1927 22
410 1903 484 1927 mm
510 1893 703 1936 vincerent]
729 1892 751 1925 i.
771 1903 800 1925 e.
819 1894 895 1925 tani
918 1892 1040 1926 virosa
1063 1893 1119 1926 est
1135 1903 1227 1927 uxor
1243 1893 1417 1927 Iohannis
1433 1892 1681 1935 Pfefferkorn,
1707 1894 1750 1927 ut
1766 1892 1936 1927 omnibus
1952 1892 2057 1936 quin-

434 1959 505 1992 que
531 1948 727 1982 iuvenibus
751 1948 895 1981 lassatis
920 1959 987 1981 usu
1018 1949 1099 1992 ipsa
1122 1949 1281 1983 necdum
1314 1949 1448 1983 satiata
1471 1949 1577 1983 foret.

343 2010 384 2039 26
409 2009 505 2039 stare
537 2005 576 2037 in
605 2015 708 2038 sacro
737 2004 778 2048 ῑ.]
810 2004 1037 2038 Reuchlinus
1063 2005 1129 2047 (cf.
1148 2004 1278 2049 Consp.
1297 2005 1458 2040 chronol.
1476 2016 1560 2050 pag.
1581 2010 1652 2039 121.
1672 2006 1706 2040 d.
1725 2010 1753 2040 7.
1773 2005 1873 2049 Sept.
1891 2016 1922 2039 a.
1942 2006 2058 2047 1511.)

434 2060 478 2094 dc
511 2060 651 2103 Meyeri
683 2059 996 2103 Pepericornique
1034 2060 1176 2094 insidiis
1208 2061 1367 2106 Speculo
1398 2061 1537 2096 oculari
1569 2061 1716 2096 structis
1746 2062 1873 2096 narrat
1903 2061 1941 2095 et
1970 2061 2057 2095 hoc:

435 2144 474 2158 ‚‚.
494 2144 500 2150 .
523 2116 623 2150 idem
653 2115 823 2159 plebeius
853 2115 1080 2150 sacrificulus
1104 2117 1351 2161 proclamavit
1375 2117 1420 2151 de
1445 2118 1622 2162 suggestu
1648 2128 1771 2152 coram
1796 2117 1897 2151 omni
1919 2116 2058 2161 populo

432 2172 531 2206 inter
561 2172 687 2205 divina
716 2171 839 2205 officia
869 2173 1111 2217 congregato,
1150 2172 1439 2217 Pepericornum
1473 2173 1639 2208 Iudaeum
1675 2173 1907 2217 baptizatum
1936 2173 1975 2206 in
2005 2183 2058 2206 se-

435 2228 565 2271 quenti
595 2227 757 2271 profesto
788 2227 1011 2261 beatissimae
1042 2228 1196 2273 virginis
1225 2228 1351 2263 Mariae
1385 2239 1428 2263 eo
1457 2229 1530 2264 loci
1560 2229 1762 2274 praedicare
1791 2228 1888 2263 velle
1914 2255 1921 2262 .
1939 2255 1946 2262 .
1965 2255 1972 2262 .
2012 2227 2060 2262 Et

435 2294 519 2317 ccco
546 2284 642 2317 stato
666 2284 835 2327 tempore
860 2283 991 2317 incidit
1016 2285 1083 2318 iste
1108 2284 1254 2319 infamis
1271 2285 1540 2329 Pepericornus
1555 2285 1675 2319 multa
1690 2284 1903 2326 sanctitate,
1930 2295 1951 2318 o
1969 2284 2059 2318 deus

436 2341 473 2373 et
497 2339 638 2383 superi,
671 2339 759 2382 quin
790 2338 914 2382 potius
946 2339 1132 2383 hypocrisi
1163 2341 1389 2384 nequissima
1412 2341 1605 2385 praeditus,
1638 2340 1783 2384 obstipo
1815 2340 1937 2384 capite
1970 2339 2058 2374 defi-

434 2406 525 2439 gens
554 2394 697 2428 lumina
725 2395 851 2435 teri-ze,
890 2407 1153 2439 murmuraque
1186 2398 1223 2430 et
1253 2407 1377 2430 secum
1408 2397 1554 2431 rabiosa
1582 2396 1731 2430 silentia
1759 2395 1908 2437 rodenS,
1946 2396 2058 2440 atque

436 2451 652 2494 exporrecto
677 2450 881 2484 trutinatur
905 2451 1020 2485 verba
1043 2451 1198 2493 labello,
1224 2453 1313 2486 vota
1334 2462 1536 2496 precesque
1555 2451 1693 2486 dicenti
1709 2451 1854 2493 similis,
1881 2451 2060 2486 Ascendit

435 2507 521 2540 ante
552 2506 735 2550 templum
765 2506 910 2540 Iudaeus
941 2517 1038 2551 aqua
1065 2508 1218 2549 tinctus⁷
1251 2507 1366 2541 laicus
1391 2508 1626 2552 coniugatus,
1661 2507 1869 2542 coadunata
1892 2507 2059 2542 fidelium

435 2562 740 2607 congregatione,
781 2562 820 2595 id
852 2563 907 2597 est
937 2563 1092 2597 ecclesia
1124 2564 1342 2605 convocata,
1383 2564 1563 2608 praedicat
1599 2564 1645 2598 de
1676 2563 1791 2597 verbo
1823 2563 1884 2597 dei
1917 2563 1956 2597 et
1985 2562 2058 2597 fide

435 2618 635 2652 christiana
658 2618 925 2662 pontificaliter
947 2619 1132 2652 ban-ausus
1156 2619 1292 2661 lanius,
1323 2630 1407 2653 cuin
1430 2619 1691 2654 benedictione
1717 2619 1764 2653 ad
1788 2619 1970 2663 populum
1992 2629 2060 2663 per

436 2675 581 2719 signum
599 2675 727 2716 crucis,
748 2676 877 2708 contra
893 2674 1184 2718 prohibitionem
1200 2675 1474 2720 imp.Martiani
1490 2675 1527 2709 in
1544 2676 1629 2720 lege
1646 2675 1766 2709 Nemo
1785 2676 1842 2719 [4.]
1862 2674 1996 2710 Codice
2012 2674 2058 2709 de

435 2741 578 2764 summa
605 2730 774 2765 trinitate
805 2731 844 2764 et
875 2730 946 2764 fide
975 2731 1160 2765 catholica
1185 2732 1226 2775 [1.
1246 2731 1294 2776 1.]
1314 2759 1320 2765 .
1341 2734 1398 2766 .“.
1444 2731 1713 2776 Pepericornus
1738 2731 1867 2765 contra
1890 2730 2058 2774 (Defens.

435 2786 665 2830 p.17·23⁴·⁵<1‘1-
685 2786 740 2820 ed.
759 2788 808 2829 n.)
832 2798 906 2821 non
930 2786 1196 2831 pontificaliter
1220 2787 1266 2821 de
1291 2788 1405 2822 verbo
1431 2787 1491 2822 dei
1517 2788 1555 2821 et
1578 2787 1651 2821 fide
1677 2786 1876 2821 christiana
1898 2785 1963 2820 sed
1986 2785 2059 2820 tria

435 2842 553 2876 solum
578 2853 616 2875 se
640 2842 858 2886 praedicasse
884 2842 990 2884 dicit,
1018 2842 1191 2884 „Iudaeos
1216 2842 1263 2876 ad
1286 2843 1432 2878 labores
1455 2854 1502 2878 ne
1527 2853 1676 2877 usuram
1702 2842 1924 2886 acciperent,
1950 2843 1989 2876 et
2011 2841 2058 2876 ad

437 2898 663 2931 audiendum
693 2898 848 2932 verbum
875 2898 950 2941 dei,
990 2899 1027 2933 et
1055 2898 1155 2942 quod
1178 2899 1249 2943 ipsi
1272 2899 1386 2934 libros
1410 2910 1493 2934 suos
1517 2899 1694 2943 pessimos
1717 2897 1851 2932 merito
1875 2908 1949 2932 non
1973 2897 2058 2931 reti-

435 2955 567 2988 nerent
596 2955 702 2988 etc.“.

348 3013 390 3043 30
415 3009 489 3043 nisi
506 3013 589 3052 post
614 3011 769 3054 mortem]
800 3010 903 3044 Hanc
927 3010 1168 3054 suspitionem
1193 3012 1385 3056 apostasiae
1409 3011 1681 3057 baptizatorum
1698 3010 1906 3044 Iudaeorum
1928 3007 2056 3053 praeci—
