2119 3522
280 206 372 253 '298
772 222 879 244 mnnx
902 219 1156 242 BroGRAPfflcvs
1180 219 1222 240 ΕΤ
1247 218 1488 241 ONOMAsrrcvs.

277 341 396 378 hodie
428 337 863 375 Villeclieu-les-Poeles
893 333 1000 383 (ἀέρι
1024 336 1069 370 cle
1097 336 1136 370 la
1159 331 1348 381 Manena)
1381 333 1585 383 adpellato
1618 333 1830 379 oriundus,
1871 333 1984 371 cleri·

278 409 362 441 cus,
387 393 608 432 secundum
624 391 890 429 Trithemium
910 389 1121 435 Minorita,
1145 401 1265 438 quern
1285 401 1321 425 a.
1342 389 1463 427 1274.
1478 389 1681 426 Henricus
1703 389 1988 428 Gandavensis

280 450 347 499 (de
377 447 602 499 scriptorib.
626 447 846 485 ecclesiast.
869 459 903 482 c.
926 443 1010 493 59.)
1042 450 1212 495 postque
1242 444 1351 481 hunc
1381 444 1467 482 fere
1499 458 1636 482 omnes
1665 445 1888 483 Dolensem
1917 459 1986 482 no-

277 507 448 551 minant,
482 505 659 554 Lampus
684 501 734 551 (p.
751 499 869 551 244¹2)
894 506 1029 538 autem
1060 501 1238 537 ‘asinum
1266 500 1625 547 Parrbisiensem’,
1664 502 1706 538 in
1735 501 1989 538 Nor-mannia

279 562 413 599 docuit
453 566 491 598 et
521 565 666 610 praeter
703 559 802 596 alios
833 557 957 595 libros
988 569 1095 594 anno
1121 557 1242 593 1199.
1267 561 1336 593 aut
1359 554 1493 594 1209.ί
1523 556 1804 596 hexametricis
1835 570 1865 595 s.
1886 557 1986 594 Leo>-

276 618 383 655 ninis
421 616 603 654 versibus
641 614 873 665 compilavit
904 612 1182 651 Grammaticae
1211 611 1370 650 Latinae
1410 617 1601 663 quattuor
1634 618 1788 663 partes,
1829 613 1987 650 Doctri-

278 673 387 720 nale,
421 686 514 710 nam
545 672 687 722 incipit

656 758 822 790 Scribere
849 756 1032 789 clericulis
1058 766 1145 798 paro
1171 755 1372 788 doctrinale
1398 755 1551 788 novellis

655 814 837 855 Pluraque
863 813 1050 845 doctorum
1075 812 1225 844 sociabo
1252 813 1390 854 scripta
1415 823 1585 845 meorum.

656 871 805 911 Iamque
831 869 958 911 legent
982 869 1085 910 pueri
1111 879 1174 910 pro
1199 869 1307 910 nugis
1332 868 1575 900 Maximiani²

656 926 744 966 Quae
769 930 912 957 veteres
940 925 1050 956 sociis
1075 924 1250 955 nolebant
1274 924 1432 965 pandere
1460 924 1590 958 charis,

276 1011 325 1047 In
356 1007 533 1047 secundo
563 1006 664 1044 libro
698 1005 939 1042 determinat
971 1004 1019 1042 de
1050 1004 1232 1055 syntaxi,
1264 1005 1308 1040 in
1338 1003 1601 1054 sequentibus
1631 1003 1785 1041 duobus
1809 1003 1858 1041 de
1880 1016 1989 1053 pros-

278 1065 370 1103 odia
402 1070 441 1102 et
469 1064 647 1101 metrica.
709 1060 863 1111 Quanti
893 1073 1020 1111 usque
1051 1060 1103 1097 ad
1131 1060 1321 1098 saeculum
1348 1060 1539 1097 XV1.haec
1566 1059 1812 1105 Alexandri,
1849 1059 1991 1109 ‘Regis

276 1117 600 1165 Bai-ba1·orum'³,
635 1117 911 1168 grammatica,
946 1129 1067 1166 quam
1097 1130 1171 1154 nec
1193 1115 1383 1153 Bebelius
1415 1129 1504 1153 cum
1535 1116 1678 1153 ceteris
1710 1115 1990 1165 grammatistis

277 1177 408 1215 eidem
433 1175 568 1212 infimo
601 1173 733 1211 ordini
764 1173 1000 1222 adscripsit,
1033 1173 1074 1209 in
1106 1172 1252 1210 scholis
1282 1172 1435 1209 Italicis
1467 1177 1507 1209 et
1533 1171 1784 1209 Germanicis
1807 1170 1990 1209 Gallicis-

275 1246 352 1283 que
383 1232 521 1268 habita
552 1231 621 1276 sit,
654 1236 738 1266 tum
767 1242 890 1279 super
920 1242 1007 1265 eam
1036 1229 1195 1279 scriptae
1217 1228 1338 1278 glosae
1360 1228 1746 1278 commentariaque,
1779 1226 1992 1265 maximam

276 1294 431 1339 partem
462 1287 586 1323 multo
618 1285 822 1323 horridius
854 1298 974 1335 quam
1005 1285 1134 1335 ipsum
1155 1284 1392 1321 Doctrinale
1425 1284 1654 1334 compositae
1688 1282 1812 1333 (inter
1841 1297 1940 1334 quas
1969 1297 1991 1320 a

276 1344 460 1382 Iohanne
483 1338 679 1380 Sinthen4
702 1342 827 1379 factas
851 1340 1116 1378 Colonienses
1138 1341 1354 1391 plurimum
1374 1339 1641 1390 tractabant),
1664 1346 1749 1378 turn
1769 1341 1991 1377 innumerae

275 1402 357 1438 sivo
390 1400 512 1437 totius
545 1398 676 1449 operis
706 1398 790 1434 sive
819 1398 993 1447 partium
1022 1398 1063 1434 in
1087 1396 1338 1435 diversarum
1360 1396 1648 1447 discipulorum
1669 1397 1856 1434 classium
1876 1409 1991 1442 usum
2039 1398 2046 1407 '

277 1457 569 1494 destinatarum
602 1454 711 1492 edita
742 1453 925 1503 exempla
958 1453 1256 1499 demonstrant,
1291 1466 1459 1503 quorum
1487 1450 1685 1490 Hainius5
1717 1451 1890 1502 (numm.
1911 1453 1989 1490 662

279 1544 285 1550 .
302 1544 308 1550 .
323 1543 329 1550 .
343 1509 453 1560 767.)
472 1525 594 1562 supra
616 1515 777 1548 centurn
801 1515 895 1547 ante
918 1523 1069 1547 annum
1089 1510 1208 1547 1500.
1227 1509 1433 1559 publicata
1454 1515 1649 1556 recenset,
1672 1510 1778 1547 inter
1798 1521 1888 1559 quae
1908 1522 1990 1546 non

276 1574 486 1606 numerata
512 1572 606 1604 sunt
636 1567 762 1613 ‘Opus
788 1569 910 1603 minus
932 1570 1066 1613 primae
1095 1571 1129 1602 et
1158 1568 1334 1602 secundae
1349 1569 1478 1612 partis
1498 1568 1717 1602 Alexandri
1733 1567 1989 1614 qrammatici'

278 1625 328 1675 (p.
346 1622 448 1660 ‘25820
469 1621 583 1673 31¹³),
618 1623 667 1660 de
689 1635 768 1673 quo
789 1622 914 1659 Hain.
939 1628 998 1659 11⁰.
1023 1623 1114 1660 768.
1134 1634 1210 1671 sq.,
1248 1623 1454 1658 Tractalns
1474 1625 1519 1658 (le
1541 1623 1762 1658 accentibus
1783 1634 1847 1671 ap.
1865 1621 1989 1658 Hain.

276 1686 335 1719 n0.
356 1681 467 1727 770.,
505 1681 634 1717 Oratio
668 1691 838 1727 conqrzca
870 1681 1075 1715 secundum
1107 1684 1262 1715 mentem
1291 1680 1507 1715 Alexandri
1536 1691 1600 1728 ap.
1620 1677 1744 1715 Hain.
1766 1682 1826 1714 n0.
1845 1678 1922 1714 771
1939 1707 1946 1715 .
1961 1706 1989 1714 ..

366 1801 398 1842 1)
417 1802 549 1842 „Anno
572 1801 720 1832 milleno
745 1800 884 1832 duceno
904 1800 1020 1830 minus
1038 1799 1139 1831 uno“
1159 1799 1223 1831 sed
1240 1800 1277 1831 in
1297 1799 1375 1833 cod.
1394 1799 1596 1833 Helmstad.
1615 1809 1741 1832 versus
1759 1800 1813 1832 sic
1830 1802 1991 1831 mutatus

366 1862 436 1890 est:
456 1858 584 1898 „Anno
602 1856 746 1888 milleno
765 1855 1038 1896 ducentenoque
1060 1855 1244 1889 noveno“.
1338 1855 1370 1897 2)
1389 1856 1496 1887 Hunc
1512 1855 1773 1887 Maximianum
1792 1866 1835 1887 ex
1856 1855 1988 1888 ‘Labo-

366 1912 479 1946 rinto'
508 1913 640 1954 colligo
665 1923 735 1944 non
752 1911 895 1943 differre
919 1922 939 1942 a
958 1912 1182 1944 Maximiano
1200 1915 1309 1954 poeta
1328 1914 1494 1944 exeuntis
1513 1912 1640 1944 saeculi
1659 1912 1775 1954 quinti
1790 1911 1864 1952 (2³),
1888 1913 1989 1944 cuius

366 1971 545 2002 obscaenae
565 1969 692 2011 elegiae
710 1968 757 1999 ad
775 1978 839 2000 nos
856 1971 1102 2009 pervenerunt
1119 1967 1181 2008 (cf,
1197 1967 1433 2000 Wernsdorffi
1450 1968 1569 2000 Poett.
1582 1968 1726 2001 minorr.
1744 1968 1846 2009 praef.
1862 1969 1898 1999 in
1912 1969 1989 2000 Ma-

364 2025 590 2065 ximianum),
610 2027 646 2056 et
658 2024 840 2055 Thurotus
859 2033 1000 2064 quoque
1018 2024 1114 2056 infra
1130 2024 1300 2056 laudatus
1318 2023 1571 2065 ‚,Alexander“
1590 2024 1709 2066 inquit
1724 2024 1872 2066 ‚,igitur,
1892 2035 1990 2056 acer-

363 2083 474 2113 rimus
499 2081 729 2122 antiquorum
753 2083 788 2111 et
811 2089 1037 2121 paganorum
1062 2081 1278 2122 scriptorum
1309 2083 1550 2122 contemptor,
1582 2080 1794 2112 Maximiani
1819 2083 1855 2112 et
1882 2083 1988 2112 caete-

364 2148 482 2170 rorum
512 2146 736 2179 paganorum
766 2137 982 2176 scriptorum
1013 2146 1125 2177 opera
1154 2137 1258 2168 novis
1287 2137 1510 2168 carminibus
1542 2136 1672 2168 eiicere
1698 2135 1817 2168 voluit
1840 2146 1921 2176 quae
1945 2136 1988 2167 de

365 2193 569 2235 disciplinis
594 2191 856 2224 ecclesiasticis
881 2192 1018 2232 scripta
1043 2196 1174 2225 essent.
1207 2193 1288 2225 ideo
1307 2192 1520 2224 Doctrinale
1546 2196 1582 2224 et
1599 2192 1806 2225 Ecclesiale
1832 2193 1987 2224 conscri-

365 2250 447 2291 psit,
469 2251 504 2281 et
522 2249 558 2280 in
572 2248 777 2280 Doctrinali
793 2247 974 2289 praecipue
993 2249 1155 2289 reposuit
1173 2259 1217 2280 ea
1236 2248 1332 2290 ‘quae
1350 2249 1460 2280 sociis
1478 2251 1619 2281 veteres
1638 2248 1813 2280 nolebant
1829 2247 1988 2289 pandere

365 2303 491 2343 caris',
518 2303 660 2336 scilicet
684 2303 894 2334 subtiliores
914 2304 1165 2343 grammaticae
1184 2305 1348 2346 regulas,
1375 2314 1483 2345 quas,
1508 2315 1587 2335 cum
1605 2315 1626 2336 a
1644 2305 1788 2336 Donato
1807 2304 1987 2344 abessent,

366 2362 488 2392 forsan
503 2358 702 2391 Alexander
719 2359 873 2400 putabat
891 2369 912 2390 a
930 2360 1110 2391 veteribus
1129 2361 1372 2402 grammaticis
1391 2370 1451 2402 per
1464 2361 1650 2400 invidiam,
1666 2363 1840 2400 tanquam
1855 2370 1988 2391 arcana

367 2415 549 2458 quaedam,
577 2425 656 2446 esse
675 2415 826 2456 profano
845 2414 954 2456 vulgo
972 2416 1169 2456 negatas“.
1218 2416 1383 2448 Eundem
1400 2417 1659 2448 Maximianum
1677 2417 1713 2447 in
1731 2416 1986 2447 Germanicum

368 2472 609 2512 Sclzmossmann
628 2470 814 2510 (Schmotz-
832 2480 859 2502 s.
879 2469 1142 2512 Schmutzmann)
1166 2472 1331 2504 obscaene
1355 2472 1561 2513 loquentem
1585 2473 1882 2504 transformatum
1906 2482 1986 2504 esse

365 2528 503 2570 opinor.
547 2527 831 2559 Grammaticum
852 2526 1129 2568 Maximianum,
1155 2527 1198 2559 de
1215 2538 1282 2570 quo
1303 2539 1359 2570 ap.
1377 2530 1541 2569 Ducang.
1559 2529 1662 2570 praef.
1680 2529 1699 2567 ξ
1717 2539 1783 2568 L1.,
1807 2527 1987 2560 versifica-

365 2589 476 2616 torem
502 2584 615 2615 fuisse
633 2583 828 2614 Fabricius
846 2583 952 2623 (Bibl.
976 2584 1056 2617 Lat.
1077 2583 1169 2618 med.
1189 2594 1254 2616 aev.
1273 2584 1307 2615 h.
1326 2584 1373 2623 v.)
1393 2584 1599 2625 vixisseque
1617 2587 1702 2616 ante
1721 2595 1754 2616 a.
1770 2586 1864 2616 1200.
1882 2584 1986 2622 dicit3

365 2641 444 2672 eius
470 2649 629 2680 „versus
652 2639 688 2669 in
705 2639 900 2681 Virgilium
925 2643 961 2670 et
983 2639 1020 2670 in
1040 2640 1254 2672 Ciceronem
1272 2640 1440 2682 leguntur
1456 2641 1552 2672 inter
1569 2651 1624 2672 XII
1643 2643 1829 2682 poetarum
1845 2639 1985 2672 schola-

366 2696 537 2728 sticorum
564 2695 726 2726 carmina
748 2695 786 2726 in
810 2695 970 2737 antiquis
995 2695 1222 2737 poematibus
1242 2697 1342 2727 Petri
1364 2696 1525 2728 Pithoei:
1552 2699 1588 2728 et
1614 2697 1716 2728 cuius
1740 2695 1897 2738 ‘Elegiae
1923 2706 1985 2728 sex

366 2752 408 2783 de
431 2751 665 2783 incommodis
689 2750 907 2783 senectutis⁷
933 2752 1044 2783 toties
1066 2755 1151 2783 sunt
1175 2752 1282 2783 editae
1300 2753 1364 2784 sub
1382 2752 1478 2784 falso
1494 2752 1656 2784 Cornelii
1671 2752 1784 2792 Galli,
1808 2753 1986 2794 Augustei

365 2807 434 2839 aevi
451 2810 565 2848 poetae
583 2807 726 2839 nomine
746 2831 773 2838 ..
790 2831 796 2838 .
820 2806 992 2838 Eiusdem
1015 2806 1210 2849 ‘Regulam
1232 2809 1438 2848 metricam,
1463 2819 1607 2841 carmen
1629 2809 1672 2840 de
1689 2809 1823 2840 virtute
1842 2811 1878 2839 et
1894 2808 1984 2840 invi-

366 2863 441 2901 dia,
468 2862 510 2893 de
528 2863 601 2902 ira,
627 2863 811 2904 patientia
829 2866 938 2903 atque
958 2862 1128 2895 avaritia'
1147 2867 1322 2896 memorat
1339 2865 1510 2897 Labbeus
1524 2864 1616 2899 Bibl.
1632 2875 1726 2896 nova
1739 2863 1841 2896 MSS.
1857 2875 1891 2905 p.
1905 2863 1985 2896 63.“

365 2918 398 2957 3)
424 2920 462 2948 ut
487 2916 692 2958 adpellatur
721 2919 758 2949 in
783 2918 1003 2958 Quodlibeto
1027 2919 1069 2951 de
1094 2920 1256 2961 generib.
1276 2921 1447 2952 ebriosor.
1468 2931 1526 2962 ap.
1544 2921 1710 2952 Zarncke
1736 2919 1809 2960 (die
1838 2920 1984 2951 deutsch.

369 2974 615 3005 Universz'tei'ten
631 2974 670 3004 im
690 2974 793 3013 MA.)
812 2985 846 3014 p.
864 2975 938 3006 143.
1031 2974 1066 3015 4)
1087 2974 1142 3008 Cf.
1160 2976 1258 3007 infra
1275 2976 1369 3007 hunc
1390 2979 1457 3008 art.
1477 2979 1513 3008 et
1529 2977 1626 3007 Hain
1643 2980 1692 3007 n0.
1708 2976 1984 3008 14759...14765.

366 3029 399 3069 5)
419 3029 579 3068 Quocum
599 3029 644 3062 cf.
664 3029 819 3060 Panzeri
836 3030 927 3062 Ann.
944 3032 1019 3071 typ.
1037 3030 1077 3065 V,
1094 3041 1127 3072 p.
1145 3033 1197 3065 21.
1216 3041 1267 3072 sq.
1288 3032 1329 3063 X.
1348 3043 1384 3073 p.
1403 3033 1456 3066 83.
