2119 3522
271 207 365 251 352
767 220 871 242 mnssx
896 218 1147 240 BIOGRAPfflcvs
1172 218 1213 239 ET
1237 217 1479 240 ONOMASTICvs.

271 346 309 377 et
329 338 443 375 Novo
477 337 580 382 foro,
614 336 654 372 in
685 335 762 371 illis
784 333 930 371 libellis
954 332 1122 370 fortasse
1145 332 1417 369 continentur.
1480 331 1542 371 Cf.
1566 332 1686 369 etiam
1715 345 1803 383 quae
1824 346 1945 383 supra
1957 330 1981 351 ¹²

270 393 562 431 annotavimus.
619 391 684 427 hic
715 390 898 427 addimus
930 388 1141 426 articulum
1171 388 1256 425 Ioa.
1279 387 1538 426 Piemontani
1568 387 1654 428 MS.
1676 387 1858 426 Auci-arii
1888 390 1981 426 scri·

270 456 371 499 ptor.
395 448 488 485 eccl.
510 447 580 484 fol.
606 447 720 483 111³:

272 524 490 555 Laurentius
517 522 687 553 coruinus
712 520 753 553 de
780 531 875 553 nouo
902 521 980 552 foro
1006 521 1157 552 natione
1182 523 1351 552 teutonus
1376 520 1481 552 homo
1506 521 1544 551 in
1569 520 1743 552 bonarum
1763 522 1893 552 artium
1912 521 1978 553 dis-

272 580 413 621 ciplinis
446 578 628 609 studiosus
662 580 697 608 et
734 577 843 618 probe
875 577 1062 608 institutus
1094 577 1242 617 ingenio
1278 576 1418 617 pollens
1451 580 1559 617 atque
1593 575 1737 617 eloquio
1767 576 1983 608 scolasticus

271 635 467 676 Scripsisse
494 634 610 666 fertur
640 632 744 674 plura
770 632 943 673 opuscula
969 632 1013 664 de
1039 632 1169 674 quibus
1196 631 1312 663 adhuc
1336 641 1455 673 pauca
1480 631 1602 663 videre
1628 633 1729 674 potui
1767 633 1879 664 Extat
1903 632 1983 664 eius

270 690 368 721 dialo
398 699 437 720 us

270 747 323 776 De
348 701 462 777 laffiino
487 744 673 786 ydiomate
720 772 723 775 .
943 744 970 775 11
991 743 1005 785 j
1077 744 1168 784 Quis
1192 743 1252 774 hic
1277 742 1456 775 scholaris

269 802 353 833 Alia
380 811 447 842 quc
474 801 619 842 scripsit
645 800 688 831 ad
714 799 909 832 lectionem
934 811 1051 832 meam
1080 799 1236 832 nondum
1261 801 1504 840 pervenerunt
1529 798 1671 830 Claruit
1695 798 1804 829 breue

271 854 347 898 [Ad
370 867 474 897 marg.
499 857 670 888 recentior
694 866 808 887 manus
832 857 1039 897 adscripsit:
1080 855 1255 888 Hortulus
1281 854 1548 896 elegantiarum
1572 853 1598 886 li
1640 854 1646 896 Ι
1687 855 1743 886 De
1768 854 1877 886 laude
1896 853 1983 886 Cra—

269 913 373 944 couie
399 911 456 953 cai
481 909 495 955 ]

360 979 413 1018 12)
435 980 537 1011 Hutt.
557 979 646 1020 Opp.
664 977 732 1010 ΠΙ.
754 989 787 1020 p.
805 979 858 1010 66.
879 978 923 1010 ad
941 989 970 1011 v.
989 985 1032 1012 39.

269 1065 462 1105 CROCVS,
504 1058 750 1105 Richardus,
791 1058 1086 1104 Londinensis,
1129 1057 1296 1096 Grocini
1337 1058 1575 1109 discipuIUS,
1616 1057 1784 1095 Parisiis
1815 1058 1985 1108 primum

271 1114 322 1163 (p.
340 1112 455 1164 53³²),
496 1114 562 1151 ubi
603 1115 708 1152 inter
745 1115 844 1153 alios
878 1115 1175 1166 Hieronymum
1212 1114 1463 1152 Aleandruin
1503 1119 1790 1164 praeceptorem
1827 1113 1981 1160 habuit,

270 1170 430 1208 Graecas
468 1171 621 1208 litteras
661 1171 809 1208 docuit.
866 1177 951 1208 tum
983 1170 1162 1208 Coloniae
1200 1171 1241 1207 in
1280 1171 1529 1208 matriculam
1567 1170 1844 1207 universitatis
1875 1183 1983 1207 anno

272 1228 390 1264 1515.
411 1226 448 1265 d.
468 1227 533 1264 20.
552 1227 670 1264 Mart.
695 1227 908 1277 inscriptus
941 1233 1000 1264 est
1030 1227 1261 1277 „Magister
1281 1226 1507 1264 Richardus
1536 1239 1649 1264 croce
1676 1226 1858 1276 anglicus
1881 1225 1982 1264 dioc.

267 1282 489 1320 lundenen.
512 1283 715 1333 professor
744 1283 951 1320 literarum
982 1296 1191 1333 grecarum
1222 1284 1368 1320 iuravit
1400 1289 1439 1320 et
1469 1283 1589 1320 solvit
1620 1282 1875 1319 universitati
1896 1288 1982 1319 tan-

267 1336 433 1387 tum-“¹3
466 1339 576 1376 unde
605 1353 686 1376 non
710 1340 821 1389 ploni
845 1339 922 1376 duo
947 1340 1045 1377 anni
1068 1340 1251 1385 fuerunt,
1286 1352 1384 1389 quos
1411 1344 1615 1389 computat
1638 1338 1983 1388 Cocleariligneus

268 1409 300 1440 p.
318 1393 432 1432 27832.
493 1395 587 1432 Mox
609 1395 790 1445 Lipsiam
811 1396 928 1445 petiit
952 1394 1118 1441 Crocus,
1152 1395 1223 1432 sed
1246 1409 1347 1442 non,
1380 1401 1424 1432 ut
1445 1395 1629 1445 plerique
1650 1394 1850 1440 scribunt,
1876 1407 1983 1431 anno

271 1452 409 1497 1514„
444 1451 513 1487 scd
546 1452 713 1488 ineunte
746 1451 922 1496 demum,
957 1458 1000 1488 ut
1030 1451 1210 1497 videtur,
1245 1458 1437 1489 autumno
1467 1451 1730 1499 anni1515.:
1763 1464 1857 1487 nam
1876 1450 1983 1487 Idib.

269 1506 380 1556 Sept.
406 1503 496 1558 [non
520 1510 666 1544 adiecto
696 1520 730 1546 a.
757 1504 893 1557 1515.]
916 1508 1124 1544 Mutianus
1147 1508 1197 1545 ad
1219 1508 1489 1545 Reuchlinum
1510 1505 1710 1556 scripsit²z
1743 1505 1984 1556 „Adeptum

268 1570 305 1599 te
330 1591 339 1599 .
360 1593 366 1600 .
388 1593 395 1600 .
426 1563 567 1613 Nuper
590 1562 739 1600 Crocus
760 1563 983 1600 Britannus
1018 1561 1194 1613 (qualem
1225 1565 1310 1613 ipse
1342 1577 1383 1601 se
1416 1564 1527 1609 facit,
1562 1575 1796 1612 quanquam
1827 1562 1876 1599 ob
1906 1562 1982 1599 lin-

268 1631 355 1668 guae
386 1618 649 1656 mobilitatem
681 1625 719 1656 et
750 1633 879 1656 mores
901 1620 1144 1669 graecanicos
1167 1619 1353 1657 videatur
1375 1632 1460 1657 esse
1484 1619 1699 1669 graeculus,
1734 1631 1828 1655 nam
1848 1618 1981 1656 Theo-

268 1675 409 1712 critum
447 1675 735 1713 iucundissime
772 1676 889 1725 legit,
932 1682 971 1712 et
1009 1689 1097 1712 cum
1129 1676 1257 1726 gratia
1288 1674 1478 1725 balbutit)
1519 1689 1608 1712 cum
1639 1674 1749 1725 apud
1778 1687 1841 1712 me
1872 1675 1982 1725 quie-

266 1737 413 1777 sceret,
456 1737 494 1768 et
526 1730 746 1769 Grocinum
786 1738 825 1769 et
855 1731 1107 1768 Aloandrum
1146 1738 1183 1769 et
1222 1732 1356 1769 nescio
1396 1744 1495 1782 quos
1535 1731 1746 1781 magistros
1783 1730 1981 1776 laudaret,

268 1787 408 1824 deesse
439 1787 515 1824 sibi
548 1788 647 1824 dixit
678 1787 907 1825 hebraicam
938 1788 1163 1834 scientiam,
1199 1801 1318 1839 quam
1348 1789 1455 1825 omni
1476 1788 1541 1825 via
1562 1787 1752 1838 prosequi
1773 1786 1897 1824 vellet
1917 1815 1926 1823 .
1945 1787 1982 1823 .“

266 1843 319 1879 Et
349 1843 528 1880 Perlirus
561 1843 681 1881 etiam
705 1842 756 1891 (p.
773 1849 838 1878 276
852 1842 977 1893 ’ξ’-ΨΦ)
1001 1850 1214 1894 postquam
1246 1844 1426 1881 ‘noviter
1456 1844 1671 1881 advenisse
1701 1843 1866 1880 Petrum
1896 1842 1981 1880 Μο-

266 1899 482 1936 sellanum’
515 1899 688 1946 rettulit,
724 1901 782 1936 ‘et
813 1899 915 1937 alius
948 1906 1006 1937 est
1031 1900 1094 1937 1110
1118 1896 1316 1951 [Lipsiae]‘
1347 1900 1488 1945 adicit,
1525 1900 1612 1950 ‘qui
1639 1899 1739 1949 legit
1766 1899 1808 1936 in
1838 1911 1979 1948 graeco,

265 1960 429 1992 vocatus
460 1955 657 1992 Ricardus
691 1955 839 1993 Crocus
864 1985 871 1993 .
893 1958 914 1993 .’
954 1956 1004 1993 cf.
1027 1969 1061 2001 p.
1080 1962 1346 1992 200.vv.4s...51.
1401 1956 1549 2006 Lipsiae
1573 1954 1846 1993 camerarium
1876 1955 1983 1992 inter

265 2011 364 2047 alios
396 2011 539 2048 multos
572 2012 812 2062 discipulum
842 2011 984 2049 habuit
1015 2012 1182 2058 Crocus,
1216 2018 1260 2050 ut
1290 2013 1359 2050 ille
1390 2010 1498 2063 ipse³
1528 2011 1671 2049 refert:
1712 2024 1821 2060 „ego
1853 2024 1982 2048 annos

266 2073 382 2104 natus
422 2067 660 2114 octodecim,
702 2068 770 2118 qui
808 2068 901 2105 Iesu
941 2067 1089 2105 Christi
1128 2082 1259 2106 annus
1298 2069 1375 2105 fuit
1404 2079 1613 2107 M.D.xvnl.
1637 2067 1908 2117 Erphordiam
1943 2073 1983 2104 et

265 2124 350 2172 ipse
380 2137 442 2161 me
474 2124 643 2169 contuli,
677 2138 765 2161 cum
789 2124 936 2174 Lipsiae
967 2125 1157 2162 vixissem
1187 2125 1305 2162 annis
1337 2125 1536 2175 quinque,
1571 2129 1610 2161 et
1641 2122 1797 2160 duobus
1820 2136 1983 2173 operam

266 2179 467 2216 dedissem
496 2180 672 2217 Ricardo
705 2179 832 2218 Croco
864 2181 1052 2227 Britano,
1096 2181 1165 2231 qui
1203 2182 1353 2231 primus
1393 2181 1586 2231 explicuit
1617 2179 1841 2217 doctrinam
1871 2178 1981 2217 Grae-

266 2247 400 2271 carum
428 2235 636 2272 literarum
666 2238 708 2273 in
741 2235 978 2283 Germania,
1021 2237 1267 2287 fuissemque
1307 2237 1427 2274 etiam
1457 2236 1649 2274 Mezeleri
1684 2241 1725 2273 et
1753 2234 1866 2273 Petri
1895 2235 1980 2272 Mo-

263 2291 392 2328 selani
423 2291 631 2332 audit01·“.
690 2291 812 2329 Hunc
841 2292 1007 2330 Petrum
1038 2292 1197 2330 Schade
1235 2305 1505 2330 successorem
1542 2293 1584 2329 in
1617 2291 1758 2330 Graeca
1789 2291 1982 2329 cathedra

263 2346 404 2383 habuit
436 2346 602 2393 Crocus,
642 2349 710 2397 qui
741 2347 880 2398 Lipsia
919 2362 1027 2386 anno
1052 2349 1171 2386 1517.
1194 2349 1334 2387 relicta
1364 2348 1590 2386 Lovanium
1626 2347 1760 2398 petiit,
1801 2347 1979 2397 indeque

263 2402 306 2438 in
336 2403 509 2452 patriam
539 2401 745 2441 reversus⁴
778 2403 1050 2455 Oantabrigiae
1083 2404 1218 2442 docuit
1248 2405 1379 2455 deque
1408 2404 1666 2455 grammatica
1688 2402 1831 2441 Graeca
1860 2404 1980 2441 etiam

263 2458 420 2509 scriptis
450 2457 555 2497 bene
585 2460 742 2498 meruit.
800 2465 978 2498 mortuus
1011 2466 1069 2498 est
1100 2474 1207 2498 anno
1243 2459 1388 2498 1530.⁵
1445 2460 1560 2498 Inter
1588 2459 1890 2498 Reuchlinistas
1921 2465 1981 2497 est

266 2514 482 2553 ‘Ricardus
516 2514 697 2564 Crocus’,
738 2521 778 2554 et
817 2522 926 2555 extat
965 2517 1050 2555 eius
1088 2517 1140 2554 ad
1169 2517 1442 2555 Reuchlinum
1471 2516 1638 2567 Lipsiae,
1671 2515 1784 2553 nullo
1815 2515 1980 2566 quidem

353 2660 385 2697 1)
404 2660 439 2693 C.
460 2660 580 2701 Krafft
597 2660 634 2691 in
653 2660 782 2692 Ztsclzr.
798 2661 826 2700 f.
843 2672 978 2702 preuss.
994 2662 1111 2696 Gesclz.
1129 2673 1158 2694 v.
1173 2662 1310 2693 Hassel.
1336 2663 1367 2695 5.
1383 2660 1509 2702 Jahrg.
1536 2659 1655 2692 Berlin
1674 2659 1771 2693 1868.
1787 2659 1833 2692 8⁰.
1851 2670 1884 2701 p.
1899 2661 1977 2691 491.

353 2717 386 2754 2)
406 2715 449 2747 ef.
470 2726 578 2757 supra
597 2727 630 2758 p.
648 2717 720 2751 138.
770 2716 904 2758 Consp.
924 2717 1082 2749 chronol.
1103 2718 1147 2749 ad
1172 2718 1202 2749 d.
1223 2719 1274 2750 13.
1295 2717 1394 2759 Sept.
1414 2728 1446 2748 a.
1463 2718 1561 2748 1515.
1653 2714 1687 2756 3)
1704 2716 1742 2747 in
1758 2716 1976 2748 Narratione

351 2771 393 2802 de
418 2771 463 2801 H.
482 2771 571 2804 Eob.
590 2772 716 2804 Hesso.
750 2774 910 2806 Norimb.
931 2775 1027 2806 1553.
1052 2774 1099 2808 8⁰.
1122 2785 1205 2816 pag.
1226 2773 1288 2806 ΒΘ.
1418 2773 1453 2813 4)
1477 2772 1523 2805 cf.
1540 2772 1644 2804 Hutt.
1663 2771 1754 2813 Opp.
1773 2771 1801 2803 Ι.
1825 2782 1859 2813 p.
1879 2771 1977 2804 221⁶.

351 2826 384 2865 5)
403 2826 449 2857 cf.
467 2826 613 2862 Fabric,
632 2828 726 2859 Bibl.
745 2829 826 2863 Lat.
845 2840 889 2863 m,
909 2840 939 2862 e.
959 2830 981 2861 i.
999 2832 1056 2861 aet.
1076 2830 1137 2864 VI.
1161 2841 1194 2872 p.
1208 2831 1283 2861 215.
1302 2839 1380 2871 sqq.
1427 2829 1453 2862 Ι.
1471 2827 1513 2860 G.
1529 2827 1673 2859 Bohmii
1697 2827 1975 2876 dqlitteratura

352 2882 452 2924 Lips.
468 2882 758 2924 opusecfiacadffl
784 2886 882 2927 Lips.
900 2887 996 2918 1779.
1014 2885 1078 2923 8⁰„
1097 2886 1158 2917 ubi
1176 2896 1209 2927 p,
1227 2886 1418 2918 167...186.
1436 2887 1490 2917 est
1505 2885 1560 2916 De
1575 2883 1756 2915 Richardo
1771 2883 1885 2914 Croco
1900 2883 1976 2914 Bri-

352 2940 478 2978 tanno,
518 2938 677 2972 Graecar.
702 2940 857 2973 litterar.
885 2942 922 2972 in
952 2941 1144 2973 academia
1172 2943 1321 2984 Lipsica
1350 2942 1596 2973 instauratore
1626 2939 1900 2980 commentatio,
1940 2941 1975 2971 et

351 3005 384 3035 p.
406 2995 595 3026 191...205.
620 2997 813 3038 repetitum
839 3000 894 3029 est
919 2997 1024 3029 Croci
1057 2998 1256 3030 encomium
1283 2998 1480 3031 academiae
1505 2995 1720 3038 Lipsiensis.
1818 2993 1852 3036 6)
1871 2995 1974 3028 Hutt.

352 3050 675 3091 Opp.1.p.131³0.
