2119 3522
275 214 370 259 600
793 226 1057 249 COMMENTARIVS
1080 225 1127 246 AD
1153 226 1224 247 EPP.
1243 226 1273 247 o.
1291 226 1323 248 v.
1348 225 1426 248 voL.
1445 226 1467 247 1.

273 290 325 321 Pa
353 315 359 320 .
378 288 442 325 53.

327 299 479 386 gprimo
517 339 720 373 offeruntur
745 365 752 371 .
777 364 783 371 .
809 340 845 371 .“
894 335 1031 370 Vocab.
1048 336 1134 369 iun:
1165 335 1365 382 „Primitiaeg
1396 338 1481 370 sunt
1503 336 1622 382 prime
1646 337 1772 380 partes
1795 337 1983 372 fructuum

363 397 432 430 deo
457 394 654 439 offerende.
701 393 796 426 Hinc
822 393 878 426 est
905 391 1006 435 quod
1030 392 1198 426 sacerdos
1227 393 1385 436 primam
1411 392 1560 426 missam
1591 393 1742 427 cantans
1767 393 1902 427 dicitur
1925 404 1983 428 ce-

363 451 508 484 lebrare
534 449 753 494 primitias.“

274 512 290 540 1
316 506 544 549 Halm-amc]
576 506 634 538 An
663 504 824 539 Pccrdazo
851 515 968 548 prope
1001 503 1222 545 Grimmam,
1257 514 1303 537 an
1333 504 1487 543 Prctz‘ccu,
1514 515 1631 548 prope
1656 504 1982 549 Wittenbergam‘?

361 561 459 594 Illud
484 560 563 594 veri
587 560 742 594 similius
759 560 918 594 videtur.

317 617 465 652 saltavit
484 644 490 650 .
510 645 516 649 .
533 644 539 649 .
557 616 642 659 few]
669 615 820 649 desiluit
845 626 889 649 ex
914 615 990 649 alto
1015 626 1083 659 per
1103 615 1316 649 fenestram.

273 677 292 707 Ε.)
319 673 436 716 quasi]
461 673 621 713 bee'nahe,
646 682 768 716 paene3
793 682 867 705 non
891 671 1051 705 multum
1077 670 1197 705 abfuit
1221 673 1311 715 quin
1334 671 1516 716 fregisset.

274 733 303 763 7.
322 740 398 772 sqq.
425 728 627 762 Brunellus
653 727 726 771 etc]
754 727 797 761 cf.
815 738 928 771 supra
950 738 985 771 p.
1006 729 1163 760 50¹⁹·Sqq·

319 784 453 828 doc-uit]
480 794 624 817 sumere
649 782 764 825 iussit,
790 782 980 827 praecepit.

273 844 293 874 9
319 850 362 873 ex
386 839 488 873 domo
512 840 545 873 Ι.
563 839 640 884 Pfi]
667 838 712 873 cf.
734 839 876 874 scih'cet
899 849 1011 883 supra
1034 850 1069 883 p.
1087 842 1130 873 20
1140 841 1178 872 2⁷.

272 973 507 1008 EPISTOLA
525 975 588 1012 35.
619 974 750 1008 LYRA
767 973 1377 1009 BVNTSCHVCHMACHERIVS
1395 956 1675 1010 GVILLEEMO
1694 975 1987 1011 HACKINETO.

272 1068 311 1097 11
338 1064 717 1098 Buntsclmclmzacher
748 1065 803 1098 est
833 1064 896 1108 qui
933 1064 1205 1098 coniurationes
1234 1064 1334 1098 facit.
1389 1064 1547 1106 Quidem
1577 1064 1694 1099 Lucas
1725 1064 1911 1099 Buntscho
1942 1065 1988 1100 de

360 1121 544 1153 wurtzen'
576 1120 614 1153 in
651 1120 777 1153 album
813 1119 915 1154 acad.
934 1120 1056 1154 Viteb.
1078 1130 1108 1153 a.
1129 1123 1224 1154 1508.
1248 1120 1445 1163 inscriptus
1480 1120 1618 1164 legitur
1653 1131 1710 1164 ap.
1736 1119 1988 1155 Forstemann.

360 1187 394 1219 p.
413 1180 465 1209 ⁵25.
514 1175 649 1210 Noster
678 1175 776 1219 Lyra
806 1176 846 1209 B.
865 1177 921 1209 est
950 1175 1165 1209 Parisiensis
1196 1174 1476 1209 Dominicanus:
1511 1175 1661 1209 Parisiis
1691 1176 1867 1220 scriptam
1899 1176 1991 1222 fingi

360 1230 454 1264 hanc
480 1231 676 1275 epistolam
701 1231 870 1275 quamvis
894 1231 975 1275 ipsa
997 1242 1071 1265 non
1097 1231 1212 1272 dicat,
1244 1232 1371 1265 tamen
1396 1231 1478 1275 ipsa
1507 1231 1664 1273 indicat,
1702 1233 1793 1266 item
1818 1231 1863 1266 de
1895 1233 1990 1266 tem-

360 1297 449 1330 pore
477 1297 521 1320 ex
551 1287 595 1321 iis
620 1299 701 1331 quae
732 1287 779 1321 ad
810 1297 976 1331 pugnam
1000 1286 1313 1321 Marinianensem
1345 1289 1383 1321 et-
1413 1287 1459 1321 ad
1489 1298 1626 1321 novam
1651 1287 1802 1332 Speculi
1833 1288 1990 1323 ocularis

362 1342 487 1377 Romae
518 1343 728 1377 faciendam
761 1343 962 1377 editionem
993 1343 1221 1387 pertinentia
1252 1343 1478 1385 scribuntur,
1512 1346 1668 1388 apparet
1691 1344 1785 1378 illud
1809 1344 1847 1378 in
1873 1346 1991 1379 extre-

365 1409 444 1432 mos
470 1399 558 1432 anni
585 1403 680 1433 1515.
698 1410 843 1433 menses
866 1399 1044 1433 incidere.

278 1459 318 1489 13
344 1453 418 1488 Sub
443 1454 512 1488 hoc
539 1453 743 1489 Gufflermo
768 1455 977 1489 Hackineto
1002 1456 1155 1489 fortasse
1181 1456 1298 1490 latere
1325 1455 1553 1490 Guilelmum
1578 1455 1822 1498 Latimerum,
1849 1456 1991 1491 theolo-

363 1522 452 1554 gum
465 1510 664 1555 Anglicum
679 1512 737 1555 (cf.
752 1511 831 1545 Ind.
848 1511 964 1556 biogr.
979 1524 1015 1555 p.
1030 1516 1104 1546 384.
1123 1512 1190 1545 art.
1206 1511 1411 1555 Grocinus>,
1431 1511 1519 1545 olim
1536 1511 1575 1545 in
1592 1513 1756 1546 mentem
1773 1512 1865 1546 mihi
1882 1523 1991 1547 vene-

364 1567 431 1600 rat.
463 1567 542 1600 tum
560 1566 789 1602 Reinholdus
805 1566 928 1609 Pauli,
955 1567 1083 1601 doctus
1101 1578 1224 1601 rerum
1243 1568 1483 1612 Anglicarum
1502 1568 1675 1612 scriptor,
1702 1568 1883 1612 quaerenti
1900 1568 1993 1602 mihi

367 1622 566 1666 rescripsit,
586 1622 869 1657 celeberrimum
886 1624 936 1657 Io.
951 1623 1164 1658 Brexverum
1177 1623 1450 1658 Londinensem
1469 1623 1653 1658 affirmare
1671 1624 1738 1658 sub
1755 1624 1819 1658 illo
1837 1624 1992 1659 distorto

366 1677 515 1711 nomine
545 1678 661 1712 latere
689 1678 916 1713 Guilelmum
942 1679 1131 1723 Blackney
1158 1678 1395 1714 Carmelitam
1421 1680 1484 1723 qui
1509 1679 1669 1714 Henrico
1694 1679 1793 1713 VIII.
1811 1681 1992 1725 regnante

367 1745 441 1768 non
459 1734 655 1768 incelebris
674 1734 832 1769 Scotista
849 1735 929 1769 fuit.
971 1736 1175 1769 erravimus
1200 1736 1374 1779 uterque:
1403 1747 1421 1770 e
1446 1735 1563 1769 nostri
1580 1735 1777 1770 Guillermi
1793 1736 1994 1770 Hackineti

363 1800 521 1833 persona
552 1791 769 1834 conspicuus
800 1792 855 1824 est
886 1790 1091 1825 Guilelmus
1122 1791 1261 1824 Parvus
1292 1791 1368 1825 sive
1402 1791 1529 1833 Parvi,
1561 1791 1812 1836 praedicatorii
1843 1792 1992 1835 ordinis,

366 1845 557 1880 Gallorum
593 1847 673 1891 regi
704 1858 725 1880 a
760 1846 1065 1889 confessionibus,
1103 1846 1309 1881 Reuchlino
1345 1847 1612 1881 infensissimus
1646 1848 1992 1892 (ef.p.'·209³¹-³11⁴1-)‚

365 1901 464 1935 idem
496 1902 559 1945 qui
589 1902 626 1935 in
658 1913 830 1946 processu
864 1902 1018 1936 ‘Contra
1050 1902 1324 1937 Sentimentum
1354 1902 1624 1938 Parrhisiense'
1652 1907 1681 1945 ξ.
1700 1909 1729 1938 1.
1749 1904 1994 1938 ‘Hackinetus

365 1957 527 1991 Petitus’
554 1957 780 2002 appellatur„
808 1958 851 1992 cf.
871 1958 985 1992 eiusd.
1003 1969 1194 2002 processus
1220 1962 1261 2000 ἕξ
1288 1962 1339 1993 18.
1361 1963 1413 1993 32.
1432 1958 1558 2001 (Hutt.
1577 1958 1671 2004 Opp.
1690 1959 1752 1994 VI.
1770 1973 1804 2005 p.
1824 1964 1898 1995 318.
1917 1964 1993 1995 321.

366 2016 464 2054 322.)
496 2013 626 2057 Neque
657 2014 815 2048 nominis
848 2015 999 2058 etymon
1029 2025 1094 2048 nos
1126 2014 1296 2049 dubitare
1329 2014 1433 2049 sinit:
1470 2015 1632 2060 lutek-my
1661 2015 1788 2060 Angl.,
1820 2016 1996 2050 hali-kenez·

366 2069 584 2111 Nem-land,
616 2071 797 2113 haquene'e
822 2070 934 2112 Gall,
968 2072 1128 2105 hac-anca
1154 2070 1275 2115 Hisp.‚
1302 2071 1474 2105 (zcchz'nea
1501 2071 1577 2105 sive
1603 2072 1731 2106 chinea
1756 2071 1837 2106 Ital.
1856 2073 1912 2106 est
1935 2073 1995 2106 εἰη

366 2126 503 2159 lclez’ner
519 2126 694 2169 Kleppcr,
712 2127 768 2160 ein
782 2127 994 2169 pferdchen.
1021 2128 1065 2161 cf.
1084 2127 1178 2161 Dz'ez
1201 2127 1293 2161 WB.
1313 2128 1379 2161 art.
1397 2127 1501 2161 Haca
1517 2127 1543 2160 Ι.
1560 2139 1595 2171 p.
1614 2131 1690 2162 236.
1710 2128 1784 2172 (ed.
1802 2132 1833 2162 3.
1849 2140 1885 2172 p.
1903 2132 1994 2170 234.)

367 2183 403 2215 et
427 2182 513 2216 vide
540 2183 652 2216 etiam
677 2182 868 2217 Wachteri
894 2182 1050 2218 Glossar.
1071 2182 1193 2218 Germ.
1216 2187 1310 2217 1737.
1329 2183 1392 2217 fol.
1410 2184 1477 2217 art.
1494 2183 1600 2218 thck
1626 2185 1767 2228 equus).
1793 2204 1836 2208 —
1868 2184 1995 2229 Ipsum

366 2238 459 2271 illud
486 2237 640 2272 ‘Contra
671 2238 944 2273 Sentimentum
974 2239 1244 2273 Par1·hisiense⁷
1276 2250 1374 2273 nunc
1401 2238 1509 2274 Croto
1541 2239 1799 2284 adscripserim
1825 2242 1837 2283 (
1846 2239 1898 2275 Cf.
1915 2240 1994 2274 Ind.

368 2297 763 2337 scrr.p.8:)‘.n.xv111.)
791 2305 925 2338 easque
950 2295 1095 2329 litteras
1120 2295 1218 2339 regis
1242 2293 1406 2329 Franciae
1431 2295 1635 2339 (Francisci
1658 2295 1706 2339 Ι.)
1732 2307 1821 2339 quas
1845 2295 1995 2340 Peperi-

368 2359 499 2382 cornus
523 2349 598 2382 sive
618 2349 852 2384 Colonienses
876 2351 1000 2394 potius
1021 2350 1188 2395 theologi
1213 2351 1437 2395 evulgarunt
1461 2350 1519 2394 (cf.
1539 2350 1668 2394 Consp.
1687 2351 1849 2385 chronol.
1865 2363 1900 2396 p.
1921 2355 1994 2386 137.

367 2404 455 2448 Apr.
474 2415 504 2438 a.
525 2408 652 2449 1515.)7
679 2406 724 2439 ab
746 2406 810 2440 illo
829 2405 1014 2440 Gulielmo
1031 2405 1155 2440 Petito
1174 2408 1371 2451 conceptas
1389 2417 1466 2440 esse
1486 2417 1558 2451 pro
1584 2408 1684 2441 certo
1709 2406 1995 2442 adfirmaverim.

283 2464 322 2493 14
346 2460 447 2494 theol.
466 2461 675 2505 theoloyiss.]
702 2462 773 2496 Vel
796 2473 840 2496 ex
856 2462 900 2495 iis
918 2473 999 2505 quae
1017 2473 1128 2506 supra
1145 2463 1183 2496 et
1199 2462 1277 2496 Ind.
1294 2463 1411 2507 biogr.
1430 2474 1464 2506 p.
1483 2466 1559 2496 432.
1578 2463 1646 2496 art.
1665 2462 1806 2496 Parvus
1823 2462 1994 2506 diximus,

369 2516 536 2550 videmus
561 2520 719 2560 quantus
742 2518 939 2562 theologus
964 2519 1009 2552 ab
1037 2517 1208 2552 Obscuris
1239 2518 1409 2552 omnibus
1439 2518 1569 2552 haberi
1594 2518 1757 2552 debebat
1779 2518 1997 2553 Parisiensis
2047 2538 2052 2542 -

368 2572 563 2616 inquisitor
586 2573 768 2608 haereticae
793 2575 988 2618 pravitatis
1012 2574 1264 2619 luxuriosique
1288 2573 1468 2609 Ludovici
1490 2574 1568 2608 XII.
1600 2576 1644 2618 (†
1674 2579 1703 2608 1.
1726 2575 1802 2608 Ian.
1828 2585 1858 2608 a.
1880 2577 1996 2618 1515.)

372 2630 504 2672 potens
530 2630 782 2678 confessarius.
828 2629 951 2664 Etiam
975 2630 1148 2664 Erasmus
1174 2642 1258 2664 eum
1285 2631 1423 2664 ‘virum
1448 2641 1626 2675 magnum
1650 2630 1829 2675 inprimis,
1855 2631 1995 2665 theolo-

369 2695 531 2728 gumque
549 2685 735 2727 eximium,
763 2697 890 2720 eorum
907 2686 1089 2720 sodalium
1107 2687 1228 2729 decus,
1256 2697 1347 2730 quos
1364 2686 1614 2721 Dominicales
1631 2686 1834 2731 appellant,
1861 2697 1996 2731 cogno-

370 2742 496 2774 mento
521 2741 800 2785 praedicatores’
827 2742 1015 2786 praedicat.

284 2800 324 2830 16
350 2807 393 2829 esc
417 2797 555 2840 AnyIia
581 2797 625 2831 (Ze
649 2798 782 2842 ᾖσκά]
813 2798 938 2832 Velim
963 2799 1053 2832 scire
1078 2810 1167 2832 num
1192 2798 1288 2832 forte
1313 2798 1458 2832 Petitus
1483 2809 1504 2832 a
1528 2809 1616 2843 rege
1642 2809 1723 2839 suo,
1756 2809 1840 2832 cum
1864 2798 1896 2831 is
1919 2797 1996 2832 Ma-

371 2852 463 2884 riam
487 2852 682 2897 Anglicam
712 2864 865 2888 uxorem
896 2856 1043 2898 peteret
1068 2855 1198 2899 (quam
1223 2854 1330 2888 duxit
1352 2866 1400 2888 m.
1419 2853 1519 2898 Sept.
1537 2865 1568 2888 a.
1589 2856 1717 2898 1514.),
1750 2855 1816 2887 aut
1849 2864 1871 2887 a
1899 2864 1996 2888 novo

373 2918 437 2940 suo
463 2918 550 2951 rege
575 2908 779 2951 Francisco,
806 2912 848 2944 ut
871 2910 1023 2943 viduam
1047 2910 1185 2944 factam
1208 2910 1365 2944 Mariam
1389 2910 1506 2944 frater
1528 2910 1710 2944 Henricus
1734 2909 1834 2944 VIII.
1851 2909 1996 2954 Angliae

373 2973 439 2995 rex
462 2963 499 2995 in
524 2964 801 2998 matrimonium
826 2965 933 3000 daret
957 2966 1123 3009 (ineunte
1149 2977 1181 3000 a.
1203 2968 1322 3009 1515),
1350 2966 1558 3000 Londinum
1582 2966 1713 3000 missus
1736 2966 1859 3000 fuerit.

286 3022 325 3052 19
352 3018 395 3052 cle
412 3019 578 3061 compleas.
597 3021 781 3065 semmam]
801 3020 1026 3065 ‘Complexio
1045 3022 1101 3055 est
1117 3021 1295 3055 natura-lis
1314 3021 1529 3065 dispositio'.
1560 3021 1716 3056 Gemma
1732 3033 1766 3065 g.
1786 3020 1997 3065 ‘sanguinei
