2119 3522
290 198 385 243 678
801 206 1067 231 COMMENTARIVS
1090 205 1137 228 AD
1154 206 1227 228 EPP.
1244 205 1276 228 o.
1292 206 1326 228 v.
1351 205 1428 228 von.
1446 205 1484 227 11.

287 274 373 314 Pag.
393 270 484 307 206-

289 330 331 360 14
355 325 428 360 tale
451 321 696 365 commentum]
723 320 769 354 de
795 329 868 363 quo
892 328 1014 362 supra,
1041 330 1070 352 v.
1087 327 1133 354 24.

289 383 329 414 15
348 378 608 422 practicatum]
634 376 679 410 cf.
698 375 745 410 ad
773 376 861 410 10³⁵.
878 373 915 410 h.
931 373 955 408 1.
974 374 1029 407 est
1045 389 1088 402 =
1105 373 1350 408 artificialiter
1374 372 1436 416 (ad
1461 371 1759 407 mortificandum
1784 372 1998 407 haereticum

377 432 667 475 accommodate)
694 431 950 475 compositum.

288 494 328 525 16
358 489 480 524 Valete
503 500 533 525 r.
551 489 626 533 etc]
652 487 674 521 i.
694 498 725 522 e.
741 486 847 521 Vale.
872 485 1012 520 Datum
1037 486 1106 520 ete.
1147 484 1206 520 Sic
1231 484 1385 519 adiectis
1409 483 1595 518 adverbiis
1620 483 1733 518 etiam
1751 483 1938 518 Huttenus
1961 485 1999 518 in

376 544 480 579 seriis
505 543 671 588 epistolis
693 544 775 578 tum
799 542 855 577 uti
879 541 1032 576 solebat.
1073 540 1257 576 ‘Faustini
1281 540 1543 582 abentewrlich,
1567 539 1740 584 selz'ylich,
1764 539 1930 575 todlich'.
1955 540 2000 574 cf.

378 600 549 635 Diefenb.
568 599 684 634 Gloss.

331 657 451 700 zelose]
478 656 522 690 cf.
541 655 589 690 ad
612 656 702 690 45³¹.

336 712 518 757 Olmuntz]
546 711 619 745 Ubi
642 710 829 745 Huttenus
853 709 1041 753 quondam
1067 710 1269 753 ‘pannosus
1291 709 1329 742 et
1352 707 1546 753 naufragio
1563 707 1768 752 squallens'
1794 707 2000 752 hospitalis-

377 767 467 802 sime
485 767 656 811 receptus
673 767 739 801 est.
764 765 808 800 cf.
826 764 932 800 Hutt.
951 764 1044 809 Opp.
1062 763 1090 799 Ι.
1106 777 1141 809 p.
1159 769 1212 800 23.
1261 763 1515 799 Olomucensis
1539 763 1826 808 praedicatorum
1843 773 2001 798 conven-

380 825 439 857 tus
463 822 663 868 provinciae
688 821 876 856 Bohemiae
901 821 1191 856 adscribebatur.

605 956 841 992 EPISTOLA
869 958 929 994 12.
974 954 1268 990 WILHELMVS
1293 953 1426 988 LAMP
1453 953 1684 989 ORTVINO.

291 1052 330 1082 18
355 1048 516 1092 Lampus
539 1047 677 1092 duplex
694 1047 882 1092 magister,
908 1046 1069 1090 primum
1097 1044 1328 1088 ‘theologiae’
1355 1043 1432 1077 sive
1452 1039 1536 1077 κατ’
1557 1039 1692 1087 ἐξοχὴν
1709 1041 1898 1087 Magister,
1924 1044 2003 1077 tum

379 1104 561 1146 ‘artium'‚
588 1105 630 1137 ut
653 1104 734 1147 ipsa
758 1102 923 1146 epistolae
948 1101 1139 1145 inscriptio
1165 1099 1355 1144 expressit.
1389 1098 1535 1133 Nomen
1551 1098 1712 1143 Lampus
1734 1109 1808 1132 non
1832 1098 2005 1134 inmerito

376 1159 490 1203 gerit:
523 1161 580 1194 est
604 1159 703 1193 enim
726 1157 886 1202 leporini
917 1157 1047 1191 animi:
1081 1157 1220 1199 Lampe
1245 1156 1309 1190 cler
1333 1155 1445 1190 Hase.
1491 1154 1668 1189 Eiusdem
1692 1153 1823 1199 Lampi
1849 1155 1905 1189 est
1929 1155 2004 1200 epi-

377 1215 473 1249 stola
497 1215 632 1257 11.35.,
665 1215 755 1248 item
783 1213 928 1247 ‘datum
954 1213 1130 1247 Romanae
1156 1211 1305 1246 Curiae'.
1352 1211 1470 1245 Huius
1503 1210 1668 1255 epistolae
1701 1210 1862 1244 eundem
1893 1212 2005 1255 atque

379 1269 678 1304 Schlauraffianae
704 1269 833 1312 (11.9.)
859 1270 1050 1303 auctorem
1076 1279 1171 1310 esse,
1197 1267 1423 1309 Huttenum,
1456 1267 1648 1311 utriusque
1673 1266 1772 1301 inter
1796 1277 1834 1301 se
1859 1276 2006 1312 compa-

379 1326 472 1360 ratio
497 1327 625 1371 aperte
651 1325 771 1360 docet.

287 1385 330 1416 27
355 1383 405 1417 (ccl
426 1382 592 1427 Moyunt.
611 1383 686 1427 etc]
712 1382 754 1415 In
779 1380 1022 1415 describendo
1046 1380 1179 1415 itinere
1198 1380 1364 1414 Romano
1389 1390 1461 1413 non
1488 1390 1509 1413 a
1527 1378 1689 1421 Colonia,
1716 1379 1813 1413 unde
1839 1390 2008 1424 egressus

379 1438 532 1483 fingitur
556 1438 735 1483 Lampus,
769 1438 833 1472 sed
859 1447 881 1471 a
904 1435 1100 1481 Moguntia
1129 1435 1278 1480 incipit,
1312 1436 1349 1470 et
1379 1435 1505 1469 statim
1537 1434 1582 1469 de
1607 1434 1871 1469 Reuchlim'stis
1900 1435 2008 1470 sociis

377 1495 414 1528 in
439 1494 600 1538 hospitio
626 1505 769 1529 coronae
795 1492 995 1528 convenire
1019 1492 1147 1534 solitis,
1174 1502 1265 1535 quos
1292 1502 1336 1525 ex
1362 1490 1654 1525 Schlauraffiano
1679 1490 1842 1525 carmine
1867 1493 1916 1535 (p.
1931 1495 2006 1526 203.

378 1562 436 1583 vv.
453 1553 527 1584 160.
545 1551 636 1593 sqq.)
662 1549 843 1590 novimus,
870 1559 1035 1592 quosque
1053 1547 1149 1581 infra
1174 1548 1222 1591 (p.
1242 1551 1317 1581 272.
1331 1558 1382 1591 sq.
1401 1546 1445 1581 cf.
1462 1558 1498 1591 p.
1517 1546 1721 1590 20727-sq11·),
1741 1546 1877 1580 iterum
1895 1545 2007 1580 offen·

379 1605 518 1647 demus,
545 1605 668 1640 refert.
717 1605 800 1650 Ipse
826 1605 1014 1639 Huttenus
1039 1614 1123 1638 cum
1148 1605 1326 1637 autumno
1358 1602 1445 1636 anni
1472 1606 1567 1637 1515.
1593 1602 1765 1636 Italicum
1795 1602 1868 1637 iter
1899 1602 2008 1636 susci-

377 1663 494 1705 peret,
521 1672 566 1695 cx
591 1661 858 1705 Steckelberga
881 1659 1113 1704 Mogimtiam
1139 1660 1304 1701 venerat,
1331 1658 1429 1692 unde
1455 1657 1588 1702 incipit
1610 1657 1873 1692 narrationem.

288 1723 330 1752 32
356 1718 420 1761 qui
446 1717 538 1751 nillil
561 1718 638 1751 hab.
657 1718 774 1761 affere]
808 1717 867 1751 (lic
897 1716 1015 1750 nichts
1038 1726 1084 1750 22⁶
1112 1716 1204 1749 theon
1228 1715 1351 1749 haben.
1400 1713 1506 1748 Ovid.
1524 1715 1611 1748 met.
1629 1726 1675 1748 1v.
1693 1717 1768 1748 414.
1789 1725 1841 1758 sq.
1868 1740 1929 1756 ,‚..
1954 1714 2008 1748 lu-

379 1784 533 1817 cemque
559 1784 699 1817 perosae
723 1772 842 1807 Nocte
868 1771 1012 1814 volant,
1039 1782 1194 1815 seroque
1221 1771 1375 1805 trahunt
1399 1781 1421 1804 a
1445 1780 1598 1814 vespere
1623 1772 1800 1804 nomen“.

289 1833 331 1864 34
357 1829 527 1873 αῖῖἰῃαυί]
559 1828 660 1863 idem
692 1827 790 1872 quod
825 1827 1033 1872 ‘allegavi'.
1083 1827 1134 1861 Cf.
1159 1826 1329 1861 Diefenb.
1356 1825 1514 1860 Glossar.
1539 1826 1623 1860 artt.
1642 1825 1788 1868 Aliare,
1821 1825 2008 1871 Allegare,

382 1885 557 1930 Alligare.
1465 1878 1484 1884 ψ

336 1941 465 1975 Flores
489 1942 618 1985 Ieyzcm]
644 1940 815 1975 libellum
841 1940 969 1974 ordine
996 1939 1234 1983 alphabetico
1261 1938 1520 1986 ‘auctoritates
1549 1938 1639 1972 iuris
1670 1938 1790 1972 civilis
1813 1949 1897 1972 cum
1921 1938 2008 1973 alle—

379 1997 610 2042 gationibus’
637 1997 901 2031 continentem.
933 1996 977 2030 cf.
996 1995 1074 2029 Ind.
1092 1995 1209 2040 biogr.
1227 2007 1262 2039 p.
1281 1998 1356 2029 371.
1375 1994 1442 2029 art.
1460 1993 1586 2028 Flores
1609 1994 1746 2038 legum.

290 2057 376 2097 Pag.
396 2055 488 2091 207.

290 2115 309 2143 3
336 2121 452 2153 mmor
471 2136 478 2143 .
494 2137 501 2144 .
517 2136 524 2143 .
542 2109 699 2153 scamno]
726 2108 776 2142 Ut
800 2108 960 2143 relatum
987 2108 1042 2142 est
1066 2107 1112 2142 ab
1138 2107 1217 2152 ipso
1242 2117 1415 2151 percusso
1442 2104 1669 2140 Schlauraffo
1697 2118 1732 2150 p.
1750 2110 1825 2142 203.
1845 2120 1872 2140 v.
1895 2117 1949 2141 164.

291 2169 312 2199 5
338 2165 401 2209 qui
424 2165 507 2199 vad.
528 2192 558 2199 ..
578 2165 629 2199 ad
654 2165 823 2209 mensam]
853 2164 885 2198 T
886 2164 1201 2207 ischabonnenten,
1228 2160 1464 2205 σύνδειπνοι,
1491 2173 1780 2206 compransores.

291 2225 311 2255 6
335 2221 480 2264 spados]
507 2220 551 2255 cf.
569 2221 616 2255 ad
635 2222 723 2255 72¹³.

340 2276 473 2321 Comes]
501 2276 676 2318 Quamvis
700 2277 759 2311 hic
785 2288 907 2311 comes
932 2276 1020 2310 satis
1045 2275 1231 2316 distincte,
1257 2275 1299 2309 ut
1324 2273 1482 2316 videtur,
1510 2274 1752 2316 describatur,
1779 2275 1904 2309 tamen
1929 2276 2011 2319 quis

382 2333 510 2373 fuerit,
544 2332 664 2366 adhuc
695 2343 767 2367 non
798 2332 933 2366 inveni.
982 2331 1094 2376 Apud
1125 2330 1273 2366 Ioannis
1304 2341 1372 2364 rer.
1396 2329 1663 2374 Moguntiacar.
1690 2330 1751 2363 ΙΙΙ.
1775 2341 1811 2373 p.
1834 2334 1910 2365 820.
1933 2335 2009 2366 825.

382 2391 457 2422 827.
481 2389 735 2422 memorantur
764 2388 1000 2422 Eberhardus
1032 2387 1077 2421 de
1109 2386 1329 2430 Konigstein
1361 2386 1426 2428 (cf.
1450 2384 1529 2418 Ind.
1554 2385 1671 2430 biogr.
1696 2397 1732 2429 p.
1756 2390 1831 2420 403.
1855 2386 1888 2420 h.
1914 2388 2008 2430 art),

386 2443 605 2477 Wilhehnus
630 2454 751 2478 comes
776 2443 821 2477 de
846 2443 1088 2487 Henneberg,
1116 2442 1323 2476 Ioachimus
1348 2452 1471 2476 comes
1495 2440 1541 2475 de
1569 2440 1771 2486 Oeffingen,
1798 2442 1896 2476 inter
1919 2453 2010 2486 quos

384 2500 537 2533 fortasse
562 2500 688 2533 noster
711 2499 817 2544 gigas
841 2499 906 2533 est.

294 2560 312 2589 7
337 2555 484 2600 accipit]
513 2555 651 2598 niwnmt,
674 2555 772 2598 fasst,
797 2555 1089 2599 comprehendit.

294 2616 313 2645 9
337 2612 431 2646 sicat
454 2612 576 2656 yiqas]
603 2611 625 2645 i.
644 2622 673 2645 e.
691 2611 815 2646 habet.
841 2612 954 2646 tantae
984 2610 1231 2656 longitudinis
1256 2610 1404 2654 quantae
1429 2609 1644 2654 gigantum,
1671 2609 1811 2655 Lampo
1837 2611 1875 2645 et
1904 2611 2011 2645 nobis

384 2678 429 2701 ex
453 2667 589 2701 fabulis
613 2667 709 2702 bene
734 2669 918 2709 notorum,
945 2666 1061 2712 gladii
1087 2677 1164 2701 esse
1191 2667 1321 2701 solent.

298 2726 337 2757 12
361 2733 551 2758 assessores
570 2750 578 2758 .
593 2750 599 2757 .
615 2750 622 2757 .
643 2724 800 2768 camerae]
828 2723 1011 2757 Iudicium
1028 2733 1183 2758 camerae
1207 2722 1411 2767 imperialis
1429 2722 1462 2756 d.
1482 2726 1510 2756 7.
1529 2722 1623 2767 Aug.
1642 2734 1672 2756 a.
1694 2726 1788 2758 1495.
1807 2722 2009 2765 eonditum,

384 2790 457 2813 non
482 2778 725 2821 Francosurti,
751 2781 793 2814 ut
817 2779 862 2814 ab
887 2779 994 2814 initio
1020 2779 1264 2813 constitutum
1288 2778 1421 2820 fuerat,
1448 2777 1512 2812 sed
1537 2789 1653 2822 usque
1679 2777 1726 2812 ad
1751 2789 1887 2812 annum
1915 2781 2010 2813 1527.

384 2833 544 2869 maxime
568 2835 607 2869 in
630 2835 736 2877 locis,
769 2836 833 2869 ubi
858 2846 942 2869 cum
968 2835 1053 2869 aula
1076 2835 1280 2879 imperator
1309 2829 1512 2877 residebat,
1543 2834 1768 2875 habebatur,
1795 2833 2011 2868 Worniatiae

322 2898 326 2899 ⁷
386 2890 431 2930 (a.
452 2892 581 2933 1516),
607 2891 737 2935 Spirae,
766 2891 1040 2936 Norimbergae,
1065 2891 1289 2933 Ratisbonae,
1314 2890 1492 2935 Esslingae
1517 2891 1604 2932 etc.3
1636 2889 1723 2924 inde
1749 2889 1794 2923 ab
1824 2889 1889 2923 illo
1914 2900 2010 2924 anno

387 2956 500 2987 usque
526 2946 573 2980 ad
599 2958 628 2981 a.
650 2951 745 2982 1688.
777 2947 891 2992 Spirae
918 2947 1014 2992 (lege
1040 2958 1135 2981 anno
1163 2949 1259 2982 1530.
1275 2946 1366 2990 lata)
1391 2945 1537 2988 habuit,
1564 2957 1637 2990 quo
1662 2956 1776 2987 anno,
1804 2956 1887 2979 cum
1913 2944 2010 2979 Galli

388 3000 532 3044 Spiram
570 3003 850 3045 destruxissent,
887 3003 1030 3037 incerta
1065 3002 1187 3037 denuo
1222 3003 1322 3037 sacta
1357 3002 1413 3037 est
1446 3002 1574 3036 iudicii
1610 3001 1732 3043 sedes,
1770 3011 1886 3045 usque
1921 3000 2009 3034 dum
