2119 3522
143 246 214 267 EPP.
228 244 270 268 47.
284 243 326 268 48.
345 235 432 277 (APP.
447 243 472 268 6.
486 235 526 277 7.)
551 246 663 268 WEND.
680 245 945 268 PANm'rousoms
962 245 1120 269 on'rvmo,
1138 253 1182 258 -—
1197 244 1438 268 nocns‘rRA'rvs
1453 244 1612 268 on'rvmo.
1717 226 1811 272 641

98 303 184 345 Pag.
205 302 267 338 74.
1218 302 1306 345 Pag.
1320 303 1373 334 74.
1391 313 1421 334 v.
1436 309 1468 334 23
1486 327 1494 335 .
1509 327 1516 334 .
1531 327 1538 334 .
1555 302 1641 343 Pag.
1655 303 1708 334 75.
1726 313 1757 334 v.
1772 310 1813 334 16.

186 357 322 390 stratus
346 356 494 392 felicem
519 356 715 391 Ortvinum
739 356 824 391 laete
850 356 1010 392 Coloniae
1034 358 1120 391 vitae
1144 355 1376 391 iucunditate
1400 356 1655 400 perfruentem
1681 355 1814 390 ‘vitam

186 411 352 447 trahere’
379 412 481 447 dicit.

97 471 140 502 30
163 468 206 502 in
231 468 322 502 dom.
348 469 424 513 eta]
465 467 553 502 Haec
577 478 651 502 una
676 467 834 512 epistola
857 468 1144 514 theologicalem
1168 468 1355 503 salutandi
1378 468 1575 503 formulam
1599 468 1730 503 habet:
1756 479 1814 504 ce-

186 525 274 558 19139
305 534 433 558 01111193
463 524 529 557 aut
557 523 744 568 simplices
775 525 840 558 aut
870 524 1104 569 magistrales
1134 524 1212 558 sive
1248 523 1467 568 poeticales‚
1498 524 1580 558 aliae
1611 524 1815 559 secundum

186 580 363 622 veterem,
391 579 471 614 ah‘ae
496 579 699 614 secundum
724 590 859 614 novam
877 580 1160 625 grammaticam
1184 581 1381 624 conceptas
1399 579 1640 614 salutationes
1663 580 1814 615 habent.

96 639 136 669 31
163 635 355 680 ruriculis]
387 636 492 680 quasi
516 636 654 670 nomin.
673 637 769 670 esset
792 636 990 679 ruriculus,
1022 636 1182 670 mricola
1206 635 1307 680 apud
1330 634 1481 670 Latinos
1504 647 1579 670 non
1603 637 1673 671 nisi
1697 638 1814 681 poeti-

186 702 270 725 cum
300 691 456 726 verbum
488 692 553 726 est.
594 691 659 726 sed
688 691 766 726 haec
799 691 958 736 epistola
987 702 1134 735 quoque
1164 702 1237 726 non
1262 691 1381 725 solum
1405 692 1588 736 principio
1613 692 1678 726 sed
1702 692 1816 727 etiam

187 774 194 781 .
213 774 220 781 .
239 747 341 781 ‘hinc
365 747 470 782 inde’
496 758 677 792 perquam
701 747 850 791 poetica
874 748 946 789 est,
972 758 1046 781 non
1072 750 1156 791 ‘per
1179 748 1332 789 totum',
1358 749 1400 781 ut
1421 758 1451 782 e.
1469 760 1523 792 gr.
1540 748 1638 782 nude
1663 747 1814 782 Germa-

185 803 276 837 nicae
300 814 418 847 prosae
444 804 500 838 est
526 813 683 846 sequens

97 863 138 893 32
164 859 272 893 litera
292 886 321 893 ..
337 886 344 894 .
366 859 508 904 misist.]
533 859 668 894 litterae
691 859 765 893 tuae
790 869 910 902 nuper
932 858 1024 892 mihi
1047 858 1183 902 (adhuc
1199 858 1326 894 Romae
1350 859 1521 901 moranti)
1540 860 1694 895 redditae
1719 863 1815 896 sunt.

95 919 138 949 33
161 918 251 949 tunc
269 941 276 948 .
293 942 299 949 .
315 942 322 950 .
340 915 481 959 fleviss]
499 915 604 949 tanto
622 914 806 948 desiderio
828 914 964 949 litterae
986 915 1060 948 tuae
1084 915 1249 948 animum
1266 926 1392 949 meum
1409 916 1670 960 expleverunt,
1695 918 1738 951 ut
1754 918 1815 951 vix

184 970 372 1004 lachrimis
389 972 671 1015 temperassem3
699 970 750 1004 (Za
763 981 840 1005 war
853 971 912 1005 ich
923 980 960 1004 so
974 969 1084 1004 voller
1097 969 1264 1013 Frende,
1287 970 1365 1014 dass
1380 971 1437 1005 ich
1452 981 1537 1015 yern
1555 971 1693 1015 yelzcult
1707 973 1815 1007 lzr'itte.

95 1030 138 1061 35
163 1027 326 1071 quamas]
355 1026 485 1072 Quart.
526 1026 666 1069 Quarta
691 1025 918 1061 Coloniensis
949 1026 1147 1070 (quattuor
1171 1025 1377 1070 Schoppen)
1403 1026 1480 1061 fere
1505 1027 1648 1061 duabus
1672 1027 1815 1073 lagenis

186 1082 402 1125 (Flaschem
427 1083 666 1125 Routemew),
691 1081 820 1125 quales
843 1093 941 1116 nunc
965 1081 1003 1115 111
1027 1094 1096 1116 usu
1120 1081 1316 1126 habemus,
1343 1083 1494 1126 aequalis
1517 1082 1598 1117 fuit.

97 1142 139 1173 36
164 1139 303 1183 vinum]
329 1139 418 1173 vini.

139 1195 181 1229 in
206 1195 335 1239 assere]
365 1195 558 1238 Bretspz'cl.

93 1253 183 1294 Pag.
203 1252 266 1289 75.

95 1310 117 1340 4
140 1307 360 1351 spiratione]
392 1307 653 1352 inspiratione,
686 1308 708 1342 i.
727 1319 761 1352 q.
778 1308 958 1342 biblicum
988 1308 1219 1353 ‘spiraculo’.
1267 1307 1565 1352 Theologicalius
1591 1311 1647 1344 est
1671 1310 1815 1345 ‘divina

183 1362 402 1407 spiratione’
430 1374 541 1407 quam
557 1363 652 1397 illud
674 1366 775 1398 ‘cum
792 1364 976 1399 adiutorio
995 1364 1073 1399 dei’
1092 1366 1182 1398 26¹⁹.
1199 1367 1241 1397 42
1250 1364 1274 1398 ².
1292 1363 1352 1398 vel
1369 1364 1526 1408 simplex
1545 1364 1625 1400 ‘deo
1644 1367 1813 1410 gratias'.

93 1423 114 1453 5
138 1429 250 1453 causa
268 1445 276 1452 .
290 1446 298 1454 .
313 1446 321 1453 .
341 1419 507 1463 adversa]
534 1418 579 1453 cf.
597 1419 644 1453 ad
661 1431 696 1464 p.
715 1423 757 1454 74
766 1420 795 1442 2⁰
812 1421 850 1454 et
869 1424 908 1454 19
921 1421 956 1455 ¹⁰.

93 1479 114 1510 8
138 1475 332 1520 curtzscmi]
358 1474 394 1509 h.
410 1474 435 1509 l.
453 1485 580 1509 omnes
604 1477 691 1509 sunt
715 1476 824 1510 curiae
849 1475 1024 1510 Romanae
1050 1475 1244 1518 officiales,
1276 1476 1463 1510 curialeve
1492 1488 1626 1510 munus
1651 1478 1814 1513 ambien-

183 1532 255 1574 tes,
281 1530 484 1566 candidati.

95 1590 134 1621 12
158 1587 350 1632 Erasmus]
376 1587 537 1622 Aliunde
564 1589 602 1622 et
626 1599 670 1622 ex
694 1588 809 1632 ipsius
832 1587 975 1623 Erasmi
999 1588 1287 1632 Hochstratique
1314 1588 1479 1632 epistolis
1505 1590 1543 1623 et
1569 1600 1612 1623 ex
1637 1590 1813 1636 Agrippae

184 1643 341 1687 epistola
371 1636 483 1688 supra
512 1644 645 1688 saepius
676 1644 714 1678 in
742 1644 999 1678 testimonium
1029 1644 1212 1679 advocata
1243 1645 1332 1679 satis
1363 1646 1507 1679 constat
1538 1646 1576 1680 et
1599 1645 1814 1681 Hochstrati

183 1710 267 1734 cum
283 1699 435 1734 Erasmo
459 1699 582 1745 litigia
605 1700 850 1735 contrahendi
874 1700 1188 1744 conflictandique
1213 1700 1424 1743 inclinatio,
1452 1702 1490 1735 et
1510 1701 1619 1736 huius
1646 1713 1704 1736 ars
1729 1713 1812 1737 eva-

182 1755 296 1790 dendi
311 1755 504 1790 illiberalis
520 1756 761 1800 procacisque
779 1756 1008 1800 inquisitoris
1031 1767 1172 1790 manus.
1220 1756 1263 1789 In
1279 1756 1467 1801 plerisque
1485 1757 1578 1800 fere,
1605 1769 1679 1793 non
1697 1760 1812 1793 omni-

182 1812 267 1855 bus,
293 1812 437 1846 casibus
459 1811 633 1846 Erasmus
656 1812 750 1846 fflud
775 1811 960 1847 Ciceronis
985 1812 1162 1856 (Lae1.24‚
1181 1813 1245 1856 88.)
1270 1812 1366 1847 bene
1391 1813 1631 1848 observabat:
1664 1817 1752 1857 „est
1777 1841 1785 1848 .
1803 1842 1811 1850 .

181 1868 304 1902 varius
329 1869 368 1902 et
390 1867 588 1913 multiplex
611 1880 697 1902 usus
715 1868 903 1911 amicitiae,
929 1869 1130 1913 multaeque
1149 1879 1266 1903 causae
1289 1868 1535 1913 suspitionum
1553 1869 1811 1905 offensionum-

181 1935 253 1968 que
279 1924 429 1967 dantur,
456 1936 538 1968 quae
562 1926 643 1959 tum
668 1926 826 1967 evitare,
851 1926 933 1959 tum
959 1925 1122 1967 elevare,
1149 1926 1229 1958 tum
1254 1924 1349 1958 ferre
1375 1925 1553 1969 sapientis
1578 1927 1674 1961 est“.

93 1984 134 2014 14
158 1981 201 2015 in
223 2007 231 2016 .
246 2008 253 2014 .
268 2008 276 2016 .
298 1981 479 2025 tractatu]
510 1980 637 2015 Moriae
669 1981 878 2015 encomium
908 1981 1070 2025 primum
1094 1981 1284 2025 prodierat
1315 1980 1585 2026 „Argentorati
1609 1982 1646 2015 in
1672 1983 1811 2018 aedibus

180 2036 348 2071 Matthiae
373 2036 560 2072 Schurerii
584 2048 699 2071 mens.
716 2037 873 2082 August.
890 2037 1076 2071 mnx1.4⁰.“
1102 2036 1167 2071 sed
1191 2047 1287 2080 saepe
1319 2047 1386 2080 per
1417 2039 1614 2081 sequentes
1645 2039 1810 2084 quinque

181 2103 296 2127 annos
319 2093 522 2137 repetitum
549 2094 638 2127 erat.
679 2093 724 2127 cf.
740 2092 893 2127 Panzer.
910 2093 1005 2127 Ann.
1022 2094 1100 2138 typ.
1117 2093 1161 2127 X.
1179 2104 1213 2137 p.
1232 2096 1307 2127 326.
1333 2092 1428 2126 Vide
1452 2093 1550 2127 infra
1571 2105 1607 2138 p.
1625 2096 1738 2130 ‘26314-
1750 2103 1808 2125 sqq-

180 2148 249 2183 Die
267 2153 321 2184 ⁶26.
338 2149 417 2183 Iun.
436 2160 467 2183 a.
483 2153 580 2184 1517.
596 2148 895 2183 Pirckheimerus
912 2148 1079 2183 Hutteno
1096 2148 1243 2192 scripsit
1260 2148 1377 2191 (Hutt.
1393 2148 1486 2193 Opp.
1504 2149 1530 2183 I.
1548 2161 1584 2194 p.
1599 2153 1687 2193 137.)
1703 2151 1809 2186 Eras-

180 2217 261 2239 mus
278 2205 493 2250 Antverpiae
518 2206 590 2247 est-3
617 2205 736 2239 edidit
758 2204 834 2238 iam
859 2205 1127 2239 commentaria
1143 2217 1254 2249 super
1269 2204 1378 2239 Pauli
1395 2205 1587 2249 epistolas,
1613 2218 1694 2250 quae
1711 2219 1809 2242 nunc

180 2261 334 2296 Basileae
358 2261 624 2306 imprimuntur
646 2289 654 2296 .
669 2288 677 2296 .
693 2288 701 2296 .
723 2271 860 2305 magno
885 2261 1008 2295 animo
1034 2271 1248 2296 susurrones
1272 2261 1371 2302 11103,
1402 2261 1466 2304 qui
1491 2262 1659 2304 quotidie
1685 2264 1719 2297 ei
1743 2264 1809 2297 mi-

180 2318 333 2359 nantur,
358 2318 580 2360 contemnit,
606 2317 719 2351 immo
737 2316 894 2351 deridet.
933 2317 1033 2351 haud
1051 2316 1161 2351 credo
1178 2317 1383 2352 nebulones
1399 2317 1541 2361 aliquid
1559 2319 1688 2354 contra
1702 2319 1809 2353 illum

181 2384 357 2408 ausuros:
376 2373 449 2408 iam
476 2374 574 2407 enim
599 2374 822 2408 temeritatis
846 2384 920 2407 suae
944 2383 1094 2418 poenam
1119 2373 1273 2416 dedere,
1307 2375 1345 2408 et
1367 2373 1430 2407 ille
1457 2373 1628 2408 aculeum
1651 2374 1807 2409 habet“.

134 2430 210 2464 iam
233 2457 240 2464 .
262 2457 269 2464 .
289 2457 297 2464 .
320 2430 520 2475 theoloyice]
552 2429 679 2464 Mense
712 2429 914 2464 Februario
940 2440 972 2463 a.
991 2433 1087 2464 1516.
1105 2429 1245 2474 prodiit
1267 2429 1416 2464 Novum
1445 2430 1711 2465 testamentum
1743 2431 1808 2475 (cf.

180 2486 285 2520 Hutt.
300 2485 395 2531 Opp.
408 2486 435 2521 I.
448 2498 484 2531 p.
500 2488 589 2531 103.)
607 2488 645 2521 et
662 2487 707 2521 ab
726 2497 757 2520 a.
773 2489 869 2520 1516.
887 2496 1002 2530 usque
1021 2485 1068 2520 ad
1086 2496 1116 2519 a.
1135 2489 1230 2520 1518.
1247 2485 1468 2529 prodierunt
1485 2485 1704 2530 Hieronymi
1721 2497 1807 2531 ope-

180 2554 262 2576 rum
285 2543 378 2577 tomi
396 2542 458 2576 IX.
483 2542 528 2576 cf.
545 2541 687 2576 Panzer
706 2542 768 2577 VI.
785 2554 821 2587 p.
840 2546 914 2577 196.
931 2553 966 2575 n.
986 2545 1060 2577 160.

92 2602 134 2633 15
157 2599 207 2633 ad
232 2598 465 2643 Almcmiam]
491 2598 586 2633 ‘nach
610 2598 876 2634 Deutsclzlaozd.
916 2597 985 2631 Die
1005 2601 1058 2631 26.
1076 2597 1154 2631 Iun.
1173 2609 1204 2631 a.
1224 2601 1320 2632 1517.
1338 2596 1636 2632 Pirekheimerus
1661 2608 1706 2632 ex
1730 2598 1806 2632 Nu-

180 2654 364 2699 renberga
388 2654 550 2699 scripsit:
577 2653 854 2698 „Hogostratus
879 2664 963 2687 cum
988 2653 1210 2697 quibusdam
1236 2653 1316 2687 aliis
1341 2665 1425 2687 cum
1449 2664 1529 2688 sero
1553 2653 1805 2698 applicuisset,

180 2721 322 2744 summo
348 2710 441 2744 abiit
463 2720 590 2751 mane,
618 2720 639 2743 a
663 2709 840 2753 quodam,
867 2710 909 2742 ut
932 2708 1083 2742 insidias
1109 2709 1259 2743 caveret
1286 2709 1557 2752 praemonitus“
1583 2711 1652 2744 etc.
1700 2709 1805 2745 Hutt.

181 2765 277 2810 Opp.
294 2765 321 2799 Ι.
339 2777 375 2809 p.
394 2767 504 2800 13631.

92 2825 133 2856 16
158 2822 355 2866 codiculos]
395 2821 646 2865 Contemptim
677 2823 715 2856 et
744 2821 925 2855 invidiose
958 2820 1195 2854 barbarissat.
1235 2822 1323 2855 satis
1353 2821 1478 2866 ampla
1508 2821 1698 2857 volumina
1728 2833 1804 2857 esse

180 2877 246 2911 hos
269 2877 498 2922 theologicos
522 2877 665 2911 Erasmi
688 2877 801 2911 libros
826 2877 940 2911 etiam
964 2876 1186 2911 Hochstrato
1211 2878 1341 2912 notum
1364 2877 1445 2912 fuit.

131 2933 392 2977 parvissimum
410 2934 462 2978 22]
495 2933 588 2968 auch
617 2944 691 2968 mcr
721 2933 793 2968 clm
821 2933 1091 2968 allerkleinsten
1115 2933 1250 2967 Punct.
1299 2932 1448 2978 Optime
1473 2934 1533 2969 hic
1557 2935 1805 2979 superlativus

179 2989 406 3024 iracundiam
433 2989 690 3033 malitiamque
714 2989 942 3034 inquisitoris
969 2989 1104 3033 prodit.

136 3046 199 3079 1ιῖιὶ
296 3046 473 3091 intelligo]
497 3045 552 3080 De
571 3045 791 3080 Hochstrato
810 3046 961 3089 eiusque
988 3046 1040 3079 ‘in
1065 3046 1323 3081 haereticorum
1346 3047 1566 3091 magistratu
1584 3058 1803 3091 successore,

142 3115 230 3134 mvrr.
250 3116 314 3134 0111).
334 3115 435 3134 SVPPL.
454 3115 484 3135 11.
1495 3108 1535 3137 41
