2119 3522
815 193 933 215 AESTIC
941 193 1126 216 AMPIANVS.
1747 178 1842 223 295

114 306 261 344 Ioanni
283 305 509 356 Dalburgio
539 307 717 345 innotuit
728 303 814 359 ¹³*].
875 307 939 345 Ab
972 308 1040 346 illo
1063 314 1243 359 tempore
1265 310 1307 346 in
1329 309 1552 349 Academia
1576 309 1837 350 Cracoviensi

115 368 154 400 et
183 362 345 399 maioris
370 362 543 413 Collegii
566 362 815 413 Collegiatus
848 364 943 411 fuit,
977 364 1316 415 quemadmodum
1345 372 1542 416 praeterea
1572 367 1716 404 artium
1736 367 1836 406 libe-

113 418 256 456 ralium
286 418 473 468 Magistri
505 425 544 456 et
574 431 777 457 sacrarum
806 420 1031 458 litterarum
1060 421 1323 459 Baccalaurei
1353 423 1470 460 titulo
1502 436 1596 460 usus
1629 429 1707 470 est,
1740 425 1832 474 quia

115 474 265 512 ibidem
296 475 490 524 Epistolae
520 474 685 512 Libanii
723 475 772 512 ab
804 476 890 526 ipso
924 476 1149 526 emendatae
1182 483 1221 514 et
1252 478 1370 515 editae
1408 484 1514 516 sunt.
1575 478 1626 516 A.
1652 480 1774 518 1506.
1797 485 1836 518 et

112 534 254 580 postea
285 530 545 568 Francofurti
577 531 629 568 ad
659 531 856 569 Viadrum
887 532 930 569 in
959 532 1182 570 Academia
1212 547 1319 570 nova
1351 534 1504 580 docuit,
1540 540 1578 572 et
1607 534 1834 573 Huttenum

113 586 353 636 discipulum
390 584 579 624 habuit¹⁴.
647 586 711 623 Ab
743 601 778 624 a.
806 589 924 625 1508.
949 584 1089 638 [immo
1115 587 1286 636 1507.¹⁵]
1320 603 1392 639 per
1429 591 1652 628 triennium
1681 591 1832 642 Lipsiae

113 642 249 679 docuit
278 642 405 680 bonas
436 642 610 689 litteras,
653 648 692 680 et
730 649 913 680 auctores
953 645 1124 694 optimos
1155 645 1358 683 iuventuti
1390 647 1594 697 praelegit,
1639 647 1831 694 Plinium,

110 698 299 735 Plautum
321 704 360 736 et
381 699 494 737 alios
529 695 691 749 [Lipsiae
714 700 835 737 etiam
856 713 892 737 a.
914 700 1034 737 1507.
1053 700 1295 749 prodierunt
1309 701 1615 752 Epigrammata
1640 701 1699 751 (in
1716 703 1831 741 Hutt.

111 753 217 804 Opp.
235 754 313 791 III.
332 768 371 804 p.
391 755 484 790 542.
503 754 698 803 indicata)
723 755 764 791 in
787 767 956 804 quorum
978 756 1150 805 epistola
1173 756 1422 795 dedicatoria
1444 758 1495 795 ad
1513 759 1595 796 Iac.
1611 758 1661 796 de
1679 759 1829 797 Liben-

109 816 228 861 steyn
259 810 435 859 archiep.
458 810 744 860 Moguntinum
782 811 869 848 sine
899 811 977 848 loci
1014 817 1053 848 et
1086 811 1167 849 diei
1199 812 1466 851 adnotatione
1498 815 1648 864 scripta
1680 816 1830 864 gratias

111 866 206 903 dicit
236 879 308 916 pro
341 865 641 903 ‘liberalissimo
673 866 910 916 stipendio’,
946 880 1024 917 quo
1047 873 1251 906 auctorem
1272 869 1442 906 foveret.
1503 870 1557 906 Et
1578 870 1727 920 Lipsiae
1750 885 1830 909 mo-

109 927 265 960 rantem
285 921 487 972 Rhagium
509 922 685 959 celebrat
706 922 912 960 Huttenus
935 922 1147 972 Querelar.
1166 923 1222 961 Π.
1243 926 1306 963 10.
1327 938 1384 960 vv.
1403 930 1455 960 67.
1474 925 1541 973 sq]
1604 925 1712 975 Quia
1733 939 1830 965 vero

112 978 285 1016 barbara
305 977 457 1015 ibidem
478 978 647 1029 ingenia
670 978 824 1016 litteras
845 979 1103 1017 humaniores
1126 993 1379 1031 concoquere
1401 995 1483 1018 non
1501 987 1702 1031 poterant,
1726 984 1835 1033 apud

112 1035 267 1072 Ducem
290 1033 511 1085 Georgium
541 1034 583 1072 id
615 1040 805 1085 egerunt,
838 1041 882 1072 ut
915 1035 1185 1074 dimitteretur
1198 1034 1232 1083 ¹⁶,
1267 1042 1306 1074 et
1337 1050 1459 1087 quum
1491 1038 1533 1074 in
1564 1038 1748 1076 oratione
1776 1039 1834 1076 ul-

111 1089 247 1128 tima¹⁷
278 1091 414 1141 paullo
445 1090 612 1128 liberius
644 1091 768 1128 verba
800 1091 980 1138 fecisset,
1015 1092 1218 1143 relegatus
1251 1090 1359 1132 estffl.
1423 1091 1708 1144 [Expulsionis
1738 1094 1834 1146 Lip-

110 1147 254 1185 siensis
278 1145 414 1197 (quam
435 1146 671 1184 Molmikius
694 1161 717 1184 a
740 1146 993 1194 Coloniensi,
1028 1162 1136 1186 auno
1158 1155 1203 1186 ut
1223 1149 1384 1187 videtur
1409 1150 1528 1188 1506.
1549 1150 1831 1197 adscribenda,

111 1217 324 1254 perperam
345 1216 427 1240 non
452 1203 655 1249 distinxit,
690 1204 775 1241 eius
807 1216 927 1254 quam
958 1205 1150 1254 magister
1176 1205 1289 1256 Hipp
1311 1202 1371 1256 (¹⁶)
1404 1212 1486 1243 tam
1517 1206 1653 1244 vivide
1686 1207 1832 1245 descri-

109 1260 207 1310 psit,
231 1265 276 1297 ut
291 1258 581 1297 Burckhardus
602 1257 670 1308 (de
687 1259 734 1297 L.
753 1260 799 1297 L.
819 1260 890 1297 fat.
910 1260 965 1298 Π.
983 1274 1021 1310 p.
1039 1260 1138 1310 443)
1164 1262 1295 1312 ipsum
1311 1261 1686 1313 Aesticampianum
1706 1277 1833 1301 unum

110 1330 159 1353 ex
191 1315 269 1352 illis
300 1315 427 1352 fuisse
457 1316 748 1365 suspicaretur,
788 1317 855 1366 qui
889 1315 1052 1354 Crotum
1084 1323 1204 1368 atque
1237 1317 1465 1356 Huttenum
1496 1319 1538 1355 in
1571 1319 1831 1358 conficiendis

108 1371 306 1422 Epistolis
323 1369 372 1408 O.
390 1372 441 1408 V.
459 1370 739 1420 adiuvassent)
764 1372 896 1409 adhuc
917 1373 1024 1410 inter
1046 1373 1287 1411 documenta
1308 1375 1585 1412 universitatis
1605 1375 1832 1425 Lipsiensis

110 1428 265 1466 inedita
286 1433 501 1465 servantur
517 1428 761 1466 Borneriani
783 1428 938 1466 indices
952 1426 985 1475 ¹⁹,
1009 1429 1079 1466 ubi
1101 1430 1207 1467 inter
1228 1431 1307 1467 alia
1328 1430 1521 1481 leguntur
1541 1431 1645 1469 haec:
1669 1431 1830 1477 „Aesti-

109 1485 318 1535 campiano
351 1484 524 1523 dicenda
555 1484 662 1531 dies,
696 1484 800 1522 A-us
823 1485 1049 1523 monendus
1072 1486 1124 1524 ad
1145 1487 1440 1536 professionem
1459 1486 1589 1524 libelli
1610 1488 1691 1533 sui,
1725 1487 1829 1525 A-us

108 1539 353 1591 relegandus
376 1541 427 1578 ad
448 1554 474 1577 X
497 1554 645 1587 annos,
669 1540 740 1578 A-i
762 1554 882 1579 causa
904 1547 1057 1579 remota
1079 1555 1128 1580 ex
1149 1543 1427 1580 commissione
1451 1543 1692 1593 apostolica,
1724 1544 1829 1581 A-us

109 1597 361 1636 reconciliari
392 1610 475 1634 non
507 1597 651 1647 potuit.
711 1597 780 1634 A-i
814 1611 934 1635 causa
963 1612 1095 1648 porro.
1156 1598 1227 1636 A·i
1249 1612 1388 1637 causa:
1421 1599 1526 1638 Acta
1548 1600 1682 1637 iacent
1703 1600 1744 1637 in
1769 1614 1827 1638 ar-

106 1654 222 1691 chivo
237 1650 295 1703 “.]
347 1653 399 1691 A.
422 1654 540 1690 1515.
562 1653 801 1704 Fribergam
822 1655 952 1701 venit,
977 1668 1099 1693 suasu
1121 1656 1372 1705 potissimum
1391 1655 1550 1693 Nicolai
1572 1655 1829 1694 Hausmanni

106 1718 146 1748 et
177 1709 347 1747 duorum
376 1708 610 1748 Consulum.
672 1709 861 1748 Scholam
890 1711 1080 1756 Latinam
1112 1717 1152 1749 et
1185 1710 1459 1750 Christianam
1490 1711 1545 1749 ibi
1577 1714 1753 1763 aperuit,
1790 1719 1829 1751 et

105 1767 354 1804 iuventutem
386 1766 429 1802 in
461 1766 823 1804 declamationibus
855 1767 998 1805 Italico
1029 1781 1139 1805 more
1171 1769 1362 1808 exercuit.
1398 1765 1462 1818 [in
1494 1782 1573 1819 quo
1606 1782 1773 1807 munere
1805 1784 1828 1807 a

104 1823 224 1860 Petro
253 1822 480 1860 Mosellauo
513 1836 585 1872 per
614 1821 736 1860 breve
767 1829 927 1874 tempus
959 1823 1143 1862 adiutum
1174 1838 1261 1863 esse
1292 1825 1333 1862 in
1363 1824 1483 1862 huius
1513 1826 1598 1862 vita
1630 1825 1822 1873 diximus3

103 1886 142 1916 et
163 1878 369 1929 Fribergae
391 1878 743 1929 Aesticampianus
778 1880 903 1917 ‘misit
930 1893 1023 1918 suos
1057 1881 1293 1931 discipulos,
1330 1882 1398 1931 qui
1419 1887 1631 1919 traxerunt
1652 1895 1713 1919 me
1736 1896 1841 1937 cum.

102 1935 313 1981 crinibus',
347 1940 392 1972 ut
423 1934 696 1973 Schlauraffus
728 1937 910 1986 queritur
930 1950 969 1986 p.
990 1938 1083 1974 200.
1101 1951 1139 1974 v.
1159 1935 1239 1988 74]
1301 1937 1399 1975 Post
1429 1938 1652 1975 triennium
1683 1951 1705 1975 a
1736 1938 1824 1975 Fri-

104 1992 255 2038 derico,
291 1991 497 2029 Saxonum
526 1991 734 2038 Elec-tore,
775 1993 870 2030 satis
902 1992 1061 2030 liberali
1092 1993 1296 2044 stipendio
1330 1993 1624 2044 lVittebergam
1655 2000 1823 2032 vocatus

190 2113 436 2156 Significavit,
464 2113 625 2145 uxorium
650 2123 688 2145 se
713 2114 791 2145 fore
817 2114 1006 2155 poetam“.
1056 2115 1145 2146 Tum
1171 2115 1243 2155 „A.
1262 2116 1357 2147 1499.
1374 2116 1503 2147 Ioanni
1521 2115 1821 2158 Aesticampiano

190 2169 380 2201 Cracoviae
404 2169 568 2209 nuntiat,
600 2169 840 2201 commodiore
865 2170 936 2202 iam
962 2180 999 2202 se
1024 2172 1078 2202 uti
1102 2171 1324 2203 valetudine.
1372 2171 1488 2202 Mittit
1512 2172 1685 2203 carmina.
1733 2172 1821 2204 Pro-

189 2226 303 2258 mittit
321 2225 490 2265 meliora,
509 2225 647 2266 pridem
666 2235 754 2257 cusa
774 2228 810 2257 et
827 2227 953 2257 tersim
970 2226 1157 2268 laevigata.
1197 2227 1336 2266 Quaerit
1354 2226 1438 2268 quid
1459 2228 1508 2258 sit
1527 2227 1570 2258 de
1589 2227 1820 2269 supellectile

189 2282 359 2322 libraria,
384 2292 489 2323 quam
513 2284 595 2323 post
617 2281 753 2313 obitum
772 2281 922 2324 reliquit
939 2282 1226 2316 Callimachus.“
1275 2284 1330 2315 De
1348 2284 1426 2315 vita
1444 2282 1574 2315 Celtis.
1606 2284 1704 2318 Frib.
1722 2285 1817 2317 1827.

187 2338 233 2370 4⁰.
253 2349 287 2380 p.
305 2339 377 2371 153.
394 2348 469 2379 sqq.
589 2335 670 2378 13³²)
691 2339 763 2378 „A.
782 2339 878 2371 1502.
898 2338 1028 2370 Ioanni
1045 2338 1342 2380 Aesticampiano
1368 2338 1611 2381 Oppenhemii
1635 2341 1822 2382 proposuit

188 2395 345 2426 Ioannes
359 2394 583 2436 Dalburgius
601 2394 840 2435 conditiones,
859 2404 949 2436 quas
964 2394 1079 2426 Celtis
1098 2394 1144 2426 ad
1164 2395 1374 2437 episcopum
1389 2396 1667 2438 perscripserat,
1687 2399 1728 2428 ut
1741 2407 1820 2438 per-

188 2450 332 2483 suaderi
349 2449 668 2491 Aestioampianus
693 2453 816 2492 posset
840 2453 876 2482 et
900 2450 1034 2482 adduci
1057 2450 1102 2482 ad
1127 2460 1255 2483 munus
1279 2452 1543 2493 professoriam
1560 2452 1819 2494 Heidelbergae

188 2505 434 2538 obeundum“.
484 2506 539 2536 De
565 2506 642 2537 vita
665 2506 792 2539 Celtis.
817 2506 1027 2540 Frib.18·27.
1047 2506 1095 2538 40.
1113 2518 1148 2549 p.
1166 2508 1239 2542 156.
1381 2507 1436 2548 14)
1461 2507 1552 2540 Vide
1570 2508 1610 2540 P.
1625 2508 1819 2550 vigilantii

186 2562 361 2604 Axungiae
380 2561 659 2603 descriptionem
676 2563 776 2595 urbis
795 2565 831 2593 et
845 2563 1053 2595 Academiae
1066 2562 1437 2604 Francophordiensis
1455 2560 1515 2605 [ex
1530 2563 1585 2595 ed.
1600 2563 1815 2606 Becmanni]

187 2628 220 2659 p.
242 2619 269 2648 1.
290 2619 320 2650 4.
343 2619 394 2651 10.
432 2615 531 2659 [Iud.
548 2618 716 2659 bibliogr.
734 2619 839 2652 Hutt.
856 2623 905 2650 n0.
924 2616 998 2660 ΙΙ.]
1140 2619 1194 2660 15)
1221 2618 1278 2653 Cf.
1296 2619 1401 2652 Hutt.
1421 2618 1513 2660 Opp.
1532 2620 1559 2650 Ι.
1579 2629 1610 2660 p.
1629 2620 1660 2650 8.
1680 2624 1729 2653 n0.
1749 2620 1816 2653 III.

190 2674 244 2714 16)
263 2674 321 2705 Cf.
338 2674 447 2715 Hipp.
467 2673 558 2715 Epp.
574 2673 616 2705 O.
630 2674 671 2705 V.
689 2674 715 2709 Ι,
736 2675 788 2705 17.
884 2675 938 2713 17)
958 2676 1040 2715 post
1056 2674 1151 2705 Dan.
1169 2673 1312 2705 Fidleri
1329 2673 1372 2705 de
1390 2674 1533 2716 Rhagio
1551 2674 1652 2716 Lips.
1668 2685 1700 2707 a..
1717 2677 1814 2709 1703.

186 2729 415 2772 publicatam
432 2729 716 2772 disputationem
740 2730 911 2772 repetita.
953 2730 998 2763 cf.
1018 2729 1231 2761 Burckhard
1249 2729 1304 2761 De
1321 2730 1363 2764 L.
1382 2730 1422 2764 L.
1442 2730 1529 2762 fatis
1546 2730 1574 2763 I.
1592 2741 1626 2772 p.
1642 2732 1719 2764 281.
1736 2741 1813 2773 sqq.

188 2787 243 2827 18)
263 2787 353 2827 Epp.
372 2785 411 2819 O.
429 2785 472 2816 V.
491 2785 640 2817 Eiectus
658 2788 780 2818 autem
803 2785 908 2817 simul
933 2796 1011 2817 cum
1028 2786 1238 2818 Hermanno
1257 2785 1431 2826 Buschio,
1457 2789 1610 2828 urgente
1629 2787 1814 2829 praecipue

186 2843 370 2884 negotium
389 2842 536 2873 Hieron.
554 2842 721 2881 Emsero,
747 2844 786 2873 ut
811 2841 918 2874 docet
936 2842 1057 2873 Herm.
1077 2833 1365 2873 Hamelmannus
1390 2842 1426 2873 in
1445 2842 1532 2873 Vita
1549 2842 1700 2874 Buschii
1720 2842 1811 2885 Opp.

186 2909 218 2940 p.
236 2899 311 2932 295.
332 2898 502 2939 qui-vero
527 2900 685 2929 nostrum
708 2900 819 2929 vocat
836 2898 1202 2940 Lougicampianum.
1227 2907 1373 2929 FABRIG.
1414 2898 1460 2932 cf.
1479 2898 1576 2930 infra
1594 2902 1660 2932 art.
1681 2899 1811 2931 Busch.

187 2954 242 2995 19)
261 2954 305 2986 de
325 2955 452 2996 quibus
471 2953 541 2986 vid.
562 2953 717 2987 Zarnclce
734 2954 771 2985 in
788 2954 897 2986 Abhlz.
916 2955 978 2986 der
995 2954 1069 2986 hist.
1085 2954 1168 2994 phil.
1187 2953 1232 2987 CI.
1247 2955 1310 2986 der
1325 2954 1435 2986 sciolas.
1452 2954 1527 2986 Ges.
1543 2956 1575 2988 d.
1598 2954 1694 2996 Wzss.
1711 2955 1809 2997 Lips.

188 3010 282 3043 1857.
302 3010 347 3042 11.
369 3021 402 3052 p.
422 3012 496 3044 690.
516 3019 594 3051 sqq.
