2119 3522
862 205 947 226 RIGA
972 219 979 227 .
1005 205 1119 227 RILLA.
1752 186 1846 230 459

467 318 568 350 Alter
594 319 783 350 adinvenit
808 328 975 360 operam,
1003 318 1066 349 sed
1092 318 1129 348 in
1154 318 1278 349 ordine
1303 329 1461 360 peccans

536 374 667 405 Omnia
693 373 830 404 dimisit
855 373 1024 405 sensibus
1049 373 1101 404 ire
1130 375 1248 414 vagis.

470 429 570 461 Alter
596 440 664 461 acu
688 430 812 470 typica
838 428 1020 460 distinctis
1046 429 1209 460 versibus
1239 439 1345 460 unum

536 484 689 516 Consuit
712 485 750 515 in
775 494 921 526 eorpus,
949 487 1058 525 atque
1084 485 1242 516 revinxit
1267 495 1367 526 opus.

469 540 573 572 Alter
598 540 817 572 abundantis
842 540 969 576 studii3
1000 540 1064 571 sed
1091 542 1232 571 auctior
1258 540 1368 581 alter,

537 597 626 635 Quis
652 596 874 638 proponendi
900 596 1026 627 debuit
1050 596 1137 627 ordo
1163 596 1251 637 geri.

471 652 622 684 Dulcius
647 655 687 684 ut
711 655 857 693 saperet
881 651 1124 683 modulamine
1151 651 1296 683 condita
1322 654 1426 684 metri

536 709 673 750 Incipit
698 708 755 739 hie
779 708 882 749 Rigae
909 707 1142 739 Bibliotheca
1167 709 1278 739 Petri.

132 778 231 815 Haee
254 790 303 814 ex
324 778 523 828 Leysero‚
558 790 678 827 quem
699 778 969 826 interrumpo,
994 782 1037 813 ut
1066 776 1275 813 observem
1297 777 1588 814 Selinerekium
1611 791 1645 822 p.
1662 783 1725 812 242
1743 776 1850 807 ¹¹·⁵¹1⁴1·

133 834 296 884 proprie
329 834 378 871 de
409 833 584 883 Aegidio
617 839 860 879 correctore,
894 846 978 869 non
1011 833 1060 870 de
1091 833 1212 870 Petro
1245 839 1406 870 auctore
1437 833 1624 879 Aurorae,
1661 834 1710 871 de
1740 834 1851 870 Pari-

133 891 255 927 siensi
286 889 461 935 alumno,
496 889 651 926 nonde
672 889 813 926 Priore
834 889 1027 926 Remensi
1048 889 1171 939 loqui,
1206 903 1294 926 eum
1319 889 1414 926 dicit
1446 889 1583 939 „quod
1614 903 1717 926 unus
1750 891 1850 926 anti-

135 960 235 997 quus
257 946 453 997 Magister
474 946 543 996 qui
569 945 770 984 habitavit
792 946 833 982 in
856 945 1026 995 collegio
1048 944 1213 991 Montis,
1249 951 1508 995 componeret
1530 951 1655 982 totam
1676 945 1853 983 Bibliam

134 1003 341 1040 metriee“.
367 1002 416 1039 de
439 1016 484 1039 eo
507 999 760 1039 Fabricius‘ff:
794 1001 1021 1052 „Aegidius
1042 1001 1310 1051 Delphensis,
1336 1000 1515 1039 Clericus
1537 1001 1779 1039 Parisiensis

135 1059 240 1096 eirea
261 1073 297 1097 a.
323 1059 444 1095 1198.
466 1058 730 1108 interpolavit
760 1072 805 1095 ae
835 1058 1040 1108 supplevit
1060 1057 1259 1095 Auroram
1279 1057 1391 1095 Petri
1423 1057 1473 1095 de
1494 1057 1599 1107 Riga
1619 1088 1626 1095 .
1641 1058 1692 1096 .“.
1733 1057 1854 1095 Nune

135 1115 187 1152 ad
207 1115 432 1166 Leyserum
458 1114 602 1152 redeo:
635 1114 859 1161 „Gaudent
879 1113 972 1151 libri
995 1113 1212 1164 Scripturae
1235 1113 1284 1150 ab
1307 1119 1471 1152 auctore
1495 1112 1633 1162 (Petro
1658 1113 1707 1151 (16
1729 1113 1850 1164 Riga)

134 1171 321 1209 translati
352 1171 528 1208 carmine
559 1171 750 1221 elegiaco,
785 1171 964 1221 exeeptis
988 1169 1154 1207 Cantieo
1179 1169 1449 1217 Cantieorum,
1473 1170 1854 1207 Lamentationibus

134 1228 333 1273 Ieremiae,
374 1227 497 1263 Libro
529 1226 638 1273 Iobi,
679 1233 718 1264 et
747 1226 915 1264 Actibus
946 1226 1249 1277 Apostolorum,
1291 1227 1359 1277 qui
1391 1227 1567 1264 carmine
1604 1226 1851 1273 hexametro,

136 1297 265 1334 eoque
295 1283 507 1334 rythmice,
540 1284 680 1333 scripti
711 1289 817 1320 sunt.
878 1283 971 1320 Non
1004 1297 1099 1333 ergo
1130 1283 1228 1320 satis
1260 1288 1446 1320 accurate
1478 1283 1625 1320 dieitur
1654 1282 1855 1320 Auroram

136 1340 314 1390 gaudere
343 1339 526 1376 versibus
563 1339 806 1377 hexametris
839 1345 878 1377 et
915 1340 1178 1389 pentametris
1289 1345 1358 1376 aut
1388 1352 1506 1377 versu
1546 1339 1744 1389 elegiaco,
1786 1344 1855 1376 aut

135 1410 254 1434 versu
285 1396 447 1433 heroico
482 1392 574 1445 [aut
607 1397 714 1433 ‘eum
746 1396 832 1433 istis
874 1396 1029 1433 metris’
1062 1401 1107 1432 ut
1136 1409 1170 1441 p.
1192 1393 1293 1430 24:2¹³
1325 1395 1597 1433 Sehnerekius
1631 1392 1751 1445 dixit]
1780 1426 1787 1432 .
1814 1426 1820 1432 .
1846 1426 1853 1433 .

135 1453 265 1504 Typis
299 1452 407 1489 edita
449 1452 631 1489 nondum
663 1457 722 1489 est
760 1452 919 1502 integra
949 1452 1129 1497 Aurora,
1170 1465 1289 1502 quam
1315 1482 1321 1489 .
1349 1482 1355 1489 .
1387 1464 1429 1489 se
1469 1451 1641 1488 editioni
1672 1457 1855 1502 paratam

134 1508 323 1546 habuisse
361 1513 531 1546 testatus
571 1514 630 1546 est
669 1506 870 1546 Oudinus.
938 1508 1124 1545 Estherae
1168 1507 1272 1545 liber
1318 1507 1531 1557 evulgatus
1572 1512 1631 1544 est
1669 1521 1692 1545 a
1734 1507 1854 1558 Casp.

136 1565 304 1603 Barthio
345 1562 589 1613 (Adversar.
620 1564 691 1602 lib.
720 1577 833 1601 xxxx.
865 1578 953 1614 eap.
981 1564 1053 1613 15.)
1081 1595 1087 1601 .
1114 1565 1174 1603 .“.
1235 1564 1341 1601 Tum
1370 1561 1599 1615 Leyserus⁷
1636 1564 1855 1613 particulas

136 1622 262 1672 ipsius
283 1620 453 1658 Aurorae
476 1635 525 1658 ex
547 1621 665 1658 codd.
688 1620 806 1658 MSS.
830 1620 1005 1667 exhibet,
1041 1626 1079 1657 et
1110 1633 1322 1671 superesse
1345 1633 1506 1670 quoque
1528 1626 1724 1658 memorat
1744 1620 1857 1658 Petri

137 1678 187 1716 de
217 1678 322 1728 Riga
354 1677 574 1728 Speculum
605 1677 922 1715 ecclesiasticum
954 1683 993 1714 et
1026 1675 1230 1716 Carmina.

226 1754 259 1795 6)
279 1754 372 1786 Bibl.
391 1755 473 1786 Lat.
493 1765 538 1788 m.
559 1765 588 1785 e.
607 1755 628 1785 i.
648 1757 707 1786 aet.
725 1755 755 1788 Ι.
772 1765 806 1795 p.
826 1755 878 1786 54.
925 1754 1050 1796 Polye.
1069 1755 1220 1796 Leyser.
1239 1753 1261 1785 l.
1281 1764 1311 1787 6.
1329 1764 1362 1795 p.
1383 1754 1575 1785 736...74·2.
1597 1754 1656 1795 qui
1682 1757 1803 1785 tamen
1821 1757 1858 1786 et

225 1810 412 1852 prologum
438 1810 692 1852 epilogumque
711 1809 954 1852 Aegidianum
981 1810 1144 1852 aliosque
1170 1809 1329 1842 eiusdem
1353 1820 1478 1841 versus
1499 1820 1541 1841 ex
1558 1809 1659 1844 MSS.
1677 1809 1781 1841 libris
1801 1820 1857 1841 ex-

225 1867 337 1899 hibet.
430 1866 462 1907 7)
480 1878 513 1908 p.
535 1867 728 1899 736,..74·2.

136 1954 288 1985 RILLA.
343 1947 560 1984 ‘Bononiae
593 1953 652 1985 est
689 1960 794 1984 unus
826 1947 924 1984 eivis
956 1947 1024 1997 qui
1061 1946 1186 1984 habet
1216 1947 1401 1996 spiritum
1439 1948 1508 1997 qui
1540 1952 1704 1984 vocatur
1734 1946 1853 1993 Rilla,

138 2010 177 2041 et
207 2004 276 2041 ille
307 2004 472 2054 spiritus
503 2003 704 2041 mirabilia
727 2003 824 2040 dieit
856 2004 892 2040 ei
924 2003 974 2040 de
1005 2016 1100 2053 rege
1121 2003 1305 2040 Franeiae
1338 2009 1377 2040 et
1407 2004 1649 2053 imperatore
1681 2009 1720 2040 et
1750 2016 1857 2053 papa

139 2066 179 2098 et
210 2060 259 2098 (16
290 2060 369 2098 fine
400 2059 559 2105 mundi,
594 2073 668 2110 ego
699 2060 781 2110 legi
809 2059 1043 2110 prophetias
1066 2060 1173 2097 eius'
1205 2072 1239 2104 p.
1257 2057 1357 2098 268⁶.
1418 2060 1511 2096 Non
1544 2060 1692 2097 definio
1724 2065 1858 2096 utrum

138 2130 286 2154 nomen
320 2129 369 2154 ex
401 2115 555 2167 Cyrilla
586 2115 735 2154 factum
766 2116 817 2153 sit
847 2129 899 2153 an
931 2116 1042 2153 aliud
1082 2115 1181 2166 quid
1211 2116 1429 2165 significet:
1469 2116 1570 2153 illud
1601 2115 1783 2166 quidem,
1824 2117 1857 2153 si

139 2173 246 2210 Rillo
280 2173 475 2223 seriptum
507 2178 622 2219 esset,
658 2173 805 2210 certius
838 2172 1101 2219 adfirmarem,
1136 2186 1225 2209 eum
1257 2171 1434 2223 Cyrillus
1466 2172 1534 2209 ille
1568 2171 1856 2210 Constantino-

137 2230 363 2280 politanus,
405 2229 474 2279 qui
505 2230 646 2266 tertius
680 2228 987 2267 Carmelitarum
1019 2229 1220 2278 generalis
1261 2228 1337 2265 fuit
1368 2227 1417 2265 ab
1450 2242 1558 2266 anno
1586 2230 1706 2266 1197.
1729 2241 1857 2278 usque

138 2285 190 2323 ad
224 2286 362 2331 1225„
407 2284 712 2336 Soldanumque
742 2285 874 2322 Iconii
906 2285 958 2323 ad
991 2284 1222 2323 Christiana
1259 2298 1374 2322 saera
1412 2285 1631 2323 adduxisse
1664 2290 1784 2335 atque
1815 2290 1859 2322 ut

140 2341 272 2380 Graeei
294 2341 346 2379 ad
363 2341 550 2379 Latinam
573 2342 785 2380 eeclesiam
806 2341 1110 2380 retraherentur
1131 2355 1294 2392 operam
1315 2341 1562 2392 impendisse
1584 2342 1728 2387 fertur,
1753 2342 1860 2378 inter

139 2399 220 2436 alia
249 2399 400 2448 scripta
429 2398 577 2435 librum
608 2399 659 2437 ad
691 2397 878 2436 abbatem
906 2396 1173 2435 Ioaehimum¹
1209 2398 1258 2435 de
1291 2398 1451 2435 oraculo
1481 2398 1617 2448 angeli
1646 2412 1692 2435 ae
1712 2397 1859 2434 librum

138 2454 441 2505 prophetiarum
462 2455 670 2505 reliquerit
681 2453 705 2501 ²,
723 2455 911 2505 idemque
930 2454 1108 2506 Cyrillus
1130 2468 1218 2492 eum
1234 2454 1457 2501 Methodio,
1477 2453 1623 2491 abbate
1638 2454 1856 2499 Ioaehimo,

138 2511 330 2561 Brigitta‚
366 2511 605 2562 Sibyllaque
636 2512 679 2549 in
710 2511 1014 2562 prophetiarum
1047 2512 1166 2548 etiam
1198 2511 1342 2548 saeeulo
1369 2511 1486 2548 XVI.
1510 2512 1657 2548 eireum
1687 2510 1859 2547 latarum

140 2572 323 2604 auctores
352 2567 590 2615 laudentur,
625 2582 658 2606 e.
683 2582 741 2618 gr.
771 2569 814 2605 in
846 2568 1022 2606 carmine
1046 2567 1290 2606 Germanico
1323 2581 1357 2605 a.
1383 2568 1503 2605 1522.
1526 2564 1772 2617 publicato-³:

655 2645 718 2676 Als
743 2646 834 2676 darm
859 2644 1052 2676 Meclzoclius
1077 2645 1161 2675 auch
1186 2644 1313 2676 erklert

655 2701 805 2732 Ioaelzz‘m
829 2701 898 2732 und
920 2700 1027 2741 Gyrill
1050 2701 1113 2731 der
1137 2701 1242 2731 werdt

655 2756 801 2797 Birgitt,
826 2756 934 2796 Sybz'll
956 2757 1025 2787 und
1048 2756 1130 2787 noch
1154 2757 1198 2787 vil
1219 2767 1288 2787 mee

654 2812 759 2853 geben
784 2813 914 2853 heys-pil
936 2813 978 2843 vil
1001 2813 1063 2843 cler·
1086 2813 1177 2843 alten
1203 2812 1253 2843 Ee

232 2925 264 2965 1)
284 2926 338 2956 De
357 2925 424 2956 hoe
443 2924 626 2956 Ioaehimo
645 2924 800 2955 diximus
817 2924 920 2955 Hutt.
939 2923 1030 2965 Opp.
1048 2924 1114 2956 III.
1136 2934 1167 2965 p.
1190 2925 1264 2955 199.
1375 2922 1409 2963 2)
1431 2923 1478 2955 ef.
1496 2923 1641 2956 Fabric.
1661 2924 1756 2957 Bibl.
1774 2924 1858 2955 Lat.

230 2991 276 3012 m.
296 2991 327 3013 e.
346 2981 368 3012 i.
387 2983 446 3012 aet.
466 2981 493 3012 I.
513 2991 545 3022 p.
565 2981 661 3014 1262.
680 2990 732 3021 sq.
874 2979 908 3018 3)
933 2979 1008 3011 Von
1032 2981 1139 3011 ainem
1172 2974 1403 3012 Waldbrzider
1425 2981 1486 3011 wie
1512 2990 1550 3011 er
1574 2981 1768 3012 under-riche
1789 2980 1860 3020 ‚qibt

230 3036 341 3077 Baps't
365 3036 491 3077 Kaifer
517 3036 630 3078 Kz‘2m'9
654 3037 720 3068 vnd
743 3037 830 3068 allen
849 3035 996 3076 ftd'nden
1022 3039 1090 3067 ete.
1110 3035 1246 3077 prodiit
1265 3046 1295 3067 a.
1316 3037 1413 3067 1522.
1434 3046 1460 3067 S.
1478 3035 1502 3069 l.
1519 3036 1556 3066 in
1574 3036 1618 3067 40.
1637 3046 1720 3077 pag.
1737 3037 1768 3069 4.
