2119 3522
153 272 225 295 ΕΡΡ.
238 270 280 296 32.
293 269 336 295 33.
366 272 460 295 GING.
480 273 801 295 LIGNIPERCVSSORIS
819 270 977 295 onrvmo.
996 286 1037 289 —
1056 272 1167 294 MAMM.
1186 271 1499 295 BVNTEMANTELLVS
1516 269 1674 295 ORTVINO.
1734 252 1830 298 593

118 331 202 372 Pag.
221 330 285 366 48.
1237 330 1322 373 Pag.
1336 332 1390 362 47.
1408 341 1437 362 v.
1451 337 1483 361 37
1502 355 1509 362 .
1525 354 1531 361 .
1547 354 1554 362 .
1573 331 1659 374 Pag.
1674 332 1728 363 49.
1746 342 1775 362 v.
1789 338 1831 362 23.

206 385 346 428 optimo
372 385 409 419 in
434 387 471 419 te
498 385 638 426 animo,
672 384 736 428 qui
761 385 995 428 quotidianas
1028 385 1122 418 rixas
1148 384 1193 418 ob
1219 395 1354 418 nomen
1378 385 1485 418 tuum
1510 385 1667 428 patitur,
1694 385 1832 429 quique

206 440 274 474 etsi
293 442 456 475 carmina
472 441 510 474 in
527 441 708 474 famosum
731 440 836 473 11111111
855 441 1018 485 Tungari
1035 440 1204 474 libellum
1225 439 1315 483 [Ind.
1334 451 1418 474 scrr.
1436 452 1472 484 p.
1488 444 1538 474 78.
1553 452 1588 474 n.
1605 440 1664 484 XL]
1686 441 1833 474 coactus

206 506 301 540 pene
329 496 504 537 ediderit,
531 497 659 530 tamen
683 496 721 529 111
745 496 801 529 his
826 507 947 540 neque
978 507 1113 530 nomen
1138 497 1243 529 tuum
1269 496 1408 538 posuit,
1435 507 1556 539 neque
1583 495 1770 530 offendere
1795 496 1833 529 te

207 552 350 585 animus
375 552 455 585 fuit.
504 551 599 585 Nam
627 553 664 585 et
689 551 831 585 duobus
856 552 928 585 illis
954 552 1057 585 annis
1084 552 1122 585 et
1145 551 1254 585 hodie
1288 551 1406 585 multa
1431 551 1476 586 ob
1495 551 1606 585 decus
1625 552 1662 585 et
1678 551 1834 595 gloriam

205 608 306 640 tuam
333 607 431 650 apud
456 607 579 640 hostes
605 618 752 651 quoque
779 607 913 640 claram
939 607 1090 650 patitur.
1140 607 1227 648 Quae
1255 607 1345 640 mihi
1371 608 1632 652 argumentum
1656 618 1833 652 magnum

204 662 373 705 praebent
403 662 602 696 constantis
636 663 821 697 amiciciae.
871 663 987 697 Immo
1019 674 1106 696 vero
1136 663 1292 697 miratur
1315 663 1378 696 ille
1404 662 1606 707 plurimum
1630 664 1733 696 tuam
1758 673 1833 696 mo-

205 718 378 760 destiam,
406 718 505 762 quod
530 718 567 751 in
585 718 830 763 Apologetico
849 719 912 752 tuo
930 718 1058 752 libello
1078 718 1169 761 [ind.
1187 729 1272 751 scrr.
1290 730 1324 762 p.
1345 723 1395 752 77.
1414 730 1448 752 n.
1466 720 1511 762 x]
1529 719 1606 752 tam
1622 718 1835 763 benigniter

206 784 289 807 euni
324 775 362 808 et
393 773 628 808 Gaudensem
659 773 876 817 increpasti⁷
911 774 973 817 qui
1004 774 1143 808 maiore
1176 773 1280 818 digni
1305 774 1567 818 redargutione
1592 774 1757 808 fuerint.
1779 777 1834 808 .“.

206 829 257 863 Cf.
277 829 407 873 Consp.
430 830 590 864 chronol.
608 842 644 874 p.
666 834 737 866 129,
758 833 830 863 13-2.
852 833 924 863 134.
950 830 996 862 ad
1020 829 1086 863 hos
1112 829 1200 863 dies.

115 888 156 919 36
181 884 328 918 indiscr.
345 885 546 919 rixatorem
570 895 644 918 non
669 884 746 918 sine
772 895 836 917 suo
862 885 940 918 iure
968 884 1163 929 Gingolfus
1187 885 1386 918 Buschiuni
1416 885 1610 929 increpat:
1629 897 1715 919 sane
1740 896 1834 920 mor-

205 940 276 974 dax
300 941 410 975 homo
435 940 522 983 fuit,
549 941 591 974 ut
618 940 738 974 solent
754 950 933 973 novorum
952 940 1158 974 studiorum
1176 941 1334 982 tutores,
1362 942 1401 974 et
1416 940 1677 984 magistrorum
1694 942 1835 975 nostro-

203 1008 285 1030 rum
316 1008 507 1040 nunqnam
538 996 673 1038 cultor,
710 1006 831 1039 neque
863 996 1063 1039 antequam
1096 996 1142 1029 ad
1174 995 1373 1030 Reuchlini
1403 996 1528 1039 partes
1562 996 1751 1038 transiret,
1791 1008 1835 1031 ex

204 1063 276 1096 quo
301 1053 469 1096 tempore
495 1053 557 1087 vix
582 1052 676 1086 alius
699 1051 895 1095 quisquam
921 1051 994 1085 illis
1018 1051 1196 1085 infensior
1219 1051 1300 1085 fuit.

114 1111 200 1152 Pag.
219 1110 283 1146 49.
774 1129 824 1131 -—

114 1168 133 1198 2
160 1175 233 1198 ozon
259 1167 308 1198 est
327 1164 526 1208 promotus]
553 1163 815 1198 Hamelmanni
833 1163 1006 1197 Narratio
1032 1164 1077 1198 de
1103 1164 1182 1198 vita
1198 1164 1347 1198 Buscliii
1373 1168 1391 1206 ξ
1411 1168 1462 1198 15.
1486 1164 1570 1206 „Ex
1595 1163 1704 1198 Italia
1726 1164 1838 1198 rediit

204 1221 241 1253 in
268 1219 506 1254 Germaniam
538 1221 576 1254 et
600 1219 731 1253 sumsit
760 1219 917 1263 gradum
942 1219 1149 1264 Magisterii
1174 1219 1451 1264 Heidelbergae,
1486 1220 1524 1254 et
1553 1219 1706 1254 veniens
1733 1219 1836 1254 Colo-

203 1277 304 1309 niam
335 1275 449 1319 coepit
480 1286 563 1308 cum
594 1274 761 1308 barbaris
786 1275 985 1319 Theologis
1010 1275 1080 1309 Iac.
1099 1276 1321 1310 Hochstrato
1354 1277 1391 1309 et
1415 1275 1579 1310 Arnoldo
1606 1276 1651 1310 de
1677 1275 1836 1320 Tungris

203 1331 332 1373 rixari,
365 1331 430 1365 sed
456 1342 539 1364 cum
564 1330 619 1364 illi
644 1331 907 1374 praevalerent,
941 1331 1099 1365 discedit
1125 1330 1278 1365 Colonia
1302 1332 1339 1365 et
1363 1341 1430 1375 per
1454 1332 1571 1365 totam
1598 1330 1835 1366 Germaniam

203 1386 366 1420 instituit
389 1386 701 1430 profectione1n“.
750 1386 856 1427 Quod
882 1387 958 1420 sine
984 1387 1061 1421 11110
1086 1388 1182 1421 teste
1209 1387 1368 1421 adducto
1402 1387 1580 1430 scriptum
1613 1388 1650 1421 et
1680 1387 1725 1421 ab
1755 1387 1836 1421 aliis

202 1445 344 1477 temere
369 1442 571 1486 repetitum
596 1452 669 1475 non
694 1452 825 1476 verum
851 1453 928 1476 esse
954 1442 1104 1476 videtur
1122 1439 1235 1476 snam
1261 1443 1305 1476 de
1331 1442 1399 1476 hac
1428 1443 1661 1486 promotione
1686 1443 1836 1477 Heidel-

202 1498 375 1543 bergensi
401 1499 439 1532 et
461 1497 609 1532 Buschii
634 1498 782 1531 nomine
808 1497 901 1531 nihil
930 1498 1069 1543 legitur
1094 1509 1214 1542 neque
1246 1510 1304 1542 ap.
1324 1497 1478 1532 Schwab
1501 1498 1631 1542 syllab.
1649 1500 1835 1533 rectorum

204 1554 375 1588 Heidelb.
397 1557 493 1588 1786.
516 1556 562 1588 40.
586 1564 707 1597 neque
737 1554 775 1587 in
801 1553 937 1598 scripto
964 1554 1134 1598 catalogo
1166 1554 1426 1599 Heidelbergae
1456 1555 1710 1598 promotorum
1741 1554 1836 1588 viro-

203 1622 295 1644 rum.
337 1610 380 1644 cf.
398 1609 561 1644 Liessem
587 1609 632 1644 de
658 1609 806 1643 Buschii
835 1609 922 1643 vita.
948 1621 983 1653 p.
1004 1615 1054 1644 13.
1073 1622 1124 1654 sq.

114 1672 134 1702 3
158 1667 196 1700 in
220 1666 321 1700 bacc.
338 1666 406 1699 iur.
423 1666 461 1699 in
479 1665 591 1710 Lypsi
607 1666 807 1700 Buschium
831 1667 1045 1710 promotum
1071 1677 1147 1700 esse
1172 1677 1246 1700 non
1271 1667 1371 1700 recte
1396 1677 1470 1700 non
1488 1666 1607 1701 credit
1624 1666 1835 1711 Gingolfus:

203 1733 289 1756 nani
317 1721 590 1767 ιΒ115011111111411.
613 1725 707 1756 1503.
732 1721 869 1756 Ioanne
896 1721 1158 1765 Breytenbach
1190 1722 1330 1756 decano
1356 1722 1579 1767 dignitatem
1603 1723 1837 1757 baccalaurei

204 1779 330 1823 legum
356 1779 565 1812 assecutum
595 1788 672 1812 esse
702 1778 740 1810 in
764 1777 892 1811 libello
919 1778 1143 1811 statutorum
1168 1778 1296 1822 paucis
1321 1778 1444 1812 verbis
1467 1778 1625 1812 narrari'
1653 1779 1758 1812 testis
1784 1779 1839 1813 est

206 1834 405 1869 Zarnckius
431 1844 488 1877 ap.
506 1832 668 1868 Liessem
693 1845 728 1877 p.
747 1838 799 1868 32.
1705 1833 1836 1878 [Canis.

115 1896 135 1926 5
159 1902 327 1936 maymi-ne
355 1889 488 1924 Canem.
510 1890 583 1933 etc]
605 1890 784 1934 Magnum
802 1889 934 1923 Hundt
952 1890 997 1923 de
1012 1890 1283 1935 Magdeburgk.
1318 1890 1370 1924 Cf.
1388 1890 1466 1923 Ind.
1484 1890 1602 1935 biogr.
1620 1903 1655 1934 p.
1673 1895 1749 1925 337.
1768 1892 1835 1924 art.

117 1953 134 1982 7
155 1958 334 1991 111-,311οη1
358 1947 528 1990 moralia]
554 1957 699 1980 morum
724 1947 915 1980 urbanitas
941 1947 978 1980 et
1003 1946 1141 1980 candor
1164 1946 1202 1979 in
1226 1946 1414 1991 magistris
1438 1946 1572 1980 nostris
1596 1957 1670 1980 non
1694 1945 1837 1990 patitur

173 2044 181 2052 ι
207 2002 387 2038 eiusmodi
417 2003 525 2036 rixas.
587 2002 811 2044 ‘Mor-alitas,
842 2003 1051 2047 sytlc‘clwz't’.
1085 2002 1243 2036 Gemma
1267 2014 1301 2046 g.
1354 2001 1432 2036 Sec.
1450 2001 1628 2047 Ducange
1657 2002 1692 2036 h.
1711 2014 1744 2036 v.
1762 2002 1836 2035 iam

207 2059 422 2093 Ambrosius
447 2069 514 2103 pro
539 2069 684 2092 morum
708 2059 896 2103 probitate
926 2058 1060 2102 posuit.
1102 2058 1154 2093 Cf.
1173 2063 1215 2092 50
1225 2061 1246 2091 5.

163 2115 328 2159 apostoli]
356 2114 436 2148 Act.
455 2115 571 2158 apost.
589 2127 637 2148 ix.
656 2118 685 2148 5.
704 2127 798 2148 xxv1.
820 2118 869 2147 14.
888 2113 1061 2155 „Durum
1087 2115 1143 2148 est
1159 2113 1228 2147 tibi
1245 2115 1374 2148 contra
1391 2114 1583 2148 stimulum
1600 2114 1792 2148 calcitrare
1805 2117 1836 2148 “.

162 2171 382 2214 iuuentivus]
411 2182 447 2204 er
464 2171 660 2212 mzdcrisclc,
686 2170 907 2215 ingeniosus.
958 2169 1228 2213 (Vocabulariis
1253 2169 1493 2213 addendum).

162 2226 311 2270 raptim]
338 2226 416 2260 Hoc
443 2226 608 2270 epistolis
633 2226 810 2260 adnotare
835 2226 915 2259 tum
946 2225 1058 2259 etiam
1083 2225 1183 2268 apud
1208 2225 1481 2260 Reuchlinistas
1507 2228 1544 2261 et
1566 2226 1773 2260 Huttenum
1799 2225 1836 2259 111

210 2282 367 2316 nimium
392 2294 497 2316 usum
527 2283 691 2316 venerat.

164 2338 410 2382 Selmreodum]
441 2338 485 2372 cf.
503 2338 582 2371 Ind.
598 2338 716 2383 biogr.
735 2350 769 2382 p.
788 2342 864 2373 465.
882 2338 916 2372 h.
936 2339 1003 2372 art.

229 2427 465 2463 EPISTOLA
491 2429 555 2466 33.
599 2427 1005 2463 MAMMOTRECTVS
1030 2427 1490 2463 BVNTEMANTELLVS
1517 2428 1746 2462 ORTVINO.

119 2512 158 2542 16
183 2507 490 2551 Mmmnotrectus]
524 2507 568 2541 cf.
594 2509 662 2541 51⁶.
681 2508 718 2541 et
742 2507 821 2541 Iud.
839 2507 956 2552 biogr.
974 2519 1008 2551 p.
1027 2511 1102 2541 411.
1122 2508 1188 2542 art.
1205 2507 1521 2542 Mammotrectus.
1568 2506 1736 2541 Fortasse
1761 2507 1795 2540 h.
1813 2507 1836 2540 l.

205 2575 340 2598 nomen
367 2574 388 2597 a
411 2563 582 2597 mammis
608 2564 646 2597 et
671 2563 829 2598 (bruchen
855 2564 1031 2607 (trucken)
1056 2563 1196 2597 factum
1223 2564 1288 2597 est.

117 2624 158 2654 21
184 2621 262 2655 sinc
286 2619 397 2663 statu]
423 2619 560 2653 nullius
585 2619 677 2653 certi
702 2619 840 2653 ordinis
865 2619 941 2653 sive
967 2619 1170 2661 facultatis,
1198 2619 1286 2662 quia
1311 2619 1416 2663 (fere)
1441 2619 1479 2652 in
1505 2619 1674 2653 omnibus
1691 2629 1836 2662 promo-

206 2677 275 2710 tus.
316 2675 360 2709 cf.
379 2686 491 2719 supra
514 2678 565 2709 3&

117 2736 164 2772 ‘22
188 2731 568 2775 Conscia]ztiosissimo]
595 2731 652 2765 Ita
677 2742 697 2764 a
720 2731 930 2776 magistello
948 2730 1169 2764 libidinante
1188 2731 1295 2764 acute
1324 2730 1535 2774 appellatur
1553 2730 1744 2772 Ortvinus,
1772 2730 1836 2773 qui

207 2788 344 2821 totiens
368 2786 406 2820 111
430 2787 487 2820 his
512 2787 679 2831 epistolis
703 2787 745 2820 ut
769 2786 917 2820 adulter
941 2787 979 2820 et
1002 2786 1204 2820 fornicator
1228 2786 1266 2819 in
1291 2796 1448 2820 scaenam
1472 2785 1699 2830 producitur.

118 2848 160 2878 23
185 2844 254 2887 cor]
281 2853 348 2887 pro
374 2842 496 2876 animo
521 2842 558 2875 in
583 2842 707 2876 bibliis
732 2842 1028 2883 usitatissimum,
1056 2843 1098 2876 ut
1121 2853 1190 2876 nec
1216 2842 1404 2876 veteribus
1428 2841 1657 2876 inusitatum.
1683 2842 1747 2876 sed
1763 2841 1835 2876 11.1.

209 2900 265 2933 est
294 2909 398 2932 amor
424 2899 595 2940 intimus,
627 2898 735 2932 unice
761 2899 915 2932 amatus.
965 2897 1183 2932 Germanice
1209 2908 1306 2942 saepe
1332 2897 1483 2941 quidem
1507 2897 1652 2942 puellas
1676 2897 1835 2930 diminu-

207 2955 283 2988 tive
313 2955 410 2988 mein
434 2954 637 2996 Herechen,
667 2955 765 2988 mein
789 2954 1068 2988 Hei-zblc‘cttchen
1100 2954 1160 2997 (ut
1188 2953 1309 2988 Plaut.
1337 2956 1478 2988 ‘meum
1510 2953 1739 2997 corculum')
1772 2964 1834 2998 ap-

208 3010 406 3055 pellamus,
422 3011 497 3060 (sed
521 3011 574 3044 ita
593 3010 788 3044 Ortvinum
812 3011 892 3044 tum
916 3009 1212 3054 quadragenario
1229 3011 1291 3044 vix
1307 3010 1489 3043 minorem
1507 3009 1696 3053 appellare
1713 3019 1835 3052 neque

207 3068 399 3102 incensum
424 3066 701 3101 adulescentem
726 3066 893 3101 decebat.

169 3136 257 3157 Hvr‘r.
276 3136 343 3157 OPP.
361 3137 463 3157 SVPPL.
481 3136 513 3157 Π.
1523 3125 1565 3157 38
