2119 3522
749 196 897 222 AQVINAS
922 209 929 216 .
944 209 951 216 .
966 209 973 217 .
998 195 1172 217 BALDVNG.
1717 176 1811 221 303

103 311 311 357 differunt,
346 316 486 348 contra
515 323 635 361 quam
665 310 791 360 aliqui
822 310 1099 349 existimant“.
1153 309 1216 347 Cf.
1249 310 1369 347 etiam
1398 306 1692 359 Ducangium².
1744 308 1813 346 Se-

102 367 279 404 cundum
316 372 466 405 statuta
500 363 789 403 Erfurtensia³
828 365 871 402 hi
909 371 1099 416 quattuor
1134 365 1397 416 promotionis
1436 365 1586 415 gradus
1623 365 1812 403 fuerunt:

105 421 144 471 1)
175 423 514 461 Baccalaureatus
544 422 735 468 biblicus,
776 434 896 471 quem
925 423 995 472 qui
1025 421 1238 460 adsecutus
1270 422 1422 467 fuerat,
1455 434 1577 459 sacrae
1607 421 1813 472 scripturae

98 479 222 516 libros
255 478 502 517 discentibus
532 477 831 528 interpretandi
860 478 923 515 ius
952 477 1147 526 habebat,
1181 477 1222 527 2)
1247 477 1583 516 Baccalaureatus
1606 477 1812 523 formatus,

99 536 168 585 qui
200 535 250 572 de
281 534 529 585 quibuslibet
558 534 796 584 theologicis
821 533 1046 584 disciplinis
1069 533 1321 583 praelegendi
1341 534 1402 570 ius
1423 533 1646 581 tribuebat,
1682 531 1722 582 3)
1746 533 1812 570 Li-

98 591 341 637 centiatura,
373 604 492 640 quam
521 603 604 627 non
631 589 941 627 nanciscebatur
961 590 1039 626 nisi
1060 590 1129 639 qui
1156 590 1244 627 sine
1265 589 1437 639 praeside
1461 589 1510 627 de
1530 588 1711 626 thesibus
1745 591 1814 627 ‘ex

98 646 283 684 omnibus
303 647 517 696 theologiae
539 646 719 696 partibus
741 659 787 683 ac
807 645 1063 683 ‘tractatibus'
1088 645 1308 695 desumptis
1329 644 1491 696 publice
1514 645 1810 696 disputaverat3

97 702 140 751 4)
163 703 407 741 Doctoratus
438 703 523 740 sive
551 702 848 752 Magisterium,
882 702 951 750 qui
981 714 1156 738 summus
1186 701 1318 738 honor
1347 714 1430 738 non
1462 701 1540 738 nisi
1570 701 1705 738 multis
1735 701 1811 738 sol-

95 758 400 810 lempnitatibus
432 764 472 796 et
501 758 780 803 sacramentis,
821 757 1004 807 prandiis
1037 763 1076 793 et
1107 757 1313 806 inpendiis
1352 757 1467 793 factis
1508 756 1811 807 adquirebatur.

99 836 149 841 --
180 815 245 852 De
276 815 413 852 formis
451 814 573 851 variis
610 813 919 858 baccalaureus,
961 812 1237 858 bacalaurius,
1278 812 1528 859 bacularius,
1569 812 1810 859 bacalariuS,

96 870 313 917 baclarius,
347 866 643 920 similibusque,
685 882 773 919 quae
805 882 942 906 omnes
973 869 1015 905 in
1046 882 1121 905 usu
1152 868 1340 914 suerunt,
1380 882 1462 905 non
1495 873 1554 905 est
1585 868 1695 918 quod
1724 869 1764 906 h.
1785 869 1812 906 l.

96 926 363 978 disputemus,
398 939 531 976 neque
559 939 690 963 meum
720 930 779 962 est
810 925 860 962 de
882 929 1016 976 etymo
1038 924 1244 970 vocabuli,
1280 924 1331 962 de
1352 936 1430 974 quo
1453 925 1560 962 inter
1580 925 1688 974 ipsos
1710 938 1811 962 com-

93 988 279 1033 petentes
310 982 463 1020 iudices
495 982 625 1019 adhuc
656 981 704 1018 lis
734 987 811 1028 est,
846 981 953 1019 ferre
981 981 1243 1019 sententiam:
1276 993 1451 1030 provoco
1475 980 1527 1018 ad
1548 978 1770 1019 Diezium⁴.

183 1059 220 1100 2)
237 1059 414 1101 Ducange
433 1058 504 1098 (ed.
522 1057 702 1099 Adelung)
721 1069 752 1090 v.
771 1058 1025 1101 Baccal-arius:
1119 1057 1184 1099 „3)
1201 1057 1424 1098 Baccalarii,
1444 1067 1508 1089 seu
1522 1057 1759 1089 Baccalaurei
1775 1058 1813 1088 in

182 1115 404 1155 Academiis,
429 1115 524 1156 apud
542 1114 659 1147 Nicol.
674 1114 717 1145 de
733 1114 942 1156 Clemengis
961 1139 967 1145 .
984 1138 1008 1153 .,
1028 1114 1088 1155 qui
1109 1112 1331 1145 Bachellarii
1348 1113 1425 1144 Nic.
1442 1113 1609 1144 Triuetto
1626 1114 1664 1144 in
1683 1112 1764 1147 Chr.
1780 1123 1811 1144 a.

183 1173 293 1211 1282„
312 1171 525 1202 Bachalarii
538 1170 814 1212 XValsinghamo
833 1182 866 1212 p.
882 1172 935 1205 51.
953 1174 988 1202 et
1000 1169 1189 1201 Bacularii
1206 1180 1239 1211 p.
1254 1171 1330 1203 309.
1346 1169 1408 1210 qui
1422 1170 1459 1200 in
1474 1180 1514 1201 eo
1529 1169 1647 1211 gradu
1660 1172 1754 1209 sunt,
1772 1172 1814 1200 ut

183 1228 229 1259 ad
243 1228 482 1259 Doctoratum
500 1227 661 1268 aspirare
681 1228 837 1268 possint,
860 1226 1159 1268 quemadmodum
1177 1225 1387 1257 Baccalarii
1405 1224 1582 1256 militares
1600 1225 1813 1257 adolescen—

181 1286 238 1315 tes
264 1280 333 1325 [cf.
351 1282 438 1314 ibid.
455 1283 474 1322 ξ
492 1284 522 1314 2.
549 1285 638 1325 „qni
660 1284 824 1315 7z’avoz‘ent
844 1294 910 1324 pas
933 1293 1054 1315 encore
1077 1284 1147 1314 leve'
1167 1282 1354 1319 Bannz'ere,
1380 1278 1653 1324 Bacheh'ers“],
1680 1282 1741 1322 qui
1767 1280 1813 1312 ad

179 1339 443 1371 Baneretorum
467 1338 618 1381 gradum
642 1339 791 1381 perinde
822 1340 1000 1381 aspirant.
1055 1340 1147 1371 Nam
1170 1339 1255 1370 inde
1280 1338 1550 1370 Baccalaureos
1573 1337 1813 1369 Academicos

181 1395 296 1427 dictos
323 1395 400 1427 fere
425 1390 570 1426 constat
590 1392 649 1437 [et
667 1395 815 1427 Diezius
841 1405 983 1437 quoque
1008 1394 1213 1435 confirmat,
1240 1395 1301 1435 qui
1325 1405 1403 1426 cum
1421 1393 1613 1435 Ducangio
1630 1393 1813 1435 principa-

179 1451 251 1484 lem
268 1451 471 1483 baccalarii
489 1451 813 1494 significationem,
833 1462 916 1484 saec.
936 1462 1004 1491 1X.,
1023 1450 1261 1490 baccalariae,
1280 1451 1302 1481 i.
1323 1461 1351 1484 6.
1370 1450 1487 1482 mansi
1505 1450 1650 1490 rustici,
1670 1459 1812 1491 posses-

180 1518 297 1541 sorem
315 1508 430 1539 fuisse
457 1505 592 1551 docet].
643 1507 757 1539 Sacra
775 1511 897 1539 autem
916 1507 1127 1549 Theologiae
1144 1507 1367 1538 Parisiensis
1386 1506 1564 1547 facultas,
1583 1508 1623 1536 ut
1642 1506 1813 1537 observat

181 1589 188 1596 .
203 1589 210 1596 .
233 1564 441 1604 Filesacus,
466 1565 504 1595 in
523 1567 678 1606 quatuor
694 1564 795 1596 velut
812 1564 956 1596 ordines
977 1563 1177 1595 distributa
1195 1566 1268 1603 est,
1290 1562 1565 1604 Magistrorum,
1583 1561 1812 1593 Licentiato-

180 1631 274 1661 rum,
292 1620 591 1652 Baecalariorum
609 1621 880 1660 Formatorum,
901 1623 936 1652 et
952 1619 1250 1652 Baccalariorum
1266 1618 1468 1653 Cursorum,
1516 1618 1687 1659 Magistri
1704 1617 1812 1649 iidem

179 1679 279 1717 sunt,
299 1677 361 1717 qui
373 1677 545 1708 Doctoris
562 1676 726 1709 lauream
744 1677 932 1709 consecuti
949 1679 1048 1708 sunt:
1075 1676 1119 1708 de
1134 1676 1358 1707 Licentiatis
1375 1674 1516 1706 dicetur
1534 1684 1597 1706 suo
1616 1673 1698 1706 loco
1713 1670 1813 1717 [sunt

180 1733 309 1774 quibus
332 1732 481 1774 publice
505 1733 543 1764 in
568 1732 760 1765 academia
782 1732 973 1775 profitendi
995 1732 1150 1765 licentia
1169 1732 1256 1764 data
1278 1735 1349 1771 est,
1373 1731 1559 1763 licentiati
1577 1730 1622 1762 ad
1639 1730 1810 1772 magiste-

177 1786 298 1832 rium].
349 1788 593 1821 Baccalaurei
615 1789 781 1821 Formati
805 1789 971 1821 dicuntur
994 1789 1066 1829 illi,
1100 1789 1161 1830 qui
1187 1787 1331 1830 expleto
1355 1786 1570 1828 Theologiae
1595 1796 1703 1819 cursu
1729 1796 1811 1828 pos-

178 1849 263 1877 sunt
287 1845 332 1877 ad
356 1845 560 1887 superiores
585 1845 719 1888 gradus
741 1845 911 1887 provehi,
938 1847 1048 1886 atque
1069 1845 1151 1877 inde
1173 1844 1245 1876 alio
1263 1844 1407 1876 nomine
1425 1846 1600 1875 vocantur
1617 1843 1808 1885 Dispositi.

177 1901 421 1934 Baccalaurei
445 1902 598 1944 denique
617 1901 792 1934 Cursores
815 1904 899 1933 sunt
916 1901 1127 1943 Theologiae
1150 1900 1346 1932 Candidati
1363 1899 1468 1942 primi
1489 1899 1652 1941 generis,
1678 1899 1740 1940 qui
1764 1898 1811 1929 ad

178 1957 330 1990 Cursum
347 1958 610 2000 Theologicum
629 1958 888 2000 explicandum
909 1958 1166 1997 admittuntur,
1190 1956 1391 1989 Bibliorum
1408 1966 1552 1998 nempe,
1577 1958 1708 1997 postea.
1727 1954 1810 1986 libri

178 2013 449 2046 Sententiarum
472 2015 574 2046 Petri
596 2015 812 2046 Lombardi:
837 2014 931 2046 unde
953 2017 1042 2045 nata
1067 2013 1135 2045 illa
1159 2013 1349 2045 distinctio
1374 2012 1468 2054 apud
1491 2012 1649 2043 maiores
1672 2011 1811 2042 Bacca-

178 2070 368 2110 lariorum,
394 2074 433 2102 ut
458 2070 520 2102 alii
538 2070 690 2111 Biblici,
719 2071 783 2102 alii
801 2070 1041 2103 Sententiarii
1064 2059 1333 2112 nuncupentur?
1378 2069 1492 2101 Vetus
1517 2068 1700 2100 Statutum
1717 2068 1811 2099 Aca-

180 2126 308 2158 demiae
337 2126 582 2159 Parisiensis:
631 2126 796 2167 Quilibet
826 2127 959 2159 Cursor
992 2124 1272 2168 (Baccalarius)
1306 2125 1344 2156 in
1376 2123 1580 2165 Theologia
1612 2124 1709 2155 inter
1741 2123 1811 2165 pri-

178 2192 272 2213 mum
290 2181 441 2214 Cursum
466 2183 512 2214 ad
530 2183 741 2215 Sententias
765 2184 953 2215 tenebitur
969 2182 1190 2224 respondere
1208 2183 1245 2213 in
1262 2181 1463 2223 Theologia
1489 2180 1533 2212 ad
1557 2180 1674 2211 minus
1698 2179 1810 2212 semel

178 2238 221 2270 de
246 2238 496 2280 disputatione
516 2240 715 2272 Tentativa
739 2240 805 2271 sub
827 2240 1020 2282 Magistro.
1069 2238 1151 2270 Alio
1176 2238 1273 2270 loco:
1298 2237 1377 2270 Nisi
1401 2236 1489 2269 talis
1513 2235 1640 2268 volens
1665 2236 1810 2267 admitti

177 2298 320 2337 tempus
338 2305 439 2327 suum
457 2296 664 2338 probaverit
682 2306 748 2338 per
760 2295 962 2328 Bibliorum
979 2293 1038 2330 &c‚
1080 2294 1172 2326 Vide
1187 2294 1283 2327 Hist.
1297 2293 1506 2325 Academiae
1519 2292 1635 2324 Paris.
1650 2295 1734 2325 tom.
1749 2291 1810 2326 IV.

177 2362 210 2393 p.
227 2352 304 2386 391.
325 2354 361 2383 et
377 2350 615 2384 Lambecium
638 2352 703 2386 lib.
720 2353 751 2387 2,
771 2351 906 2384 Comm.
924 2351 1019 2383 Bibl.
1039 2350 1130 2385 Caes.
1148 2362 1182 2393 p.
1201 2351 1274 2384 128.
1295 2359 1372 2391 sqq.
1419 2348 1700 2381 Baccalariatus
1724 2358 1810 2380 vero

177 2407 237 2439 vel
254 2408 473 2441 Doctoratus
496 2410 533 2440 in
553 2409 760 2441 Academiis
783 2408 949 2451 Anglicis
979 2407 1113 2450 gradus
1138 2417 1208 2438 non
1234 2406 1403 2438 obtinent
1423 2430 1519 2437 .....
1545 2404 1810 2444 Baccellarius,

179 2463 259 2497 ead.
278 2464 437 2499 notione.
468 2465 555 2497 Vita
573 2464 608 2496 S.
628 2465 775 2497 Thomae
791 2465 921 2506 Aquin.
941 2489 969 2496 ..
986 2489 993 2495 .
1012 2489 1019 2496 .
1044 2472 1070 2495 4.
1096 2463 1139 2495 In
1165 2462 1334 2495 ecclesiis
1363 2462 1484 2494 iunior
1508 2462 1705 2493 canonicus
1730 2471 1809 2502 pro-

177 2520 308 2559 fessus,
328 2521 484 2552 nondum
501 2522 728 2564 presbyterio
747 2521 900 2553 donatus
905 2545 1001 2553 .....
1019 2519 1279 2562 Baquelarius,
1305 2518 1385 2552 ead.
1400 2519 1545 2550 notione
1550 2542 1669 2549 ......
1694 2524 1720 2550 5.
1741 2517 1811 2548 Ea-

178 2575 258 2607 dem
287 2577 428 2609 ratione
454 2577 707 2609 adolescentes
735 2588 807 2610 non
838 2577 1044 2619 coniugati,
1076 2579 1114 2608 et
1135 2575 1340 2608 iuvenculae
1364 2574 1521 2606 nondum
1545 2576 1685 2615 nuptae,
1717 2573 1809 2604 Bac-

179 2631 309 2663 calarii
334 2636 371 2664 et
393 2633 625 2666 Baecalariae
652 2634 882 2666 vocabantur
901 2658 908 2664 .
930 2658 936 2664 .
960 2632 1012 2664 .“.
1135 2631 1169 2673 3)
1188 2631 1243 2662 Cf.
1264 2631 1497 2662 sslotsehmarm
1522 2630 1665 2670 Erford.
1684 2630 1808 2660 literni.

177 2689 359 2719 continuat.
377 2690 404 2723 1.
422 2700 455 2730 p.
471 2691 522 2721 10.
538 2699 590 2731 sq.
704 2690 739 2730 4)
758 2691 799 2724 F.
819 2691 900 2721 Diez
918 2689 1030 2729 Elym.
1059 2688 1233 2720 lVr'irterh.
1255 2688 1317 2718 cler
1334 2697 1460 2718 roman.
1482 2685 1670 2727 Spraclzen.
1691 2685 1746 2716 ed.
1764 2684 1810 2717 II.

180 2745 276 2776 1861.
297 2744 342 2780 80,
361 2756 394 2786 p.
409 2746 462 2779 41,
479 2755 529 2786 sq.
549 2756 581 2780 v.
601 2745 814 2778 Baccalare.

90 2826 286 2866 BALBVS,
318 2819 509 2857 Ioannes.
541 2823 611 2859 vid.
634 2820 783 2866 Ianua,
816 2821 889 2857 Ioa
919 2820 981 2859 de.

88 2910 327 2950 BALDVNG,
369 2904 464 2941 Pius
495 2905 792 2955 Hieronymus,
837 2904 885 2941 de
919 2902 1169 2948 Gamuudia,
1210 2902 1318 2938 inter
1356 2907 1436 2939 tres
1474 2901 1600 2947 viros,
1642 2913 1809 2951 quorum

89 2960 254 2998 nomina
285 2973 367 2997 non
399 2961 547 3011 repetit
568 2958 739 3006 1).21823,
774 2961 924 3010 primus
954 2965 1030 3005 est,
1066 2960 1231 3008 eiusque
1253 2957 1377 3008 plena
1397 2957 1640 3008 subscriptio
1662 2956 1812 3008 legitur

88 3016 130 3054 iu
162 3016 427 3068 Pepericorni
459 3017 698 3055 defensioue
731 3017 794 3054 ed.
819 3030 858 3053 n.
880 3029 915 3063 p.
934 3014 1104 3055 107⁸···'¹.
1165 3015 1214 3052 In
1251 3014 1500 3052 matriculam
1533 3013 1810 3051 universitatis
