2119 3522
80 848 143 872 paff-
152 841 173 864 Ἰ1.
186 839 257 864 mm.

81 1127 175 1159 pag-4.
187 1126 259 1151 echi.

101 1819 259 1845 :icc—ommia-

147 1854 186 1878 uit
206 1855 227 1878 1.

86 1888 179 1921 [11111ιῦ-
191 1887 263 1912 [³¹13.

113 1920 225 1954 onesiiifi
239 1922 262 1946 2.

111 1955 262 1983 egrotanti-

133 1986 190 2013 bus
207 1989 230 2013 1.

92 2462 157 2487 paam
165 2456 188 2480 5.
201 2454 242 2479 011.
252 2456 273 2479 1.

95 2968 158 2993 pag.
168 2962 190 2985 6.
203 2960 273 2985 cim.

277 197 336 240 8ss
592 210 697 231 mmm
723 207 932 229 semprouvm
961 204 1094 227 CAVSAM
1119 200 1402 225 REVCHLINIANAM
1428 198 1668 222 SPECTANTIVM.

341 326 360 363 ἕ
385 324 503 355 Primo
529 321 640 362 igitur
665 319 847 351 confessus
874 316 941 357 est,
969 316 1002 348 se
1029 314 1250 347 sacerdotem
1277 312 1368 345 falso
1394 311 1640 353 adsimulasse,
1668 315 1704 344 et
1724 313 1777 344 ita
1794 312 1982 353 creditum,

276 381 320 412 ad
347 388 459 411 annos
491 378 599 408 ferme
625 375 756 415 viginti
788 374 978 405 continuos
1004 370 1167 402 omnibus
1199 368 1331 400 officiis
1362 367 1437 399 siue
1463 368 1670 400 muneribus
1696 367 1981 400 sacerdotalibus

276 434 499 476 perfunctum
533 431 684 466 missam,
720 432 755 460 et
786 419 1077 468 reliqua‘omnia
1109 425 1234 456 diuina
1263 425 1302 455 in
1332 434 1464 455 morem
1495 424 1574 455 veri
1604 423 1757 465 iustique
1787 424 1983 455 sacerdotis

277 487 511 526 celebrando,
545 485 785 517 confessiones
811 482 973 523 *fidelium
1006 480 1201 519 audiendo,
1237 479 1491 511 eucharistiam
1524 479 1740 510 adeuntibus
1775 479 1885 511 etiam
1910 479 1984 521 ipso

275 544 411 576 solenni
437 546 472 573 et
497 540 722 572 sacrosancto
748 539 805 570 ‹lie
833 537 964 580 pasche
989 534 1237 568 ministrando.

343 610 361 648 ἕ
387 610 559 640 Preterea
589 607 682 638 idem
715 604 900 645 pei-uersus
931 604 1035 635 homo
1067 606 1139 633 tres
1172 600 1373 643 particulas
1398 600 1620 633 venerabilis
1647 601 1864 633 eucharistIe
1891 602 1985 633 clam

278 666 311 697 se
338 663 516 696 confessus
541 663 593 694 est
617 660 837 702 surripuisse3
870 661 1002 691 Earum
1030 668 1136 689 unam
1164 657 1231 688 sibi
1257 656 1443 688 retinuisse
1471 659 1506 688 et
1531 668 1572 688 eo
1597 657 1705 698 usque
1731 656 1821 689 stilis
1847 656 1985 689 cultris-

277 731 343 762 que
368 720 405 751 in
431 719 503 750 solo
534 718 611 749 loco
642 718 787 748 remotis
820 714 966 746 arbitris
1001 712 1217 753 confod‘sse,
1250 712 1368 755 quoad
1399 712 1552 744 ubertim
1586 723 1690 743 cruor
1719 713 1803 745 inde
1832 713 1984 744 miracu-

276 776 370 808 losus
400 774 624 816 profluxerit3
655 773 732 811 Quo
758 771 831 803 uiso
858 769 1053 802 crediderit
1079 778 1202 800 verum
1229 768 1333 799 deum
1360 770 1395 799 et
1419 767 1598 799 hominem
1626 767 1697 799 esse
1723 768 1985 800 sacramentum

277 833 359 870 hoc,
383 829 395 872 Η
419 830 576 870 reliquas
610 832 729 859 autem
761 827 850 858 duas
881 824 1082 867 particulas
1109 822 1308 855 vendidisse
1333 823 1468 863 iudeis,
1501 823 1608 855 simili
1633 823 1850 855 crudelitate
1877 827 1984 865 atquc

278 888 412 919 seuicia
437 885 530 927 (quis
555 882 714 923 dubitat)
741 884 778 913 in
804 892 866 913 eas
894 882 1002 912 etiam
1029 879 1324 912 debacchaturis.

344 955 362 992 ξ
387 953 485 984 Inter
510 956 631 983 cetera
656 954 691 982 et
715 950 780 981 hoc
806 959 945 991 quoque
973 948 1024 979 est
1053 947 1180 987 fassus,
1207 946 1241 977 se
1259 944 1532 977 illustrissimum
1551 948 1588 977 et
1605 946 1936 978 reuerendissimum
1951 947 1987 978 in

279 1008 416 1040 Christo
447 1008 644 1045 dominum,
676 1005 856 1036 dominum
881 1005 1065 1036 Albertum
1092 1002 1337 1034 Marchionem
1361 1001 1738 1042 Brandeburgensem,
1771 1012 1866 1032 nunc.
1888 994 1988 1044 Mag-

280 1063 534 1105 deburgensem
567 1061 785 1103 episcopum,
820 1070 886 1091 nec
917 1070 988 1091 non
1021 1059 1168 1090 fratrem
1204 1059 1280 1089 eius
1305 1057 1527 1089 Ioachimum
1552 1058 1752 1099 principem
1782 1057 1987 1098 electorem,

280 1118 392 1160 01111111
417 1122 494 1150 tota
524 1118 706 1157 utriusque
734 1115 874 1147 familia
906 1116 1027 1147 toxico
1060 1113 1306 1155 aggressurum
1332 1113 1456 1154 fuisse,
1490 1123 1608 1154 neque
1641 1112 1787 1144 multum
1820 1113 1987 1153 abfuisse,

279 1176 362 1216 quin
394 1174 607 1206 destinatum
638 1172 709 1203 iam
741 1171 860 1202 animo
891 1170 1123 1212 parricidium
1156 1168 1387 1208 confecisset,
1424 1178 1538 1209 eoque
1570 1169 1713 1200 nomine
1747 1178 1875 1200 aureos
1908 1179 1988 1200 cen-

279 1237 351 1262 tum
377 1231 409 1262 se
437 1241 457 1261 a
483 1229 599 1260 iudeis
625 1227 816 1269 accepisse.

345 1300 363 1335 ξ
388 1297 485 1328 Idem
512 1296 544 1327 se
563 1295 725 1326 Messiam
754 1293 842 1333 esse,
871 1297 907 1325 et
933 1303 1066 1334 aquam
1091 1293 1128 1323 in
1148 1293 1270 1323 vinum
1289 1291 1539 1332 commutasse,
1567 1291 1794 1332 mortuosque
1813 1292 1858 1323 ad
1875 1293 1990 1324 vitam

281 1353 497 1395 postliminio
524 1350 706 1383 reuocasse
732 1351 826 1382 inter
853 1349 1018 1381 credulos
1044 1348 1221 1390 gloriatus
1251 1348 1313 1379 est.

346 1420 364 1458 ἕ
389 1419 508 1450 Etiam
534 1418 648 1459 plagii
673 1417 807 1447 crimen
825 1416 1008 1448 confessus
1027 1415 1059 1447 se
1080 1414 1131 1446 est
1150 1415 1380 1455 commisisse,
1406 1417 1536 1456 utputa
1555 1416 1614 1456 qui
1632 1415 1720 1446 duos
1738 1415 1901 1446 infantes
1920 1415 1990 1446 fur—

280 1478 354 1507 tiue
381 1474 630 1506 interuerterit
660 1477 769 1513 atque
798 1471 965 1504 amolitus
990 1471 1050 1511 sit;
1085 1481 1234 1511 quorum
1266 1470 1417 1502 alterum
1449 1470 1567 1502 iudeis
1599 1481 1619 1502 a
1651 1471 1683 1502 se
1709 1470 1892 1502 venditum
1918 1471 1991 1512 ipse

280 1541 350 1562 una
382 1541 458 1561 cum
490 1530 542 1561 eis
575 1527 888 1560 excarnificauerit
919 1526 1149 1569 graphiisque
1183 1529 1298 1558 totum
1331 1526 1535 1566 confixerit,
1567 1527 1686 1567 quoad
1720 1537 1859 1558 omnem
1890 1526 1992 1558 illum

281 1586 416 1617 roseum
447 1585 593 1616 laticem
619 1584 739 1626 pueri,
773 1595 791 1615 e
817 1583 1029 1615 vulneribus
1062 1583 1203 1614 cunctis
1234 1583 1470 1623 profluentem
1501 1582 1547 1613 ad
1573 1581 1652 1614 suos
1677 1582 1758 1614 usus
1785 1583 1993 1624 exciperent

282 1641 501 1683 sanguinarii
527 1650 651 1678 canes3
679 1640 849 1680 alterum,
877 1639 961 1680 quia
987 1638 1171 1680 capillicio
1196 1638 1286 1670 ruffo
1314 1642 1410 1679 erat,
1437 1642 1474 1670 et
1498 1639 1541 1670 ob
1569 1638 1604 1669 id
1629 1637 1776 1670 fortasse
1802 1639 1847 1670 ad
1872 1638 1993 1670 iudeo-

280 1707 355 1728 rum
382 1697 579 1738 pharmaca
605 1696 843 1738 improbatus,
874 1695 1010 1726 illesum
1037 1698 1072 1726 et
1098 1695 1190 1726 citra
1214 1705 1342 1726 noxam
1367 1695 1496 1726 iterum
1521 1694 1705 1727 dimiserit.

349 1765 367 1803 ἕ
394 1765 440 1795 Et
464 1767 503 1794 ut
527 1763 616 1794 nihil
650 1763 796 1795 sceleris
828 1763 1047 1794 intentatum
1078 1765 1242 1794 maneret
1274 1763 1435 1801 omnino,
1469 1761 1537 1793 sibi
1569 1761 1678 1792 etiam
1711 1761 1843 1793 medici
1875 1761 1994 1803 perso-

280 1830 362 1851 nam
393 1818 696 1858 accommodauit,
734 1819 838 1859 seque
872 1818 967 1860 apud
993 1818 1138 1859 ignotos
1171 1817 1297 1858 passim
1323 1817 1501 1858 professus
1527 1816 1595 1856 est,
1633 1827 1740 1859 quum
1766 1817 1808 1848 sit
1832 1817 1869 1849 in
1894 1816 1994 1849 nullo

283 1875 465 1907 mendatio
490 1874 501 1915 ΙΙ
525 1876 640 1906 maius
673 1874 883 1916 periculum.
932 1873 1001 1905 Sed
1033 1884 1141 1915 opere
1172 1874 1332 1914 precium
1366 1873 1417 1904 est
1447 1873 1535 1905 scire
1568 1873 1652 1914 quid
1684 1873 1851 1915 egregius
1877 1873 1996 1906 noster

282 1931 344 1962 iste
371 1931 530 1962 medicus
555 1931 818 1972 {egrotantibus
846 1929 1059 1971 prestiterit:
1085 1940 1148 1970 pro
1174 1929 1437 1961 medicamento
1464 1929 1607 1970 presens
1625 1939 1802 1961 venenum
1821 1930 1994 1970 porrexit,

283 1997 345 2027 pro
382 1989 575 2028 expectata
613 1986 725 2017 salute
762 1985 992 2027 repentinum
1030 1985 1136 2017 funus
1174 1985 1338 2026 deceptis
1380 1985 1522 2025 attulit3
1567 1988 1674 2026 atque
1713 1986 1766 2016 ita
1803 1984 1995 2017 subditicia

283 2042 479 2074 huiusmodi
504 2042 667 2082 falsaque
694 2041 825 2073 medici
851 2041 1003 2082 persona
1029 2045 1172 2083 egrotos
1197 2051 1267 2072 non
1294 2042 1410 2072 minus
1436 2040 1607 2073 tredecim
1626 2041 1660 2072 se
1679 2040 1848 2073 occidisse
1874 2040 1996 2082 palam

284 2099 320 2129 in
346 2098 529 2139 questione
556 2097 734 2129 confessus
766 2097 825 2131 est.

352 2166 370 2203 ξ
397 2165 502 2196 Vltra
532 2165 738 2205 supradicta
770 2163 907 2196 scelera
938 2164 1032 2196 hanc
1065 2174 1205 2205 quoque
1238 2164 1336 2195 illum
1371 2164 1561 2206 quesitoris
1592 2174 1682 2196 vrna
1715 2164 1857 2206 subegit
1888 2164 1997 2196 fateri

286 2220 487 2262 perfidiam,
521 2220 694 2260 quomodo
720 2219 884 2251 vndeeim
911 2220 1001 2251 alios
1029 2220 1231 2252 nebulones
1262 2220 1327 2252 sibi
1353 2220 1590 2261 adiunxisset,
1622 2219 1768 2262 ipseque
1794 2221 1830 2251 in
1857 2230 1898 2252 eo
1924 2221 1995 2252 col-

285 2276 383 2316 legio
409 2276 637 2307 duodecimus
670 2278 705 2305 et
735 2274 833 2306 uelut
858 2276 1043 2316 prefectus
1069 2276 1215 2316 quidam
1241 2276 1430 2316 extitisset,
1465 2279 1573 2317 atque
1606 2276 1661 2308 his
1693 2276 1797 2308 sociis
1822 2275 1996 2308 scelerum

289 2331 458 2362 ciuitates
491 2331 692 2372 complures
724 2330 937 2370 oberrasset,
970 2331 1036 2361 tali
1069 2336 1268 2363 commento
1301 2332 1459 2362 incautis
1489 2331 1662 2363 illudens:
1699 2342 1805 2364 vnum
1838 2331 1997 2373 aliquem

290 2386 333 2417 de
358 2386 524 2418 vndecim
556 2386 630 2417 illis
661 2386 810 2427 reliquis
840 2386 989 2417 iubebat
1022 2386 1053 2418 se
1079 2387 1254 2428 leprosum
1282 2386 1516 2428 adsimulare,
1549 2387 1677 2420 deinde
1703 2387 1839 2429 siquam
1864 2388 1999 2419 adituri

295 2440 409 2473 essent
433 2441 618 2473 ciuitatem
644 2441 729 2483 ipsi,
758 2452 798 2472 eo
824 2441 923 2472 illum
948 2442 1142 2483 precedere
1170 2446 1206 2475 et
1228 2453 1289 2484 pro
1308 2442 1427 2475 valvis
1445 2444 1619 2485 ecclesie,
1647 2444 1693 2475 ad
1712 2454 1816 2485 quam
1834 2443 1844 2485 Η
1861 2445 1998 2476 maiore

290 2497 459 2538 populum
497 2497 702 2539 frequentia
737 2498 931 2529 conuenire
968 2497 1205 2539 obseruasset,
1246 2499 1593 2531 ualetudinariorum
1629 2510 1727 2531 more
1763 2500 1997 2541 procumbere

292 2553 488 2594 stipemque
515 2563 536 2584 a
561 2553 853 2594 pretereuntibus
881 2564 1083 2595 corrogare.
1119 2556 1194 2594 Que
1221 2554 1301 2585 dum
1329 2560 1568 2595 exequeretur
1593 2555 1674 2596 ille,
1701 2556 1846 2587 interim
1872 2555 1928 2587 isti
1953 2555 1998 2587 ad

292 2609 477 2640 ciuitatem
505 2608 558 2648 (ut
583 2608 663 2640 casu
688 2608 823 2640 venisse
851 2609 1030 2650 crederes)
1057 2611 1337 2651 perueniebant,
1366 2621 1516 2651 eumque
1544 2621 1647 2652 quem
1666 2611 1917 2653 premiserant,
1945 2612 1998 2643 ita

293 2668 331 2695 ut
357 2667 578 2695 conuenerat
609 2665 703 2695 inter
733 2664 844 2706 ipsos,
877 2665 1126 2696 inueniebant.
1176 2667 1265 2697 Tum
1294 2667 1420 2698 iudeus
1445 2667 1504 2698 hic
1529 2667 1733 2708 baptisatus
1759 2667 1861 2708 quasi
1886 2667 1998 2699 totius

293 2720 384 2750 facti
409 2719 539 2751 inscius
564 2720 663 2751 illum
689 2720 740 2751 ibi
765 2721 925 2761 grauiter
951 2720 1062 2761 (sicut
1086 2721 1298 2761 uidebatur)
1327 2722 1498 2754 affectum
1524 2722 1789 2755 dissimulanter
1817 2724 1998 2755 accedens

294 2774 394 2806 uelut
424 2775 465 2806 de
500 2775 576 2806 celo
609 2775 794 2817 sospitator
826 2777 940 2808 subito
973 2777 1116 2808 oblatus
1147 2777 1238 2809 bene
1270 2777 1411 2819 sperare
1446 2782 1481 2809 et
1511 2779 1642 2811 bonum
1675 2780 1832 2811 animum
1863 2779 1998 2810 habere

295 2840 374 2862 eum
399 2831 513 2870 iussit,
540 2831 867 2873 apprehensumque
893 2833 1072 2864 hominem
1102 2831 1155 2873 (ut
1180 2834 1383 2874 apparebat
1408 2834 1522 2867 stultis
1549 2836 1609 2877 qui
1635 2834 1800 2875 aderant)
1828 2835 1998 2866 continuo

296 2887 449 2918 curauit.
498 2887 578 2925 Qua
601 2887 728 2919 fraude
754 2898 921 2929 magnam
946 2889 1097 2930 pecunie
1121 2890 1195 2921 vim
1220 2890 1286 2921 sibi
1312 2893 1539 2932 pepererunt.

362 2955 380 2992 ξ
404 2954 502 2985 Idem
533 2954 651 2986 nescio
683 2955 740 2986 cui
765 2954 933 2995 magistro
960 2958 996 2987 et
1020 2956 1196 2988 sacerdoti
1221 2957 1314 2997 apud
1339 2958 1499 2990 Francos
1527 2959 1651 3000 agenti
1676 2959 1862 2990 demonem
1888 2968 2000 2999 quen-

293 3012 374 3043 dam
406 3010 621 3042 familiarem
652 3010 684 3041 se
718 3010 893 3051 furatum,
931 3011 1068 3052 illoque
1106 3012 1265 3044 ministro
1305 3013 1485 3055 complura
1525 3015 1706 3046 maleficia
1738 3014 1934 3046 exercuisse
1963 3013 1997 3046 se
