2119 3522
299 250 393 293 418
792 265 897 286 ixnsx
923 263 1174 285 BIOGRAPHICVS
1198 263 1239 283 ET
1264 256 1505 285 oxonAs‘mcvs.
1927 276 1943 287 .

297 379 377 410 dum
402 382 540 417 autem,
573 377 666 417 quod
696 377 734 407 in
760 377 857 407 omni
882 375 1101 407 salutatione
1125 376 1273 407 verbum
1299 378 1458 415 tacetur,
1489 375 1545 406 vel
1571 378 1717 416 propter
1741 375 1887 407 nimium
1914 374 2001 407 affe-

296 439 391 465 ctum
416 433 608 464 scribentis
634 432 691 463 vel
718 434 862 472 propter
887 430 1151 472 curialitatem,
1182 431 1235 462 ita
1259 434 1380 462 tamen
1404 434 1444 462 ut
1469 431 1615 472 aliquod
1639 431 1789 462 istorum
1813 433 2003 463 verborum

294 500 434 530 semper
460 488 756 528 subintelligatur
786 485 926 528 ‘optat'
961 485 1145 518 ‘mandat’
1179 486 1237 518 vel
1268 485 1413 517 ‘mittit'
1441 490 1477 518 et
1503 490 1625 518 cetera
1649 486 1794 520 similia.
1841 487 1883 518 In
1907 486 2003 518 salu-

293 546 430 576 tatione
457 545 528 575 ista
553 546 635 574 sunt
667 542 948 574 consideranda:
982 553 1048 584 que
1081 543 1128 574 sit
1153 552 1309 584 persona
1333 543 1530 583 mittentis,
1565 553 1631 584 que
1656 543 1886 585 recipientis,
1918 553 2003 584 quo-

294 602 389 631 niam
427 600 599 631 salutatio
637 609 708 630 non
744 599 854 630 debet
886 610 906 630 a
938 599 1009 629 situ
1043 598 1102 630 vel
1135 609 1155 629 a
1188 598 1367 639 dignitate
1404 608 1640 639 personarum
1675 598 1903 640 discrepare,
1939 599 2003 630 sed

292 657 399 688 debet
430 655 582 687 cuilibet
613 665 762 696 persone
793 654 952 686 additam
983 654 1053 685 sibi
1083 654 1375 686 convenientiam
1403 664 1483 685 cum
1509 654 1632 686 debita
1659 654 1917 686 adiectivorum
1944 665 2003 696 ap-

293 712 472 754 positione
506 712 713 753 assignare,
750 714 790 741 ut
820 711 850 741 si
881 710 1063 742 scribatur
1100 710 1247 742 literato
1284 714 1464 751 ponantur
1502 710 1688 742 adiectiva
1720 711 1762 742 de
1796 710 2002 750 literatura,

292 767 403 800 nobili
435 767 478 799 de
509 767 703 798 nobilitate
736 770 771 798 et
801 766 854 797 sic
885 766 927 797 de
955 766 1051 799 aliis.
1106 766 1297 798 Sciendum
1330 766 1424 806 quod
1457 777 1587 798 nomen
1615 777 1767 808 persone
1792 767 2004 808 recipientis

291 824 400 856 debet
425 824 509 865 poni
535 824 570 854 in
596 823 718 855 dativo
746 832 849 861 casu,
878 832 1007 854 nomen
1034 822 1213 854 mittentis
1240 823 1275 853 in
1301 823 1524 854 nominativo
1552 832 1638 855 casu
1665 826 1701 854 et
1725 823 1763 853 in
1788 823 1900 854 tertia
1926 832 2004 863 per-

291 891 392 912 sona.
441 881 482 911 In
507 879 730 911 salutatione
761 889 831 910 non
863 878 997 910 debent
1022 879 1107 919 poni
1131 879 1244 910 verba
1270 889 1337 919 que
1364 879 1548 920 pertinent
1575 879 1620 910 ad
1644 878 1786 910 laudem
1812 879 2003 918 mittentis,

291 936 354 968 sed
379 937 496 977 potius
522 935 751 977 recipientis,
780 945 857 965 cum
883 935 1059 976 scriptum
1085 935 1132 966 sit
1158 934 1226 966 ‘Os
1252 938 1288 965 te
1305 934 1431 966 laudet
1449 934 1626 975 alienum,
1653 945 1723 966 non
1741 937 1839 965 tuum
1851 932 1871 968 ’.
1912 933 2004 965 Item

292 994 326 1023 in
353 992 574 1023 salutatione
602 1001 743 1032 semper
768 991 853 1032 poni
877 990 985 1022 debet
1010 1000 1139 1021 nomen
1165 1001 1319 1031 persone
1347 994 1420 1021 tam
1446 991 1623 1022 mittentis
1651 1001 1755 1032 quam
1780 990 2003 1031 recipientis,

290 1048 432 1089 quando
459 1049 589 1087 scitur,
617 1057 818 1088 nomenque
845 1046 1051 1088 dignitatis,
1078 1056 1209 1077 nomen
1233 1046 1345 1077 officii
1365 1071 1371 1077 .
1389 1071 1416 1077 ..
1446 1045 1637 1077 Sciendum
1664 1046 1757 1087 quod
1783 1049 1936 1087 quatuor
1961 1045 2004 1076 de

291 1105 411 1136 causis
442 1105 625 1146 proprium
656 1113 786 1134 nomen
817 1103 1029 1144 recipientis
1062 1103 1097 1132 in
1128 1102 1351 1134 salutatione
1383 1105 1543 1141 tacetur,
1585 1104 1646 1132 lum
1679 1113 1721 1133 ex
1753 1112 1794 1133 eo
1825 1112 1902 1132 cum
1934 1111 2004 1132 non

289 1171 452 1202 personae
479 1160 541 1191 sed
568 1159 741 1200 dignitati
766 1159 951 1197 scribitur,
978 1160 1012 1189 2⁰
1038 1157 1181 1198 quando
1207 1168 1336 1189 nomen
1361 1159 1543 1199 proprium
1563 1158 1767 1198 ignoratur,
1798 1159 1833 1189 3⁰
1859 1157 2004 1197 quando

290 1216 426 1248 duobus
452 1216 643 1256 equalibus
669 1215 857 1253 scribitur,
884 1224 928 1245 ne
956 1215 985 1245 si
1011 1224 1101 1245 unus
1128 1214 1226 1255 prius
1253 1217 1423 1254 ponatur,
1456 1213 1565 1245 alteri
1591 1213 1653 1244 fiat
1676 1213 1827 1251 iniuria,
1860 1217 1896 1244 et
1921 1217 2004 1244 tunc

289 1273 451 1313 dignitas
476 1271 534 1303 vel
561 1271 719 1302 officium
745 1270 891 1312 supplet
917 1270 1098 1302 defectum
1125 1271 1298 1309 nominis,
1325 1272 1361 1301 4⁰
1387 1273 1533 1312 propter
1556 1269 1781 1301 collisionem
1805 1269 2002 1308 vitandam,

289 1332 327 1359 ut
354 1328 493 1369 quando
520 1327 689 1359 scribitur
715 1326 993 1368 congregationi
1017 1326 1075 1357 vel
1103 1325 1392 1357 multitudini
1421 1325 1603 1358 Salutatio
1629 1336 1714 1357 vero
1742 1324 2006 1357 diversificatur

288 1384 483 1415 secundum
510 1383 762 1414 diversitatem
788 1392 1038 1424 personarum,
1074 1392 1141 1423 que
1167 1382 1302 1424 triplex
1329 1386 1403 1423 est,
1438 1382 1567 1422 maior,
1598 1381 1718 1413 media
1745 1387 1780 1413 et
1805 1382 1934 1421 minor,
1969 1386 2005 1412 et

288 1440 355 1471 hoc
381 1447 456 1471 tam
481 1441 516 1470 in
545 1439 641 1470 clero
669 1449 773 1480 quarn
800 1443 902 1470 extra
929 1438 1073 1472 clerum.
1123 1438 1282 1470 Maiores
1308 1449 1461 1480 persone
1489 1439 1525 1468 in
1550 1438 1646 1469 clero
1664 1442 1748 1470 sunt
1767 1437 2004 1480 apostolicus,

288 1496 516 1537 patriarche,
544 1495 734 1536 primates,
767 1495 987 1535 cardinales,
1021 1494 1306 1536 archiepiscopi,
1341 1495 1523 1536 episcopi,
1554 1494 1699 1536 regales
1726 1494 1897 1533 abbates3
1930 1504 2005 1525 me-

289 1552 346 1583 die
379 1562 532 1593 persone
564 1552 600 1582 in
627 1551 741 1591 clero,
774 1555 814 1582 ut
847 1551 1001 1582 abbates
1034 1550 1237 1591 simplices,
1269 1551 1461 1592 prepositi,
1493 1551 1632 1592 priores
1665 1556 1700 1581 et
1731 1560 1853 1582 omnes
1881 1550 2005 1582 clerici

286 1608 462 1639 habentes
496 1607 712 1649 dignitates3
747 1608 862 1638 minor
887 1617 1042 1649 persona
1075 1607 1109 1638 in
1144 1606 1259 1647 clero,
1299 1611 1338 1637 ut
1376 1606 1561 1648 simplices
1592 1606 1757 1648 plebani,
1797 1605 2005 1638 sacerdotes

287 1664 557 1706 qualescunque
585 1669 620 1695 et
646 1663 842 1698 scolastici.
892 1663 1049 1695 Maiores
1075 1673 1227 1704 persone
1247 1663 1283 1693 in
1303 1662 1425 1694 seculo
1444 1666 1527 1694 sunt
1544 1665 1583 1693 ut
1600 1664 1862 1707 imperatores,
1889 1662 2005 1693 cuius-

289 1731 428 1762 cunque
455 1724 538 1752 sunt
563 1719 796 1760 conditionis,
827 1724 863 1750 et
890 1729 1012 1751 omnes
1039 1730 1143 1761 reges
1170 1719 1350 1758 coronati3
1384 1718 1502 1750 medie
1528 1729 1614 1751 vero
1638 1729 1793 1760 persone
1818 1722 1857 1750 ut
1881 1718 2002 1757 duces,

290 1777 532 1816 marchiones,
566 1776 732 1816 comites,
763 1776 870 1807 liberi
902 1776 1073 1815 barones,
1110 1776 1298 1817 capitanei
1326 1775 1468 1806 urbium
1495 1779 1531 1806 et
1557 1785 1680 1807 omnes
1706 1775 1804 1816 layci
1828 1774 2004 1806 habentes

288 1833 507 1874 dignitates,
539 1836 579 1863 ut
609 1832 741 1863 milites
768 1831 951 1873 simplices
979 1835 1015 1863 et
1034 1832 1141 1863 ,cives
1167 1831 1402 1874 sollempnes,
1437 1832 1551 1863 minor
1576 1841 1732 1873 persona
1758 1831 1795 1862 in
1821 1831 1941 1863 seculo
1966 1835 2005 1862 ut

288 1891 509 1920 mercatores
541 1892 575 1919 et
606 1898 728 1920 omnes
762 1888 971 1920 consimiles
1006 1890 1174 1919 carentes
1207 1887 1522 1928 dignitatibus
1559 1888 1606 1918 Et
1634 1887 1830 1919 notandum
1855 1887 1949 1928 quod
1974 1887 2004 1918 si

288 1956 353 1987 par
377 1945 455 1986 pari
481 1944 635 1984 scribat,
668 1955 824 1986 persona
856 1944 1068 1986 recipientis
1094 1944 1304 1985 preponitur
1408 1944 1439 1975 si
1463 1954 1548 1975 vero
1575 1944 1688 1975 maior
1713 1944 1842 1975 minori
1867 1944 2006 1975 scribat

288 2012 352 2032 seu
378 2001 490 2032 minor
517 2001 663 2040 maiori,
696 2001 810 2032 maior
839 2011 981 2042 semper
1006 2010 1161 2042 persona
1186 1999 1386 2041 prefertur,
1418 2003 1454 2031 et
1477 2000 1545 2031 hoc
1569 1999 1764 2031 tenendum
1789 2003 1844 2031 est
1868 2003 1941 2031 tam
1967 2000 2003 2030 in

289 2057 413 2089 ordine
440 2057 694 2088 ecclesiastico
728 2067 832 2097 quam
865 2057 975 2088 etiam
1008 2055 1178 2089 seculari.
1228 2055 1318 2087 Item
1351 2056 1497 2097 quidam
1524 2056 1645 2088 dicere
1672 2055 1878 2097 voluerunt,
1913 2056 2005 2097 quod

287 2124 365 2144 cum
391 2114 504 2144 minor
529 2113 656 2144 scribit
682 2123 745 2144 suo
772 2113 918 2153 maiori,
952 2123 1093 2154 semper
1120 2112 1252 2144 debeat
1277 2112 1450 2143 salutatio
1476 2122 1586 2144 causa
1612 2111 1828 2144 excellentie
1846 2111 2003 2152 reticeri,

288 2170 383 2210 quod
414 2179 483 2200 non
514 2172 570 2200 est
601 2179 740 2209 verum,
774 2169 845 2199 nisi
876 2168 937 2201 ille
965 2169 1024 2200 cui
1049 2169 1222 2200 scribitur
1248 2169 1296 2201 sit
1321 2178 1455 2200 summe
1481 2168 1611 2208 maior,
1643 2172 1683 2199 ut
1708 2179 1786 2200 cum
1813 2169 2004 2210 episcopus

288 2225 345 2256 vel
373 2225 464 2256 alter
490 2226 694 2266 quicunque
721 2225 853 2257 scribit
878 2225 1022 2256 domino
1048 2235 1160 2266 pape3
1187 2225 1218 2255 si
1244 2228 1365 2256 autem
1392 2234 1549 2266 persona
1573 2224 1784 2266 recipientis
1811 2225 1858 2255 sit
1874 2223 2004 2256 medio-

290 2282 398 2312 criter
422 2282 550 2319 maior,
579 2285 617 2312 ut
644 2282 674 2311 si
702 2280 834 2322 aliquis
862 2281 1053 2322 episcopus
1079 2281 1207 2312 scribit
1233 2291 1295 2312 suo
1317 2280 1617 2322 metropolitano,
1645 2280 1821 2312 salutatio
1848 2290 2004 2321 congrue

289 2341 409 2378 potest
435 2338 535 2378 poni;
563 2337 626 2368 sed
653 2337 819 2378 inspecta
846 2347 944 2368 mera
969 2337 1125 2368 veritate
1152 2346 1284 2378 papam
1311 2337 1421 2368 etiam
1448 2338 1598 2378 quisque
1625 2336 1783 2368 salutare
1806 2340 1946 2377 posset,
1974 2337 2003 2368 si

289 2403 360 2424 non
392 2402 478 2423 usus
516 2392 737 2424 solummodo
770 2397 1000 2434 repugnaret.
1056 2393 1146 2423 Item
1185 2393 1215 2423 si
1245 2393 1440 2424 mediocris
1471 2403 1625 2434 persona
1657 2402 1721 2424 suo
1756 2393 1884 2423 minori
1916 2393 2003 2424 scri—

288 2450 418 2490 pserit,
446 2448 569 2480 modus
595 2450 664 2481 iste
690 2449 906 2491 relinquitur
931 2449 1081 2480 arbitrio
1107 2448 1309 2482 dictatoriS.
1356 2450 1448 2480 Item
1474 2449 1536 2479 ubi
1561 2448 1718 2490 perfecti
1744 2448 1814 2479 sibi
1839 2449 2004 2480 scribunt

289 2505 443 2545 inimici,
471 2515 612 2546 semper
637 2516 792 2547 persona
817 2505 994 2536 mittentis
1020 2505 1277 2546 preponitur..
1305 2505 1400 2536 Nota
1425 2505 1517 2546 quod
1542 2504 1659 2536 maior
1677 2514 1832 2546 persona
1850 2505 1887 2535 in
1905 2504 2004 2536 clero

291 2564 326 2592 et
358 2564 459 2592 extra
492 2560 626 2592 clerum
658 2561 700 2593 de
732 2572 771 2593 se
803 2565 838 2592 et
863 2561 906 2592 de
937 2571 1000 2592 suo
1024 2561 1104 2602 pari
1131 2560 1239 2592 debet
1262 2560 1384 2592 dicere
1411 2562 1448 2592 in
1481 2560 1705 2592 salutatione
1739 2561 1826 2592 ‘Dei
1851 2558 2002 2602 gratia',

289 2621 439 2659 excepto
472 2617 615 2649 domino
649 2616 871 2660 apostolico,
906 2617 965 2659 qui
996 2627 1064 2648 nec
1091 2616 1135 2649 de
1163 2627 1200 2648 se
1225 2627 1294 2648 nec
1319 2616 1362 2648 de
1389 2616 1468 2649 aliis
1496 2616 1585 2648 dicit
1616 2617 1701 2648 ‘Dei
1726 2614 1886 2658 gratia'3
1920 2626 2004 2657 que-

288 2673 369 2704 dam
395 2677 516 2705 tamen
543 2674 767 2706 consuetudo
800 2673 966 2712 inolevit,
1009 2673 1103 2714 quod
1135 2673 1211 2705 fere
1243 2683 1365 2704 omnes
1398 2673 1514 2705 medie
1547 2684 1699 2716 persone
1724 2676 1799 2704 tam
1830 2673 1865 2703 in
1896 2672 2002 2711 clero,

288 2732 327 2760 ut
353 2729 507 2761 abbates
533 2730 735 2772 simplices,
761 2730 954 2772 prepositi,
983 2734 1018 2760 et
1045 2732 1146 2761 extra
1171 2729 1325 2769 clerum,
1357 2733 1396 2761 ut
1421 2730 1532 2761 duces
1559 2734 1595 2760 et
1620 2729 1864 2768 marchiones,
1897 2727 1939 2759 de
1965 2738 2003 2759 se

290 2786 450 2816 scribant
476 2786 563 2817 ‘Dei
589 2785 743 2828 gratia’,
771 2786 834 2818 sed
860 2786 897 2816 in
922 2785 990 2817 hoc
1017 2786 1238 2817 consuetudo
1264 2786 1335 2817 arti
1353 2786 1546 2827 prevaluit.
1697 2786 1800 2818 Nunc
1819 2785 1860 2816 de
1881 2784 2004 2816 formis

289 2841 548 2872 salutationum
579 2842 815 2884 singulariter
848 2845 884 2873 et
917 2841 1175 2883 exemplariter
1205 2842 1411 2883 videamus,
1451 2853 1539 2884 quas
1572 2853 1636 2884 per
1669 2841 1826 2883 quinque
1858 2839 2003 2872 tabulas

288 2897 453 2928 invenies
478 2897 537 2928 hic
565 2898 768 2932 distinctas.
816 2899 857 2930 In
884 2899 999 2939 prima
1024 2898 1152 2930 tabula
1177 2898 1398 2939 ostenditur,
1426 2899 1581 2940 qualiter
1598 2898 1762 2929 dominus
1779 2907 1875 2939 papa
1892 2895 2003 2928 omni—

288 2952 354 2983 bus
386 2953 514 2984 scribit
543 2954 737 2986 salutando
763 2979 792 2986 ..
821 2958 857 2985 et
883 2954 1059 2995 quomodo
1092 2954 1209 2986 eidem
1242 2955 1286 2985 ab
1321 2955 1484 2987 omnibus
1509 2954 1681 2986 scribitur
1699 2978 1800 2986 .....
1836 2951 2003 2985 Secunda

289 3008 432 3049 tabula,
471 3009 508 3039 in
545 3019 614 3050 qua
652 3010 801 3041 docetur
838 3010 881 3041 de
919 3010 1141 3042 salutatione
1180 3001 1458 3052 i'mperatorum,
1498 3010 1672 3052 quomodo
1703 3009 1782 3041 scil.
1806 3009 2004 3050 imperator

289 3074 411 3096 omnes
443 3066 478 3095 in
510 3065 605 3096 clero
644 3070 764 3106 preter
794 3077 925 3107 papam
964 3066 1099 3098 salutet
1129 3069 1163 3097 ct
1197 3067 1358 3107 qualiter
1393 3068 1470 3109 ipse
1510 3068 1706 3109 imperator
1742 3065 1925 3098 salutetur
1956 3065 2001 3097 ab
