2119 3522
309 202 404 248 650
815 210 1080 235 COMMENTARIVS
1104 210 1150 233 An
1175 211 1247 232 EPP.
1267 210 1295 232 0.
1314 211 1347 232 v.
1371 210 1449 232 von.
1466 210 1503 232 11.

307 279 359 366 11
362 275 502 365 ἓδένῗεῒ
514 327 620 373 epist.
636 328 689 359 49.
715 325 760 367 (s.
780 323 886 368 epist.
903 322 1031 356 moral.
1048 321 1112 356 lib.
1129 320 1173 355 V.
1192 332 1248 365 <21³-
1267 321 1318 364 9-)
1349 320 1396 355 ad
1418 320 1624 354 Lucilium:
1665 347 1686 363 ’³
1702 347 1735 355 ··
1763 321 1801 365 [ἕ
1825 323 1873 366 5·]
1898 320 2022 366 Negat

397 385 540 425 Cicero,
580 382 610 415 si
646 379 856 424 duplicetur
885 378 956 412 sibi
986 378 1091 419 aetas,
1122 376 1338 411 habiturum
1369 388 1406 411 se
1437 377 1601 421 tempus,
1634 387 1707 420 quo
1736 377 1840 422 legat
1868 377 2020 421 lyricos3

397 440 528 474 eodem
551 438 633 472 loco
657 446 754 481 pone
780 434 1019 469 dialecticos:
1038 433 1180 467 tristius
1203 432 1324 476 inepti
1348 433 1449 467 sunt:
1475 432 1531 466 illi
1556 442 1601 466 ex
1624 432 1788 476 professo
1811 425 2024 475 lasciviunt,

396 496 434 528 hi
453 504 563 539 agere
589 493 687 537 ipsos
703 491 847 535 aliquid
865 489 1087 524 existimant.
1129 488 1167 532 [ξ
1191 490 1240 533 6.]
1273 488 1352 523 Νο0
1370 499 1439 534 ego
1456 499 1553 533 nego
1570 487 1830 533 prospicienda
1845 488 1932 531 ista,
1957 488 2022 523 sed

394 548 653 594 prospicienda
684 548 831 582 tantum
863 547 901 581 et
931 557 952 580 a
981 544 1110 579 limine
1142 544 1338 578 salutanda
1366 545 1405 578 in
1434 545 1504 578 hoe
1534 556 1665 586 unum,
1698 554 1744 578 ne
1776 544 1890 578 verba
1917 544 2023 578 nobis

394 606 529 640 dentur
561 605 599 638 et
629 603 771 648 aliquid
801 602 839 636 in
869 601 942 635 illis
974 611 1051 635 esse
1082 600 1209 645 magni
1240 611 1282 634 ae
1313 601 1445 635 secreti
1479 600 1565 635 boni
1595 600 1810 634 iudicemus
1859 599 1955 642 Quid
1985 600 2022 634 te

394 663 543 705 torques
568 661 607 695 et
632 670 797 694 maceras
820 659 859 692 in
885 669 930 692 ea
953 657 1173 701 quaestione,
1201 667 1313 700 quam
1337 656 1510 690 subtilius
1543 657 1598 690 est
1622 655 1886 700 contempsisse
1911 666 2022 700 quam

396 717 565 751 solvere?
595 715 715 750 securi
740 715 796 749 est
821 715 859 748 et
882 724 904 747 a
927 712 1122 747 commodo
1147 712 1341 757 migrantis
1366 712 1510 746 minuta
1534 712 1751 756 conquirere
1769 738 1777 746 .
1796 713 1850 746 .“.

348 774 478 808 Aenecc
502 772 639 817 Sylvii]
672 771 787 805 deser.
805 770 884 803 urb.
902 769 1037 803 Vienn.
1062 768 1177 803 Pann.
1197 768 1296 811 (sive
1323 767 1416 813 Opp.
1436 768 1546 802 Basil.
1566 779 1611 802 ex
1636 767 1694 802 off.
1713 767 1945 812 Henricpetr.
1973 769 2022 812 [a.

398 830 508 872 1571]
534 828 597 863 fol.
614 840 650 872 p.
669 830 743 861 719.
764 825 870 870 epist.
889 826 1003 868 CLXV.)
1036 851 1075 867 „.
1094 852 1101 858 .
1120 851 1128 859 .
1145 824 1350 858 Maximum
1375 825 1502 859 autem
1525 824 1635 858 huius
1661 823 1841 858 Gimnasii
1867 823 2025 868 [Vindo-

395 885 573 929 bouensis]
599 883 732 917 vitium
758 883 823 924 est,
850 882 949 925 quod
974 881 1084 915 nimis
1109 880 1291 915 diutinam
1316 891 1468 925 operam
1492 881 1531 914 in
1556 880 1768 922 dialectica,
1794 879 2024 923 nimiumque

395 941 572 985 temporis
597 941 635 973 in
660 950 699 973 re
725 949 798 972 non
831 937 957 982 magni
982 937 1123 971 fruetus
1152 937 1289 970 terunt.
1339 936 1409 977 Qui
1433 936 1637 981 magisterii
1669 935 1805 970 artium
1829 935 1939 970 titulo
1964 935 2025 969 (10-

397 998 582 1037 corantur,
609 996 677 1029 hae
703 1006 776 1029 una
800 994 837 1028 in
863 995 942 1028 arte
967 993 1127 1027 maxime
1154 992 1422 1026 examinantur.
1449 993 1622 1027 caeterum
1647 1003 1769 1035 neque
1791 991 1939 1026 Musicae
1963 1002 2025 1025 ne-

396 1064 467 1098 que
492 1052 718 1093 Rethorieae,
752 1061 874 1094 neque
898 1049 1153 1083 Arithmetieae
1185 1060 1310 1082 curam
1335 1048 1486 1092 gerunt:
1519 1047 1832 1092 quamvismetra
1855 1047 2025 1091 quaedam

397 1111 435 1143 et
459 1108 635 1153 epistolas
659 1107 705 1140 ab
738 1106 819 1139 aliis
844 1105 962 1139 editas
993 1104 1166 1148 imperite
1193 1104 1432 1138 exhibentem
1463 1103 1757 1149 magistrandum
1788 1103 2025 1147 compellant.

397 1165 567 1199 Oratoria
599 1164 636 1197 et
661 1161 813 1196 Poetica
844 1161 945 1205 apud
981 1171 1043 1195 eos
1073 1160 1222 1204 penitus
1252 1160 1458 1205 incognita,
1490 1160 1624 1203 quibus
1655 1170 1763 1193 omne
1794 1159 1958 1193 studium
1988 1159 2025 1192 in

397 1219 559 1254 elenchis
596 1219 651 1253 est
687 1218 864 1261 vanisque
902 1216 1218 1258 cavillationibus,
1257 1215 1365 1250 solidi
1400 1215 1691 1259 haudquaquam
1730 1214 1900 1249 multum.
1956 1214 2025 1256 Qui

397 1276 510 1309 libros
540 1274 752 1308 Aristotelis
783 1274 822 1307 et
852 1273 1008 1307 aliorum
1040 1271 1344 1316 philosophorum
1375 1272 1554 1314 habeant,
1586 1282 1687 1306 raros
1710 1271 1894 1314 invenies,
1928 1282 2024 1305 00111-

396 1330 586 1365 mentariis
604 1330 826 1374 plerumque
844 1329 1010 1363 utuntur.
1043 1328 1226 1363 Caeterum
1251 1327 1443 1362 studentes
1467 1327 1538 1371 ipsi
1555 1327 1742 1371 voluptati
1759 1338 1911 1371 operam
1935 1337 2026 1371 prae-

396 1388 496 1429 bent,
524 1387 601 1420 vini
622 1386 770 1429 cibique
797 1384 898 1419 avidi
916 1412 923 1419 .
941 1384 1052 1429 pauci
1077 1385 1275 1429 emergunt
1291 1384 1400 1425 docti,
1427 1394 1548 1428 neque
1574 1384 1640 1417 sub
1659 1394 1814 1417 censura
1836 1383 2024 1425 tenentur,

397 1444 457 1477 (110
484 1443 671 1486 noctuque
697 1441 893 1486 vagantur,
919 1452 1147 1485 magnasque
1173 1440 1316 1474 civibus
1341 1440 1528 1474 molestias
1552 1440 1726 1474 inferunt.
1764 1439 1821 1473 Ad
1846 1439 1923 1473 haee
1947 1450 2025 1472 mu-

395 1499 529 1533 lierum
554 1498 760 1543 procacitas
785 1498 929 1531 mentes
951 1508 1078 1531 eorum
1104 1496 1267 1530 alienat.
1286 1523 1294 1530 .
1313 1499 1352 1529 .“

309 1559 346 1589 11
376 1555 492 1589 Lam.
516 1554 625 1588 Valla
650 1554 696 1588 de
720 1554 837 1588 libero
856 1553 1008 1587 arbitrio
1035 1552 1158 1595 (b‘asss.
1177 1564 1234 1597 ap.
1254 1552 1509 1594 Cratandrum,
1535 1564 1582 1586 111.
1601 1552 1693 1586 Nov.
1712 1563 1742 1585 a.
1766 1554 1858 1586 1518.
1876 1555 1923 1585 4⁰.
1940 1562 2025 1596 pag.

397 1613 466 1654 a3)
492 1610 571 1644 init.
598 1609 788 1651 „Maxime
815 1609 951 1643 vellem
977 1636 984 1642 .
1004 1637 1009 1642 .
1030 1637 1036 1643 .
1063 1621 1103 1643 ac
1130 1619 1363 1652 summopere
1390 1609 1576 1652 optarem,
1604 1609 1646 1642 ut
1669 1619 1752 1642 cum
1777 1607 1902 1642 caeteri
1925 1606 2024 1641 Chri-

397 1667 507 1701 stiani
532 1666 710 1708 homines,
736 1666 816 1699 tum
843 1677 931 1699 vero
956 1665 994 1698 hi
1019 1665 1083 1708 (1111
1108 1665 1288 1707 'l'heologi
1314 1666 1504 1707 vocantur,
1530 1676 1603 1699 non
1628 1664 1682 1699 ita
1704 1663 1863 1698 multum
1888 1663 2025 1698 tribue-

398 1723 481 1757 rent
504 1722 760 1767 philosophiae,
786 1732 855 1755 1100
880 1722 1025 1755 tantum
1052 1720 1089 1754 in
1116 1733 1159 1755 ea
1184 1732 1304 1765 operae
1331 1721 1601 1763 consumerent,
1629 1721 1667 1755 et
1690 1731 1806 1765 prope
1831 1731 1958 1764 parem
1984 1730 2025 1753 ac

397 1790 578 1821 sororem,
605 1789 650 1812 ne
678 1778 798 1812 dicam
823 1778 1038 1822 patronam,
1064 1776 1277 1821 Theologiae
1302 1778 1479 1811 facerent.
1526 1776 1624 1811 Male
1651 1777 1749 1811 enim
1774 1776 1911 1811 sentire
1936 1775 2027 1810 mihi

399 1835 575 1868 videntur
600 1834 645 1868 (10
676 1834 802 1868 nostra
825 1833 1022 1878 religione,
1056 1844 1168 1876 quam
1200 1833 1336 1877 putant
1364 1833 1607 1877 philosophiae
1636 1832 1808 1877 praesidio
1839 1832 2024 1877 indigere:

398 1891 499 1935 quod
523 1890 673 1923 minime
699 1889 754 1923 illi
779 1890 963 1931 fecerunt,
991 1900 1149 1933 quorum
1173 1889 1247 1922 iam
1272 1889 1398 1923 multis
1422 1889 1554 1923 seculis
1579 1900 1693 1933 opera
1710 1889 1854 1931 extant,
1881 1888 2025 1933 aposto-

398 1947 517 1981 lorum
553 1946 776 1987 imitatores,
816 1946 854 1979 et
884 1956 971 1980 vere
1002 1946 1040 1978 111
1077 1945 1217 1990 templo
1250 1946 1310 1979 dei
1341 1945 1532 1980 00111111οε0.
1583 1944 1636 1979 Αο
1667 1944 1819 1989 quidem
1852 1944 1882 1978 si
1909 1944 2025 1989 probe

398 2003 755 2043 animadvertamus,
782 2001 959 2045 quicquid
984 2001 1057 2035 illis
1088 2001 1319 2045 temporibus
1343 2001 1535 2036 haeresium
1562 2001 1649 2044 fuit,
1683 2013 1774 2045 quas
1797 2013 1871 2036 11011
1895 2013 2026 2046 parum

397 2059 533 2092 multas
558 2058 668 2092 fuisse
695 2058 922 2102 accepimus,
954 2057 992 2090 id
1018 2068 1126 2091 omne
1152 2057 1230 2091 fere
1262 2068 1306 2092 ex
1336 2057 1675 2102 philosophicorum
1707 2058 1924 2103 dogmatum
1948 2057 2026 2092 fon-

398 2115 495 2149 tibus
520 2114 758 2156 nascebatur,
792 2114 834 2147 ut
858 2125 929 2148 000
955 2113 1065 2148 modo
1096 2124 1170 2148 non
1194 2113 1388 2157 prodesset
1417 2114 1653 2159 philosophia
1682 2113 1918 2148 sanctissimae
1943 2113 2026 2148 reli-

398 2171 511 2216 gioni,
537 2169 603 2205 sed
629 2169 742 2203 etiam
767 2170 1010 2204 vehementer
1035 2169 1190 2204 obesset.
1238 2168 1289 2203 At
1312 2180 1393 2204 eam
1418 2170 1479 2204 isti
1505 2170 1550 2204 de
1576 2170 1709 2214 quibus
1731 2170 1874 2214 loquor,
1900 2170 2026 2205 natam

400 2238 476 2261 esse
503 2226 549 2261 ad
575 2226 815 2270 extirpandas
838 2226 996 2261 haereses
1019 2226 1171 2267 iactant,
1197 2236 1354 2269 quarum
1379 2226 1502 2270 potius
1526 2226 1764 2260 seminarium
1790 2227 1855 2269 est,
1880 2237 1949 2261 000
1972 2227 2026 2260 in-

398 2282 579 2327 telligunt
602 2292 639 2316 se
665 2281 862 2326 imperitiae
888 2293 1059 2316 accusare
1077 2281 1281 2326 piissimam
1307 2283 1581 2326 antiquitatem,
1607 2294 1689 2326 quae
1713 2283 1752 2316 in
1770 2282 2027 2328 expugnandis

399 2338 599 2373 haeresibus
624 2338 867 2382 philosophiae
893 2349 996 2372 arma
1019 2348 1092 2372 non
1115 2337 1256 2380 habuit,
1283 2339 1323 2372 et
1345 2349 1441 2382 saepe
1467 2339 1595 2372 contra
1618 2338 1736 2382 ipsam
1753 2338 2026 2382 philosophiam

400 2394 632 2438 depugnavit
656 2394 833 2428 acerrime
858 2422 864 2427 .
884 2421 890 2427 .
910 2421 917 2427 .
936 2421 943 2428 .
968 2393 1044 2428 Vos
1069 2394 1198 2428 eontra
1221 2393 1289 2428 tali
1313 2395 1500 2428 armatura
1524 2394 1659 2428 muniti
1681 2405 1728 2428 ne
1752 2394 1850 2428 tueri
1874 2393 2026 2438 quidem

400 2449 567 2495 potestis,
592 2449 686 2494 proh
704 2460 783 2484 rem
807 2449 1001 2494 indignam
1028 2451 1066 2484 et
1082 2449 1257 2492 flebilem,
1284 2450 1383 2494 quod
1408 2450 1478 2494 ipsi
1501 2450 1608 2485 nobis
1631 2450 1737 2494 quasi
1761 2450 2025 2495 patrimonium

399 2506 641 2550 reliquerunt.
669 2505 765 2548 Quid
789 2505 904 2551 igitur
929 2516 1046 2539 causae
1065 2506 1130 2547 est,
1157 2516 1222 2539 cur
1237 2506 1275 2539 in
1299 2506 1481 2540 maiorum
1498 2506 1664 2551 vestigiis
1688 2506 1814 2541 nolitis
1830 2506 2024 2540 insistere?

401 2563 439 2596 Si
462 2562 583 2596 minus
607 2562 718 2604 ratio,
752 2563 852 2596 certe
877 2562 1079 2596 auctoritas
1108 2561 1258 2596 illorum
1283 2561 1510 2607 effectusque
1541 2562 1717 2597 inducere
1742 2562 1888 2605 debuit,
1921 2563 1964 2596 ut
1987 2573 2025 2596 se

400 2618 640 2653 imitaremini
669 2617 793 2662 potius
825 2629 936 2662 quam
966 2628 1102 2652 novam
1132 2618 1231 2652 viam
1262 2618 1552 2664 ingrederemini
1654 2646 1662 2653 .
1694 2619 1825 2662 Itaque
1857 2629 1900 2653 eo
1930 2618 2025 2653 inso-

400 2674 524 2709 lentiae
549 2673 794 2719 processistis,
827 2674 870 2708 ut
892 2674 1031 2719 putetis
1061 2675 1249 2708 neminem
1279 2685 1385 2719 posse
1415 2675 1633 2720 theologum
1659 2674 1828 2716 evadere,
1860 2674 1930 2708 nisi
1961 2674 2026 2718 qui

400 2731 588 2774 praecepta
610 2729 853 2774 philosophiae
878 2730 1022 2773 teneat,
1056 2741 1174 2774 eaque
1199 2730 1482 2776 diligentissime
1513 2731 1771 2776 perdidicerit,
1803 2730 2025 2774 stultiusque

401 2786 510 2819 simul
535 2797 578 2820 eo
603 2786 734 2828 facitis,
760 2786 860 2830 quod
885 2786 1042 2821 antehac
1067 2786 1129 2821 vel
1152 2786 1365 2822 nescierunt
1387 2787 1476 2830 haec,
1502 2787 1563 2822 vel
1587 2787 1729 2822 nescire
1754 2786 1962 2821 voluerunt.
1995 2785 2024 2820 Ο

401 2842 588 2885 tempora!
615 2853 635 2876 0
660 2845 797 2877 mores!
819 2871 826 2877 .
841 2846 921 2879 ..“.

314 2901 455 2932 14...19.
482 2896 526 2931 cf.
545 2897 591 2931 ad
616 2909 650 2942 p.
671 2902 743 2933 183.
762 2910 856 2934 vers.
871 2902 992 2934 6...11.

313 2957 355 2988 20
383 2952 474 2987 Cum
498 2953 761 2999 additionibus]
788 2955 853 2989 Hae
879 2954 1087 2989 additiones
1111 2956 1198 2990 sunt
1221 2967 1302 3000 quae
1322 2955 1435 2990 editio
1452 2957 1579 2990 nostra
1602 2968 1637 3001 p.
1655 2959 1844 2991 284...300.
1862 2954 2023 3000 repetiit.

404 3019 464 3042 eas
501 3019 588 3042 vero
627 3013 739 3044 ‘novo
775 3011 972 3055 privilegio
1004 3010 1051 3044 ad
1087 3011 1323 3055 septennium
1359 3012 1535 3046 sancitas'
1569 3023 1664 3054 esse,
1703 3011 1884 3046 Obscuros
1920 3010 2024 3046 obfu-
