2119 3522
582 189 634 211 ΕΡ.
650 185 694 212 56.
719 189 910 213 GILBERTVS
926 190 1159 213 PORRETONIVS
1175 190 1332 212 ORTVINO.
1722 172 1815 217 743

101 245 188 286 Pag.
205 243 296 281 275.
1176 247 1261 288 Pag.
1275 248 1350 279 274.
1369 258 1398 279 v.
1413 255 1444 280 24
1463 273 1469 279 .
1485 273 1491 279 .
1508 273 1514 279 .
1534 248 1620 289 Pag.
1634 248 1709 280 275.
1728 259 1758 279 v.
1773 255 1816 280 17.

104 302 145 333 13
169 299 370 343 Patritius]
397 298 527 334 Glossa
543 300 590 334 ad
607 303 626 341 ξ
643 304 673 334 4.
692 300 781 335 Inst.
800 301 898 344 quib.
918 301 1036 336 modis
1053 301 1109 335 ius
1125 302 1220 346 patr.
1237 302 1313 345 pot.
1331 301 1420 335 solv.
1438 301 1464 335 Ι.
1483 305 1533 335 12.
1559 301 1815 344 „Patriciatus

192 354 273 388 erat
303 355 402 388 enim
433 355 611 399 patricius
641 356 746 399 quasi
776 356 954 401 principis
982 357 1090 401 pater
1114 384 1122 391 .
1140 384 1147 391 .
1172 356 1270 391 unde
1303 356 1484 391 Salustius
1515 357 1544 392 Ο
1576 358 1701 402 patres
1731 368 1815 391 con-

190 409 318 454 scripti
336 436 343 444 .
361 421 447 445 nam
473 411 570 445 etc.“
594 411 635 445 ut
658 411 799 445 habent
822 423 948 446 versus
967 417 1016 449 14.
1036 417 1086 447 15.

103 468 144 499 15
168 464 315 508 Semper
334 492 341 499 .
360 493 366 499 .
384 466 426 499 in
449 466 541 510 iure]
568 465 745 507 Quotiens
770 467 816 501 do
842 479 880 502 re
898 467 944 502 ad
970 469 1170 513 utrumque
1194 470 1250 503 ius
1275 469 1400 512 (civile
1419 469 1457 503 et
1473 469 1707 513 canonicum)
1732 479 1813 513 per-

190 521 334 555 tinente
359 521 557 563 dubitabis,
585 521 675 556 scire
701 522 790 566 quid
816 523 986 560 volueris,

105 580 144 610 17
169 576 233 619 qui
255 577 353 620 sunt]
379 576 521 610 scilicet
544 576 725 611 Reuchlin
752 579 877 622 (quem
902 580 1027 613 tamen
1054 581 1160 614 extra
1183 581 1380 623 mundum,
1413 581 1442 614 si
1466 581 1633 624 possent,
1666 591 1811 624 promo-

190 632 322 666 verent
344 631 524 676 theologi)
551 633 588 666 et
612 633 745 677 aliquis
769 635 908 677 iul-ista,
935 635 1100 679 quisquis
1125 636 1182 670 sit.

646 721 896 757 EXOVRSVS
924 727 952 758 1.
977 725 1024 758 ad
1049 736 1083 769 p.
1102 729 1178 760 ⁶275.
1195 739 1227 760 v.
1245 737 1270 760 2.

373 803 507 834 Balnea
531 808 582 834 est
605 813 663 834 vas
686 804 814 841 lucens,
840 807 891 836 vel
915 806 1013 846 quasi
1034 806 1186 837 baiulans
1210 809 1312 838 lucem
1336 808 1387 838 vel
1409 809 1544 838 lancem.

186 859 288 899 Quod
312 862 511 890 monstrum
528 858 776 900 explicationis
794 860 892 891 verbi
909 860 1044 893 balneae
1061 861 1136 893 sive
1152 861 1356 894 balneorum
1381 872 1425 893 ne
1441 861 1650 893 Accursium
1675 862 1815 904 quidem

185 914 379 957 protulisse
403 913 614 955 suspicabar
638 914 693 945 vel
718 917 907 956 antequam
926 915 1135 957 diligentius
1161 919 1316 950 omnium
1334 917 1465 959 glossae
1490 917 1657 957 locorum,
1683 918 1814 959 quibus

184 970 273 1002 illud
297 970 441 1002 verbum
465 972 528 1001 aut
544 969 710 1001 definitur
734 973 796 1002 aut
813 971 1026 1013 explicatur,
1051 973 1274 1013 inspectione
1300 983 1542 1015 persuaseram
1566 973 1653 1003 mihi
1677 972 1815 1013 glossa-

185 1029 297 1058 torem
322 1027 410 1058 satis
441 1026 529 1057 bene
558 1026 711 1057 eiusdem
738 1026 1038 1068 significationem
1069 1032 1191 1060 notam
1221 1030 1397 1062 habuisse.
1444 1029 1572 1071 Itaque
1597 1039 1668 1060 non
1693 1029 1813 1060 balnea

185 1081 362 1124 (quamvis
387 1082 440 1114 ita
464 1082 712 1113 Porretonium
738 1083 927 1124 scripsisse
951 1083 1092 1116 finxerit
1116 1084 1318 1125 Huttenus‚
1343 1085 1450 1117 huius
1475 1084 1638 1127 epistolae
1662 1084 1813 1125 auctor),

185 1138 243 1170 sed
270 1138 446 1170 similibus
477 1137 608 1169 litteris
634 1139 806 1180 scriptum
830 1140 1044 1171 vocabulum
1075 1141 1138 1173 illa
1163 1141 1284 1184 glossa
1316 1141 1487 1183 explicari
1511 1141 1689 1180 intellexi,
1721 1141 1813 1181 quod

185 1193 282 1225 aliud
308 1194 445 1226 nullum
470 1204 575 1236 quam
599 1195 718 1226 balnea
742 1205 819 1227 esse
844 1195 948 1227 simul
974 1206 1015 1228 ac
1033 1197 1207 1238 videram,
1234 1198 1303 1230 toti
1321 1197 1514 1239 quaestioni
1540 1207 1604 1228 sua
1629 1196 1689 1227 lux
1715 1197 1812 1228 baiu-

183 1250 258 1282 lata
283 1253 370 1282 erat.
418 1250 508 1281 Nam
531 1250 576 1282 ad
600 1250 690 1291 legis
717 1252 745 1282 1.
764 1250 1013 1283 Cod.1ust.de
1037 1253 1247 1285 metallariis
1274 1254 1334 1285 XI.
1353 1255 1383 1285 6.
1402 1252 1501 1295 (quae
1527 1257 1668 1293 sumpta
1693 1256 1746 1284 est
1771 1262 1812 1283 ex

182 1306 312 1337 Theod.
330 1306 413 1338 Cod.
432 1306 542 1338 eiusd.
561 1306 620 1339 tit.
638 1306 680 1337 X.
702 1308 751 1338 19.
770 1307 1032 1339 constitutione
1049 1308 1095 1349 3.)
1114 1309 1219 1341 verba
1244 1310 1268 1340 ‘.
1288 1334 1295 1341 .
1315 1313 1464 1341 octonos
1483 1309 1668 1350 scrupulos
1685 1309 1722 1339 in
1739 1308 1812 1339 bal-

181 1362 261 1394 luca
287 1361 380 1404 (quae
405 1362 527 1394 Graece
552 1356 767 1404 χρύσαμμος
796 1363 1015 1404 appellatur,
1047 1368 1152 1406 cogat
1177 1365 1359 1397 exsolvere
1377 1390 1384 1397 .
1403 1365 1430 1396 .'
1457 1365 1578 1406 glossa
1594 1364 1813 1396 Accursiana

181 1418 260 1450 haec
282 1418 390 1451 habet
420 1442 457 1458 ‚‚.
474 1442 481 1449 .
499 1419 588 1450 Item
614 1418 804 1459 scrupulus
821 1422 883 1450 est
905 1429 1019 1451 xxnn.
1044 1431 1126 1461 pars
1151 1422 1265 1453 unciae
1285 1446 1292 1452 .
1312 1432 1392 1452 nam
1420 1433 1463 1453 111
1491 1421 1649 1463 scrupuli
1673 1421 1811 1452 faciunt

181 1475 410 1515 „drachmam
435 1479 472 1507 et
495 1485 569 1506 VI11
595 1474 770 1506 drachmae
801 1475 943 1506 unciam
969 1476 1159 1507 secundum
1190 1477 1373 1518 physicos,
1405 1480 1438 1508 et
1464 1478 1516 1508 sic
1539 1488 1612 1509 vni
1639 1476 1812 1517 scrupuli,

181 1531 243 1571 „id
268 1535 323 1563 est
348 1532 456 1563 tertia
486 1541 568 1572 pars
593 1530 727 1569 unciae,
760 1540 840 1571 quae
867 1530 1020 1562 solvitur
1050 1531 1086 1562 in
1112 1532 1270 1572 balluca,
1304 1532 1337 1563 id
1363 1537 1417 1564 cst
1450 1533 1610 1564 utilitate
1641 1532 1783 1574 publica
1804 1554 1811 1560 .

181 1597 289 1627 „nam
313 1586 520 1628 chrysamos
545 1596 670 1627 graece,
696 1585 806 1617 latine
831 1586 972 1618 utilitas
998 1587 1141 1619 dicitur.
1174 1587 1239 1619 Vel
1263 1588 1404 1626 balmen,
1432 1590 1468 1619 id
1492 1593 1541 1619 est
1565 1598 1643 1619 vase
1668 1591 1807 1624 lucente,

180 1649 242 1683 „ut
265 1654 374 1674 cassa>
400 1640 526 1683 [λι-038,
553 1640 688 1683 capsae]
717 1642 962 1683 Cardinalinm,
997 1645 1092 1684 quasi
1122 1646 1224 1676 lucem
1249 1645 1417 1681 baiulans,
1450 1646 1500 1676 vel
1523 1647 1650 1676 lancem
1668 1668 1675 1675 .
1694 1648 1730 1676 et
1754 1644 1812 1675 dic

181 1700 289 1741 „eius
320 1698 471 1739 metalli,
504 1699 541 1730 in
574 1708 644 1739 quo
670 1701 852 1738 versatur,
885 1709 957 1730 non
990 1702 1107 1730 autem
1134 1700 1163 1731 si
1188 1700 1225 1731 in
1257 1700 1401 1741 plumbo
1429 1703 1613 1741 exerceat,
1645 1700 1744 1732 dabit
1775 1700 1812 1730 in

180 1758 353 1797 „argento
372 1779 380 1786 .
399 1779 406 1786 .
425 1754 463 1786 .“
512 1754 667 1796 Adparet
692 1753 900 1785 Accursium
925 1755 1138 1787 vocabulum
1163 1756 1294 1788 ballam
1318 1767 1360 1788 ex
1385 1757 1475 1788 buiul
1498 1760 1534 1788 et
1557 1757 1610 1788 lae
1637 1756 1712 1788 sive
1738 1758 1813 1788 lanc

179 1812 405 1853 conpositum
432 1821 520 1851 esse,
547 1813 581 1841 et
606 1820 684 1841 cum
702 1809 826 1841 Graeeo
854 1805 1070 1852 χρύσαμμος
1096 1811 1302 1844 confudisse
1320 1806 1500 1854 χρήσιμος
1518 1813 1593 1844 sive
1616 1806 1809 1854 χρήσιμον.

178 1869 215 1899 in
240 1868 302 1899 illo
321 1866 459 1909 quidem
485 1868 629 1908 peccato
647 1865 839 1897 Aecursius
866 1871 1008 1898 secutus
1034 1870 1087 1898 est
1105 1868 1340 1909 praeceptoris
1366 1867 1579 1909 (‘domini')
1605 1868 1661 1899 sui
1678 1867 1812 1899 Azonis

179 1923 481 1964 condiscipulum,
506 1921 729 1964 Hugolinum
753 1922 957 1963 Presbyteri
984 1920 1027 1963 (†
1053 1933 1125 1954 non
1149 1927 1234 1954 ante
1258 1935 1288 1955 a.
1312 1922 1439 1965 1233),
1472 1928 1510 1956 ut
1536 1924 1742 1962 ostendam;
1774 1924 1811 1954 in

177 1980 245 2012 hoc
268 1979 390 2011 nescio
417 1989 533 2021 quem,
561 1978 715 2009 fortasse
739 1982 802 2009 aut
828 1978 1023 2019 Bulgarum
1048 1982 1110 2010 aut
1135 1979 1425 2020 Burgundionem
1444 1991 1452 2011 ε
1471 1991 1551 2011 nam
1576 1980 1653 2021 ipse
1679 1979 1810 2010 Accur-

180 2036 254 2068 sius
272 2034 397 2067 Graece
424 2045 467 2066 ne
491 2044 608 2066 errare
632 2033 770 2075 quidem
798 2037 925 2075 sponte
951 2045 1015 2066 sua
1039 2034 1222 2066 didicerat.
1270 2036 1477 2076 Hugolinus
1502 2036 1539 2067 in
1564 2038 1741 2077 apparatu
1766 2035 1811 2066 ad

177 2092 267 2124 Tres
298 2091 409 2123 libros
434 2090 597 2131 (Codicis
622 2089 766 2131 lustin.)
792 2101 813 2121 a
838 2090 967 2121 Contio
993 2090 1126 2122 Azonis
1158 2091 1308 2123 lecturae
1338 2091 1375 2122 in
1408 2091 1571 2123 Codicem
1603 2091 1658 2132 (id
1689 2095 1745 2123 est
1774 2092 1810 2122 in

180 2158 304 2180 novem
336 2147 470 2189 priores
496 2146 691 2178 Iustiniani
719 2146 852 2178 codicis
877 2145 1009 2187 libros)
1036 2146 1139 2188 quasi
1163 2147 1208 2178 ab
1234 2146 1352 2178 Azone
1384 2148 1605 2188 compositus
1631 2150 1727 2179 esset
1751 2147 1810 2178 ad-

177 2205 267 2235 iecto
301 2202 454 2244 (Azouis
484 2202 528 2233 ad
561 2201 724 2244 singulas
754 2201 850 2243 leges
874 2212 925 2232 XII
950 2201 1072 2234 libror.
1098 2201 1242 2234 Codicis
1272 2203 1362 2234 Iust.
1387 2203 1672 2235 commentarius.
1696 2203 1812 2234 Paris.

179 2261 272 2292 1577.
293 2256 368 2299 fol.)
394 2268 474 2299 pag.
493 2258 569 2290 755.
586 2257 630 2289 ad
654 2257 712 2292 cit,
732 2257 772 2288 L.
794 2260 822 2288 1.
839 2258 930 2289 Iust.
948 2256 1033 2289 Cod.
1058 2258 1137 2289 haec
1162 2258 1273 2289 verba
1298 2259 1419 2299 posuit
1445 2258 1612 2297 „Rullum
1637 2260 1673 2290 id
1688 2264 1738 2289 esc
1762 2260 1807 2289 1η,-

176 2326 244 2347 eem
268 2315 421 2346 baiulans
447 2316 497 2346 vel
521 2315 647 2345 lancem
671 2315 847 2345 secundum
877 2314 941 2345 R.“
967 2324 1037 2355 qua
1070 2313 1191 2345 littera
1216 2314 1256 2345 R.
1278 2314 1456 2354 Rogerius
1481 2314 1628 2356 Bulgari
1653 2314 1807 2356 discipu-

176 2372 233 2403 lus
258 2370 494 2412 significatur.
543 2370 597 2401 De
622 2369 763 2401 balluca
790 2370 931 2411 optime,
957 2373 997 2401 ut
1021 2369 1123 2410 solet,
1140 2370 1294 2402 Iacobus
1312 2370 1553 2402 Gothofredus
1577 2370 1620 2402 ad
1645 2371 1704 2402 cit.
1722 2371 1762 2402 L.
1778 2373 1808 2403 3.

174 2427 308 2459 Theod.
328 2425 412 2458 Cod.
432 2426 474 2457 de
498 2425 709 2457 metallariis
734 2425 954 2467 disputavit,
986 2425 1077 2457 unde
1103 2436 1292 2468 suppresso
1318 2425 1527 2458 Gothofredi
1552 2427 1693 2457 nomine
1719 2427 1809 2457 Har-

176 2484 308 2515 duinus
333 2482 454 2516 adnot,
473 2482 527 2515 41.
547 2481 592 2512 ad
616 2481 708 2512 Plin.
726 2481 771 2512 H.
791 2481 833 2512 N.
852 2481 1020 2514 XXXIII.
1039 2483 1077 2522 4,
1097 2489 1139 2514 21.
1159 2481 1212 2524 (p.
1231 2483 1307 2514 618.
1326 2482 1412 2513 tomi
1435 2482 1480 2512 II.
1498 2482 1549 2513 ed.
1576 2482 1689 2513 Paris.
1712 2483 1808 2513 1741.

175 2539 269 2580 fol),
300 2538 447 2569 laudato
472 2537 631 2570 auctoris
662 2537 804 2569 nomine
829 2548 927 2569 suam
957 2537 1063 2569 huius
1096 2537 1260 2570 vocabuli
1290 2537 1563 2578 explicationem
1593 2538 1804 2579 Ducangius

175 2597 412 2637 sumpserunt.
446 2594 494 2626 Et
521 2597 603 2626 sunt
621 2592 830 2625 Gothofredi
855 2594 961 2625 verba
979 2593 1073 2625 liaec:
1099 2593 1241 2625 Balluea
1259 2603 1323 2625 seu
1341 2593 1498 2629 Banna-is,
1527 2592 1581 2624 vel
1597 2593 1724 2631 Bolax,
1751 2596 1807 2625 est

175 2662 255 2693 quae
281 2650 404 2682 Graeee
431 2647 646 2692 χρύσαμμος
670 2649 891 2690 appellatur,
923 2649 1016 2690 quod
1041 2649 1175 2681 addidit
1200 2649 1441 2680 Tribonianus
1466 2648 1536 2689 legi
1562 2651 1590 2680 1.
1609 2648 1693 2681 cod.
1711 2649 1803 2681 Iust.

173 2705 253 2739 eod.
272 2707 330 2738 tit.
348 2717 427 2747 quae
452 2705 534 2736 hinc
557 2704 719 2746 alioquin
743 2704 929 2745 desumpta
953 2709 1019 2736 est.
1047 2705 1168 2737 Recte.
1194 2705 1261 2736 Est
1287 2704 1423 2736 scilicet
1448 2704 1591 2735 Balluea
1614 2706 1700 2745 auri,
1727 2715 1800 2736 non

174 2767 215 2795 ut
239 2761 445 2793 ioculariter
460 2760 651 2793 Accursius
678 2758 752 2802 [qui
777 2764 895 2792 tamen
920 2771 991 2791 non
1015 2761 1085 2792 ioci
1110 2771 1219 2793 causa
1243 2761 1349 2792 istam
1374 2760 1531 2801 glossam
1556 2759 1704 2802 posuit],
1729 2761 1800 2792 uti-

173 2818 258 2850 litas
276 2817 431 2859 publica;
458 2828 479 2848 a
502 2827 591 2848 voce
617 2815 692 2848 scil.
712 2811 853 2858 χρήσει,
880 2813 1110 2858 χρήσαμμος,
1136 2816 1191 2848 vel
1216 2821 1258 2849 ut
1275 2816 1378 2855 idem,
1405 2827 1462 2848 vas
1479 2819 1603 2854 lucens,
1630 2820 1670 2848 ut
1687 2826 1799 2848 cassae

174 2872 433 2913 Cardinalium,
458 2872 563 2914 quasi
586 2871 752 2904 baiulans
776 2871 889 2904 lucem
915 2872 971 2903 vel
998 2871 1133 2903 lancem
1159 2870 1227 2914 [vel
1253 2876 1293 2904 ut
1318 2872 1423 2905 novis
1445 2871 1625 2904 erroribus
1643 2872 1803 2904 Vocabu-

176 2929 285 2961 larius
312 2928 403 2960 iuris
428 2928 598 2969 „Balluta
622 2932 678 2960 est
704 2928 846 2969 publica
871 2927 1012 2960 utilitas
1037 2928 1093 2959 vel
1118 2932 1174 2960 est
1191 2939 1255 2960 vas
1279 2928 1405 2960 luteum
1422 2927 1461 2960 C.
1478 2927 1520 2960 de
1546 2927 1754 2960 metallibus.
1773 2938 1802 2972 g.

175 2984 368 3017 seeundum
392 2983 551 3027 Accur.],
576 2983 636 3016 vel
660 2988 700 3016 ut
726 2984 906 3026 Hugutio,
939 2986 974 3015 et
997 2993 1040 3015 ex
1064 2994 1105 3015 eo
1130 2984 1321 3017 Albericus
1351 2994 1415 3026 pro
1447 2983 1551 3016 lance
1577 2994 1598 3016 a
1634 2983 1799 3016 ballando
