2119 3522
305 192 403 239 ’768
819 211 1084 236 COMMENTARIVS
1107 212 1153 234 AD
1178 214 1250 235 EPP.
1269 214 1298 235 o.
1316 214 1348 236 v.
1374 213 1450 236 von.
1468 212 1504 236 11.

338 280 358 300 a
387 294 394 300 .
498 294 505 300 .

305 271 334 301 Ρ
362 268 558 355 ἕήΞΞ7ἐὸ1.
579 325 612 357 ‹ss
626 325 655 355 5.
672 323 843 355 narratur
874 322 922 356 W
920 323 954 357 ie
981 334 1042 368 syc
1073 324 1131 358 ein
1157 325 1285 359 tranek
1309 325 1424 359 durch
1447 325 1622 370 zceuberey
1645 326 1804 370 yemaeht
1829 327 1905 361 dem
1932 323 2013 363 br&-

396 378 459 410 cler
473 377 519 419 jn
541 377 672 420 yabeu,
697 377 736 419 εἰ)
762 388 799 411 er
822 388 892 412 von
916 379 1013 413 allen
1036 380 1159 413 semen
1182 380 1315 414 sinneoz
1338 381 1438 422 lesem,
1463 381 1538 414 void
1553 380 1605 423 jm
1624 380 1749 424 Fc'c'ozff
1765 382 1922 416 wanden
1946 386 2012 416 etz-

394 435 474 473 teoz;
505 442 540 474 p.
561 434 593 466 ΕΞ
608 433 669 465 6¹0:
708 432 788 467 Wz‘e
813 433 872 467 die
894 432 960 474 fier
982 431 1099 465 hetzer
1123 431 1193 465 (leoz
1216 429 1349 468 brz‘icler
1371 436 1602 478 ‘ziberrecltem
1634 437 1701 471 das
1725 448 1763 471 er
1784 438 1929 472 worlich
1954 438 2013 472 die

393 487 661 529 si'c'nffwmzclen
680 487 817 522 Christi
833 491 933 531 triiy,
956 489 1032 522 mul
1054 492 1128 532 yott
1151 490 1202 523 vil
1223 490 1516 525 wunderzeichen
1541 492 1655 526 durch
1678 493 1720 525 in
1739 493 1904 527 wz'crcken
1919 493 2012 527 wolt.

304 546 345 576 37
369 542 568 586 Izcereticus]
594 542 680 575 Eius
705 543 805 576 modi
829 543 995 578 haeretici
1018 555 1091 578 non
1117 545 1235 578 solum
1259 546 1338 590 ipse
1363 546 1477 580 Iulius
1499 547 1571 584 PP,
1589 547 1633 581 Π.
1659 547 1717 591 (cf.
1736 549 1804 582 art.
1821 547 2012 592 Wimphe-

394 598 485 641 ling)
512 600 549 632 et
573 598 636 641 qui
660 609 695 641 p.
713 602 788 634 288.
807 613 858 633 vv.
877 609 996 634 15...17.
1015 601 1270 643 nominantur,
1297 601 1462 644 fuerunt,
1489 603 1553 636 sed
1579 604 1617 636 et
1644 614 1666 637 a
1689 602 2013 638 Schwinfordiensi

392 663 465 686 non
490 653 672 687 nominati
696 654 903 698 complures
935 656 1137 690 doctissimi
1168 657 1255 699 viri,
1287 656 1462 700 Wolfius‚
1494 657 1634 700 Zasius,
1667 659 1741 693 alii.
1779 659 1823 693 cf.
1841 660 1887 694 ad
1910 661 2010 694 286Η

393 708 516 742 adnot.
564 708 713 744 Thomae
731 710 858 744 Wolfii
880 712 954 746 iun.
973 713 1019 746 ad
1043 713 1114 747 Iac.
1131 712 1451 757 Wimphelingum
1477 723 1534 757 ep.
1552 713 1640 747 data
1665 715 1909 759 „Argentinae
1933 727 2012 750 eur-

393 765 460 797 sim
494 775 537 798 ex
571 765 710 799 {edibus
741 767 874 800 nostris
901 767 1025 802 Pridie
1054 768 1182 803 Kalen.
1210 769 1368 813 Augusti
1397 779 1453 802 an.
1481 767 1626 802 MDV.“
1656 772 1714 812 (ex
1742 769 2012 815 Wimphelingi

393 820 519 853 libello
547 820 808 865 ‘Apologetica
833 823 1034 858 declaratio
1059 825 1097 858 in
1122 825 1290 859 libellum
1314 835 1420 858 suum
1453 823 1498 858 de
1528 825 1773 869 integritate'.
1807 826 2011 871 (Rieggeri)

392 875 582 909 Amoenitt.
600 875 653 909 lit.
670 875 838 922 Friburg.
855 890 890 922 p.
908 883 984 914 260.
1001 883 1067 924 sq.)
1093 881 1143 914 sic
1171 881 1304 914 habet:

392 926 548 975 „Mirari
572 934 659 966 satis
684 945 754 966 non
779 947 938 978 possum,
970 938 1232 980 WVimphelinge
1256 939 1485 979 amicissime,
1517 939 1735 981 quorundam
1764 940 2012 972 monachorum

392 991 592 1031 audaciam,
619 991 679 1031 qui
705 996 739 1022 te
763 992 873 1024 veluti
898 993 1104 1026 haereticum
1131 995 1311 1027 criminari
1335 995 1568 1035 contendunt,
1593 995 1686 1036 quod
1710 996 1746 1026 in
1771 999 1833 1027 tuo
1856 996 1898 1027 de
1922 997 2011 1028 inte-

391 1046 523 1086 gritate
549 1046 671 1078 libello
698 1048 858 1089 quaedam
883 1050 919 1080 in
936 1050 1087 1082 medium
1106 1051 1269 1091 adducis,
1296 1050 1426 1091 quibus
1451 1051 1629 1082 coniicere
1651 1051 1896 1093 suspicarique
1914 1051 2012 1092 licet,

389 1101 508 1134 divum
538 1102 778 1144 Augustinum
810 1115 875 1136 nce
907 1106 1046 1137 cuculla
1076 1107 1254 1146 indutum,
1293 1116 1355 1137 nec
1386 1106 1607 1147 professione
1645 1106 1756 1137 fuisse
1786 1107 2011 1139 monachum:

390 1158 481 1198 quod
500 1162 556 1189 est
574 1168 635 1189 cur
652 1159 688 1190 id
705 1169 816 1200 genus
834 1160 1014 1193 hominum
1032 1165 1217 1204 tantopere
1241 1162 1497 1203 debacchetur,
1521 1162 1696 1202 insaniat,
1723 1162 1864 1203 saeviat,
1888 1173 2012 1194 excan-

388 1214 528 1254 descat,
554 1215 668 1246 minas
692 1216 865 1256 inculcet,
898 1217 1023 1249 eoelum
1049 1218 1176 1250 clamet
1201 1223 1238 1250 et
1262 1218 1391 1258 maria,
1423 1217 1508 1260 quid
1533 1218 1679 1250 obsecro
1704 1218 1781 1249 haec
1804 1218 1942 1251 faciunt
1968 1219 2011 1250 ad

387 1269 470 1301 fidei
495 1273 628 1301 nostrae
654 1270 908 1314 religionisque
933 1272 1148 1306 Christianae
1176 1275 1361 1306 tutamen?
1392 1285 1458 1306 nec
1484 1274 1565 1306 ideo
1591 1275 1788 1306 sanctiores
1814 1278 1923 1306 aetate
1950 1285 2011 1306 no-

389 1332 464 1357 stra
495 1331 578 1358 sunt
608 1327 792 1368 monachi,
825 1328 919 1370 quod
942 1330 1166 1371 Augustinus
1190 1330 1384 1362 monachus
1408 1330 1533 1371 fuerit,
1565 1339 1629 1361 nec
1654 1339 1778 1361 rursus
1802 1329 2010 1370 deteriores,

388 1383 418 1413 si
449 1392 520 1412 non
551 1381 669 1415 fuerit.
717 1383 755 1414 Si
788 1385 881 1415 enim
911 1385 1076 1417 monachi
1111 1392 1256 1428 propter
1287 1387 1526 1428 Augustinum
1558 1389 1641 1417 sunt
1671 1385 1914 1426 honorabiles,
1943 1397 2010 1418 nos

387 1438 480 1478 quod
514 1438 688 1471 seculares
719 1440 922 1473 sacerdotes
953 1451 1136 1482 vocamur,
1166 1443 1292 1474 merito
1322 1442 1569 1473 honoratiores
1594 1451 1713 1473 sumus
1738 1445 1887 1483 propter
1909 1441 2008 1473 Chri-

386 1498 478 1524 stum
503 1497 537 1524 et
561 1494 713 1526 Petrum.
760 1496 813 1527 Ad
837 1497 1078 1539 Augustinum
1103 1498 1224 1538 redeo,
1251 1499 1350 1529 cuius
1375 1497 1457 1529 libri
1482 1498 1526 1529 ab
1551 1498 1699 1529 eruditis
1723 1507 1795 1529 non
1819 1497 2009 1530 laudantur

387 1560 450 1580 nec
475 1550 551 1581 ideo
577 1554 806 1592 expetuntur,
832 1553 926 1593 quod
949 1553 1059 1585 fuerit
1084 1553 1138 1584 vel
1164 1564 1235 1585 non
1260 1553 1370 1585 fuerit
1395 1553 1606 1592 monachus,
1633 1563 1754 1584 verum
1780 1554 1824 1584 ob
1849 1554 1883 1585 id
1901 1565 2008 1586 unum

384 1606 597 1646 probantur,
634 1607 727 1647 quod
757 1608 807 1639 eis
837 1608 1034 1651 multiiugis
1066 1609 1227 1641 doctrina
1259 1610 1375 1650 inest,
1413 1609 1508 1650 quod
1537 1609 1717 1640 variarum
1745 1619 1860 1641 rerum
1893 1610 2007 1643 erudi-

384 1662 483 1693 tione
508 1662 749 1704 resplendent,
775 1665 867 1704 quod
891 1675 1024 1696 summa
1048 1665 1269 1707 eloquentia,
1297 1675 1429 1696 summo
1447 1664 1585 1696 dicendi
1603 1665 1720 1696 nitore
1738 1665 2006 1706 splendescunt:

383 1717 568 1749 Platonem
592 1729 664 1750 non
690 1720 927 1760 commendat,
954 1721 1047 1762 quod
1063 1721 1290 1753 Atheniensis
1314 1721 1437 1762 fuerit,
1464 1720 1522 1752 sed
1548 1720 1640 1762 quod
1665 1721 1844 1763 publicum
1867 1723 2007 1764 sapien-

383 1774 445 1805 tiae
470 1785 599 1806 munus
624 1774 796 1815 illuxerit3
823 1776 873 1807 sic
900 1780 933 1807 et
958 1777 1074 1819 ipsum
1092 1777 1331 1819 Augustinum
1355 1781 1418 1809 aut
1443 1776 1551 1808 alium
1576 1777 1776 1818 quempiam
1800 1787 1841 1809 ex
1859 1778 2005 1810 cohorte

386 1834 591 1862 sanctoruni
621 1831 801 1862 hominum
833 1833 910 1873 ipsa
943 1833 1081 1865 cuculla
1112 1839 1174 1866 aut
1204 1833 1274 1864 vile
1299 1833 1446 1875 pallium
1471 1843 1543 1864 non
1567 1833 1789 1865 commendat
1813 1844 1876 1865 nec
1901 1845 2005 1866 vene-

383 1886 532 1917 rabilem
556 1886 688 1926 reddit,
721 1887 781 1919 sed
807 1887 891 1920 boni
916 1899 1047 1930 mores,
1072 1891 1148 1921 vita
1175 1893 1275 1921 casta
1300 1893 1334 1920 et
1359 1891 1517 1930 integra,
1541 1889 1618 1920 vita
1643 1889 1717 1921 sine
1742 1890 1905 1930 crimine,
1930 1891 2006 1923 sine

383 1941 499 1981 sorde,
533 1943 608 1974 sine
637 1943 785 1977 macula.
841 1943 911 1976 Cur
942 1945 1052 1986 igitur
1082 1946 1121 1976 in
1151 1950 1187 1977 te
1220 1946 1335 1977 virum
1366 1945 1539 1987 optimum
1570 1945 1613 1976 ob
1644 1944 1722 1976 haec
1757 1945 1850 1977 levia
1880 1945 2004 1978 dentes

381 2003 514 2030 acuunt
538 1999 697 2031 minaces
723 1999 805 2031 illos
830 2004 864 2031 et
890 2001 1132 2033 truculentos?
1179 2001 1287 2041 Esto,
1319 2000 1453 2033 vocent
1483 2004 1520 2032 te
1552 2003 1588 2032 in
1614 2002 1686 2040 ius,
1716 2003 1857 2032 tentent
1880 2001 2003 2033 Romae

382 2055 589 2086 iniuriarum
614 2056 809 2096 actionem,
838 2057 1007 2089 Pontifex
1038 2058 1211 2089 maximus
1244 2060 1279 2088 et
1303 2057 1455 2089 Romani
1487 2057 1623 2089 iudices
1651 2066 1761 2088 causa
1791 2058 1936 2097 cognita
1966 2058 2003 2089 in

380 2112 488 2143 risum
519 2110 721 2151 solventur,
753 2113 893 2153 quando
924 2113 1128 2155 intelligent
1159 2115 1210 2146 ita
1242 2114 1335 2155 apud
1366 2124 1431 2146 nos
1463 2114 1599 2145 otiosos
1623 2122 1699 2145 esse
1724 2113 1931 2155 monachos,
1964 2118 2002 2146 ut

380 2166 434 2197 vel
467 2166 542 2198 sola
572 2167 767 2209 Augustini
797 2169 937 2201 cuculla
969 2171 1085 2211 possit
1115 2170 1196 2202 illos
1227 2170 1270 2202 ad
1295 2169 1390 2201 mille
1413 2169 1494 2201 lites
1519 2172 1553 2200 et
1578 2168 1673 2200 mille
1700 2169 1899 2200 certamina
1922 2180 2001 2212 pro-

379 2233 517 2254 vocare.
571 2223 723 2255 Valeant
755 2225 815 2265 qui
845 2225 885 2256 de
916 2231 952 2257 te
982 2226 1073 2258 male
1103 2227 1279 2266 sentiunt,
1309 2225 1452 2258 valeant
1484 2227 1545 2267 qui
1574 2225 1616 2256 de
1643 2224 1784 2256 cuculla
1807 2225 2001 2268 Augustini

378 2280 490 2321 magis
520 2289 623 2320 quam
654 2279 694 2310 de
724 2280 803 2321 ipso
828 2281 1029 2323 Augustino
1060 2286 1143 2314 sunt
1171 2282 1331 2314 solliciti.
1378 2281 1486 2313 Crede
1516 2281 1617 2321 mihi,
1648 2291 1748 2312 nemo
1779 2284 1814 2312 te
1846 2291 2001 2323 unquam

378 2336 521 2376 impune
551 2335 710 2367 laeserit:
749 2336 855 2368 habes
886 2341 940 2369 tot
970 2339 1120 2378 amicos,
1158 2343 1213 2370 tot
1244 2339 1411 2380 egregios
1441 2337 1638 2379 discipulos
1668 2341 1703 2368 et
1734 2336 1933 2369 eruditione
1965 2341 2000 2369 et

377 2394 484 2422 aetate
514 2396 549 2423 et
580 2392 718 2426 divitiis
747 2394 928 2434 fiorentes,
959 2395 1020 2436 qui
1045 2399 1080 2425 te
1103 2395 1230 2426 nedum
1258 2395 1375 2425 vivum
1399 2398 1432 2425 et
1457 2394 1494 2425 in
1520 2393 1684 2425 humanis
1709 2403 1803 2424 nunc
1826 2393 1999 2426 innocen-

377 2448 513 2480 tissime
539 2452 717 2491 agentem,
750 2450 810 2481 sed
842 2453 875 2480 et
906 2451 981 2481 vita
1012 2450 1216 2482 defunctum
1244 2450 1387 2491 scriptis
1413 2451 1487 2482 suis
1511 2450 1820 2493 luculentissimis,
1853 2454 1884 2485 si
1909 2465 1999 2496 opus

376 2503 501 2543 fuerit,
531 2504 718 2536 defendent
750 2506 1042 2548 tutabunturque.
1096 2506 1148 2538 Tu
1172 2506 1256 2538 felix
1281 2511 1374 2546 esto,
1406 2506 1663 2539 virulentorum
1694 2518 1831 2541 morsus
1862 2520 1933 2542 non
1963 2515 1998 2542 te

376 2560 603 2600 conturbent,
628 2561 688 2592 sed
710 2561 764 2593 fae
790 2562 882 2603 quod
905 2562 1011 2604 facis,
1037 2564 1149 2595 Deum
1174 2562 1314 2604 dilige.“
1341 2580 1382 2584 -—-
1409 2560 1630 2602 „Udalricus
1647 2563 1773 2597 Zasius
1797 2565 1913 2607 legum
1937 2566 1996 2598 do-

376 2620 453 2647 ctor
477 2616 546 2648 Iac.
570 2617 845 2660 XVimphelingo.
889 2618 923 2650 S.
967 2619 1073 2660 Esto,
1103 2620 1247 2661 Iacobe,
1281 2621 1438 2662 quietim,
1470 2621 1623 2662 pugnari
1648 2624 1773 2653 contra
1802 2625 1837 2653 te
1867 2625 1996 2664 potest,

374 2682 575 2713 expugnare
605 2676 639 2704 te
669 2684 769 2706 nemo
801 2678 929 2716 potest.
976 2675 1090 2707 Homo
1123 2677 1288 2708 emeritus
1319 2687 1372 2716 es,
1404 2678 1464 2718 qui
1492 2677 1678 2719 pulverem
1701 2677 1898 2710 literarium
1921 2679 1995 2711 lau-

374 2727 556 2760 datissime
588 2729 785 2770 desudasti,
815 2730 1010 2763 Germanos
1036 2735 1264 2774 nostramque
1289 2736 1431 2764 {etatem
1457 2734 1529 2765 tuis
1553 2733 1841 2765 institutionibus
1865 2733 1995 2767 foecun-

373 2783 487 2815 dasti:
517 2785 625 2817 habes
657 2787 716 2827 qui
741 2798 805 2828 pro
835 2791 868 2818 te
899 2791 1050 2829 certent,
1082 2799 1153 2819 non
1183 2792 1255 2820 tam
1286 2788 1562 2821 innumerabiles
1593 2789 1732 2830 doctos,
1764 2800 1867 2831 quam
1897 2790 1994 2822 illam

373 2840 485 2880 ipsam
515 2842 716 2882 veritatem,
747 2854 826 2884 quze
857 2848 891 2875 te
924 2843 981 2875 vel
1009 2848 1153 2876 tacente
1180 2845 1389 2886 praedicabit
1413 2848 1447 2876 et
1471 2848 1571 2877 tuum
1595 2845 1637 2877 de
1669 2846 1878 2887 integritate
1903 2858 1994 2888 opus

374 2895 484 2927 fuisse
517 2902 553 2929 et
585 2908 663 2929 esse
695 2899 875 2940 optimum.
923 2900 1007 2932 Noli
1036 2900 1078 2931 ad
1109 2911 1352 2942 quemcunque
1380 2904 1525 2933 ventum
1548 2902 1758 2943 inquietari,
1788 2902 1992 2944 nugivendi,

374 2952 433 2991 qui
464 2952 515 2982 nil
551 2953 749 2985 didicerunt
784 2956 854 2986 nisi
880 2957 1056 2996 convitia,
1088 2957 1179 2988 tanti
1211 2968 1231 2988 a
1263 2961 1296 2988 te
1326 2957 1541 2998 habeantur,
1573 2959 1698 2999 quanti
1727 2958 1899 2990 satellites
1929 2958 1991 2990 isti

373 3017 392 3038 a
419 3006 589 3039 Socrate:
622 3013 660 3040 tu
687 3010 898 3043 verberones
922 3012 1012 3043 istos
1038 3012 1183 3053 perinde
1209 3024 1249 3045 ac
1275 3024 1412 3045 muscas
1444 3025 1463 3045 a
1489 3018 1522 3045 te
1546 3014 1683 3056 pellito.
1731 3014 1817 3047 Vale
1848 3024 1889 3044 ex
1914 3014 1988 3045 Fri-
