2119 3522
326 199 419 243 612
841 214 1106 236 coumsummvs
1130 213 1176 235 AD
1201 214 1273 235 EPP.
1291 214 1322 235 o.
1340 214 1373 236 v.
1397 214 1475 236 vor..
1492 214 1515 235 1.

321 274 406 315 Pag.
427 273 489 308 59.

323 331 363 360 19
387 327 467 370 sibi]
494 326 544 367 ei,
574 325 737 359 Ortvino.

321 386 361 415 ‘21
388 381 544 425 dulcore]
571 380 784 421 dulcedine,
809 378 1018 423 Scissiylceit,
1047 380 1293 415 Lieblichkez't.

319 442 361 471 22
386 436 597 481 praecellere
624 447 652 470 c.
671 447 744 470 acc.
762 446 829 479 pro
849 435 977 469 ‘alicui
1001 446 1026 469 S.
1044 446 1155 480 supra
1176 436 1237 470 vel
1260 437 1345 471 ante
1371 437 1534 481 aliquem
1559 436 1771 479 excellere’‚
1798 438 1996 472 obscurice.

318 498 360 527 23
386 503 466 536 erqo
491 493 571 525 ideo
595 491 722 536 ἐρίων]
755 491 832 524 Iam
858 501 966 525 nemo
993 491 1038 525 de
1063 491 1238 526 firmitate
1269 492 1511 526 conclusionis
1541 504 1622 536 quae
1644 493 1812 537 sequitur
1833 494 2029 528 dubitabit.

408 548 512 592 quasi
538 548 743 582 diceremus
767 547 914 591 folylich
937 547 1015 581 also
1032 547 1161 591 erffl’ebt
1178 547 1253 581 sich
1272 552 1525 592 cousequenter
1546 548 1596 582 W
1594 549 1663 583 eise
1680 549 1744 582 der
1760 548 1914 593 Schluss,
1943 549 2029 592 class.

317 608 359 638 24
384 607 544 647 respectu
567 604 688 647 vestri]
715 603 763 637 im.
786 603 971 647 Veryleich
993 612 1039 636 zu
1054 602 1178 644 Euch,
1203 603 1250 637 ad
1274 604 1311 637 te
1337 604 1413 638 sive
1435 605 1559 639 tecum
1584 606 1828 649 comparatus,

361 660 511 702 Hessus,
544 659 731 701 Urbanus,
765 658 920 700 Cordus,
951 658 1163 702 Spalatinus
1194 660 1232 693 et
1253 659 1441 693 Huttenus
1470 660 1651 694 notissimi
1675 661 1761 694 sunt
1785 660 1884 694 Croti
1909 660 2028 702 amici,

407 716 452 749 de
478 715 612 759 quibus
637 714 792 759 singulis
817 714 890 748 vid.
909 714 988 748 Ind.
1006 714 1123 759 biogr.
1141 715 1207 749 hos
1232 715 1356 749 artico.
1404 715 1468 749 sed
1494 727 1651 760 sequens

315 775 446 805 25...27
472 771 681 805 Ludovicus
711 770 933 804 Mistotheus
963 770 1091 804 fictum
1121 781 1256 805 nomen
1287 772 1357 813 est,
1391 772 1457 805 sub
1491 783 1563 816 quo
1594 770 1796 806 Martinum
1826 771 2028 807 Lutherum

404 827 520 861 latere
546 826 637 860 mihi
660 826 837 871 persuasi.
878 826 923 860 cf.
941 826 1020 860 Ind.
1037 826 1155 872 biogr.
1172 839 1207 871 p.
1225 830 1300 861 416.
1319 828 1385 861 art.
1402 826 1632 862 Mistotheus.

315 887 357 917 ‘28
383 883 549 925 defensor
572 883 624 927 v.]
662 882 811 917 Scilicet
840 882 904 927 qui
933 883 971 916 te
1004 882 1163 925 asinum,
1203 893 1331 917 canem
1362 883 1439 917 sive
1473 883 1596 928 potius
1626 884 1757 928 lupum
1788 895 1960 928 rapacem
1991 885 2030 918 et

405 938 630 972 crocodilum
648 950 724 973 esse
742 949 861 983 nuper
879 938 927 982 (d.
948 943 998 973 15.
1015 938 1109 983 Aug.
1128 949 1158 972 a.
1178 940 1289 982 1514.)
1307 939 1441 973 litteris
1458 940 1504 973 ad
1523 939 1773 984 Spalatinuni,
1799 939 1899 984 apud
1917 950 2027 984 quem

406 1006 474 1039 ego
501 994 732 1038 (Fornacifex
757 994 901 1038 Cretas>
926 994 1021 1028 hanc
1045 994 1114 1028 tibi
1140 994 1335 1038 epistolam
1360 995 1504 1039 scripsi,
1530 995 1626 1029 datis
1650 996 1743 1029 mire
1769 995 1982 1030 celebravit.

362 1052 425 1094 qui
455 1054 541 1085 sunt
573 1051 616 1085 de
645 1051 708 1084 via
737 1051 890 1094 meliora]
921 1052 1046 1084 utrum
1078 1049 1105 1083 ii
1135 1051 1236 1084 recte
1270 1050 1434 1084 sentiant
1463 1051 1526 1094 qui
1555 1062 1690 1085 nomen
1719 1052 1826 1085 tuum
1851 1062 1873 1085 a
1896 1051 2027 1096 gratia,

407 1119 451 1140 an
477 1107 540 1150 qui
565 1118 586 1140 a
612 1106 785 1141 Gracchis
814 1106 1012 1140 deducunt.

315 1168 357 1197 :30
382 1163 477 1206 quod
496 1190 502 1197 .
522 1190 528 1196 .
546 1163 699 1206 vincere]
725 1163 767 1196 ut
791 1162 931 1204 vincas,
959 1162 1152 1196 victoriam
1177 1162 1272 1195 feras
1298 1161 1355 1196 de.

358 1220 497 1252 meavit
522 1220 638 1252 lm‘ret.
658 1219 731 1262 etc]
763 1218 813 1252 Ut
837 1217 883 1251 ad
909 1219 986 1251 58²¹
1015 1218 1276 1259 indicavimus,
1309 1218 1534 1252 Reuchlinus
1560 1218 1714 1253 Ortvino
1738 1220 1891 1264 propter
1915 1220 2030 1254 verba

406 1274 505 1308 ‘Flet
521 1274 618 1308 Iovis
643 1274 741 1307 alma
765 1275 917 1318 parens'
945 1273 997 1317 (id
1016 1275 1071 1308 est
1087 1276 1207 1308 mater
1225 1274 1316 1317 dei),
1343 1274 1476 1318 quibus
1493 1274 1552 1309 1110
1569 1275 1606 1309 111
1631 1276 1792 1309 carmine
1816 1275 1944 1310 libello
1962 1276 2027 1309 Ar-

403 1330 503 1364 noldi
522 1330 566 1364 de
585 1330 744 1375 Tungris
763 1330 853 1373 [Ind.
870 1341 954 1364 scrr.
972 1342 1008 1374 p.
1024 1334 1075 1365 78.
1094 1342 1128 1364 11.
1143 1331 1202 1374 11.]
1221 1330 1407 1374 praemisso
1426 1342 1511 1364 usus
1529 1332 1594 1373 est,
1613 1332 1690 1365 tam
1709 1331 1889 1376 grandem
1907 1331 2027 1366 dicam

404 1386 578 1431 impegit,
601 1387 643 1420 ut
659 1386 696 1419 in
714 1385 938 1420 Defensione
959 1386 1049 1430 [Ind.
1067 1398 1152 1420 scrr.
1170 1397 1205 1429 p.
1222 1390 1275 1421 80.
1294 1397 1344 1430 sq.
1363 1398 1397 1419 11.
1415 1388 1506 1431 xm]
1523 1387 1618 1421 hanc
1638 1387 1942 1431 ‘blasphemiam'
1961 1399 2029 1432 per

404 1443 539 1476 multas
561 1442 716 1487 paginas
735 1441 978 1487 (Eiiia...Fiij
992 1444 1006 1466 b
1025 1442 1080 1476 ed.
1100 1453 1130 1476 a.
1151 1446 1246 1477 1513.
1265 1442 1340 1476 sive
1358 1454 1393 1486 p.
1411 1442 1648 1476 F4b...Hiib
1666 1442 1722 1477 ed.
1741 1454 1772 1477 a.
1792 1445 1902 1486 1514.)
1919 1443 2027 1478 docte

403 1499 553 1542 quidem
585 1498 648 1533 sed
678 1498 851 1540 moleste,
885 1509 931 1532 ne
962 1498 1157 1542 pueriliter
1187 1498 1326 1539 dicam,
1365 1498 1534 1542 repetitis
1564 1498 1699 1533 ictibus
1730 1500 2027 1543 persequeretur.

403 1566 445 1588 ex
467 1567 541 1599 qua
565 1554 797 1599 querimonia
813 1555 891 1588 haec
908 1555 1055 1588 tantum
1080 1554 1126 1588 ad
1143 1554 1177 1588 11.
1195 1554 1218 1589 l.
1236 1554 1443 1598 repetenda
1458 1554 1650 1588 videntur:
1677 1554 1805 1597 „Nam
1821 1555 2028 1599 proclamat

403 1610 613 1655 [Ortvinus]
647 1622 708 1645 ore
740 1613 868 1654 spurco
907 1612 945 1645 et
973 1610 1187 1654 blasphemo
1226 1610 1431 1654 quinetiam
1467 1610 1682 1654 impressum
1720 1610 2026 1655 chalcographice

400 1667 606 1711 publicavit
629 1666 667 1700 111
692 1666 769 1711 ipso
793 1666 887 1700 libro
912 1667 1021 1700 huius
1045 1666 1268 1700 mandatarii
1291 1666 1555 1710 theologisticae
1580 1666 1770 1700 facilitatis
1789 1666 1957 1710 [Arnoldi
1979 1666 2025 1701 de

400 1722 576 1767 Tungris]
606 1723 688 1757 socii
714 1723 766 1756 sui
793 1722 957 1766 [Ortvini
983 1722 1121 1767 Gratii]
1149 1722 1193 1756 de
1219 1722 1429 1756 beatissima
1460 1723 1498 1756 et
1520 1722 1859 1756 immaculatissima
1881 1722 2025 1767 virgine

399 1778 532 1821 Maria,
560 1780 658 1822 quod
684 1780 728 1813 sit
752 1779 850 1812 alma
872 1790 1007 1823 parens
1031 1778 1138 1812 Iovis.
1187 1778 1274 1819 Quae
1300 1789 1397 1812 nova
1419 1778 1566 1812 haerefis
1590 1779 1701 1812 antea
1721 1789 1842 1822 neque
1866 1779 1903 1812 in
1928 1778 2026 1812 orbis

399 1836 582 1868 terrarum
611 1835 784 1869 latissimo
817 1835 952 1879 spacio,
987 1845 1054 1868 nec
1081 1833 1181 1878 apud
1205 1836 1354 1878 superos
1378 1845 1446 1878 nec
1472 1834 1571 1878 apud
1600 1834 1737 1868 inferos
1762 1835 1890 1869 audita
1919 1835 1974 1868 est
2003 1845 2025 1868 a

399 1891 527 1924 mundi
556 1890 747 1925 exordio“.
796 1890 921 1935 Longe
954 1892 1040 1924 ante
1070 1890 1163 1923 illud
1194 1890 1369 1924 miserum
1404 1901 1552 1924 carmen
1581 1890 1682 1924 idem
1714 1889 1889 1924 Ortvinus
1924 1890 2023 1924 idem

398 1948 491 1981 laesae
515 1947 718 1981 maiestatis
743 1947 876 1981 divinae
903 1947 1058 1988 crimen,
1085 1946 1184 1990 quod
1201 1946 1405 1980 Reuchlino
1424 1947 1542 1980 visum
1567 1947 1636 1989 est,
1664 1946 1913 1987 commiserat,
1940 1957 2023 1980 cum

398 2004 435 2036 111
467 2003 735 2047 epigrammate
765 2002 1075 2047 Pepericorniano
1107 2002 1235 2037 libello
1267 2002 1476 2044 ‘Quomodo
1507 2002 1610 2036 Iudei
1648 2014 1753 2036 suum
1784 2002 1922 2047 pascha
1951 2013 2022 2036 ser-

397 2060 503 2093 vent’
533 2059 628 2103 [Ind.
648 2071 732 2093 scrr.
749 2071 783 2103 p.
802 2063 854 2093 64.
872 2071 950 2103 sqq.
967 2071 1001 2092 n.
1019 2059 1065 2104 v.]
1095 2058 1292 2093 scriberet:

666 2117 804 2150 Crescit
829 2118 943 2151 honor
968 2117 1114 2149 Christi.
1140 2117 1298 2158 gaudent
1323 2119 1382 2159 pia
1406 2118 1553 2149 numina
1578 2117 1651 2149 celo

732 2174 780 2206 Et
804 2174 903 2206 Iovis
927 2174 1039 2205 eterni
1063 2174 1195 2216 gaudia
1219 2177 1329 2205 mater
1353 2173 1469 2205 habet.

396 2238 481 2261 nam
507 2228 583 2262 sive
608 2227 696 2262 flere
728 2227 805 2262 sive
837 2227 1015 2273 gaudium
1045 2227 1183 2261 habere
1216 2227 1276 2261 (101
1307 2227 1534 2272 genetricem
1566 2227 1706 2270 dicere,
1736 2228 1775 2261 id
1805 2228 2020 2262 haereticum

398 2294 470 2317 non
503 2285 558 2317 est
587 2284 722 2325 visum,
756 2283 820 2317 sed
850 2285 888 2317 in
921 2283 1161 2328 blasphemiae
1194 2283 1333 2317 crimen
1365 2283 1497 2317 incidit
1518 2283 1724 2317 Reuchlino
1756 2283 1878 2318 iudice
1909 2285 2022 2327 poeta

397 2339 459 2381 qui
486 2339 638 2383 virginis
663 2339 780 2372 filium
804 2339 930 2373 Iovem
955 2339 1033 2383 (qui
1059 2340 1115 2373 est
1139 2339 1307 2373 diabolus
1332 2340 1371 2373 et
1395 2339 1538 2373 daemon
1563 2340 1602 2373 et
1624 2339 1744 2373 multa
1767 2339 1910 2374 nefaria
1933 2339 2019 2373 faci-

396 2405 486 2427 nora
510 2395 707 2437 commisit)
726 2395 902 2439 appellat.
950 2395 1057 2430 Certe
1082 2395 1205 2429 brevis
1223 2394 1369 2428 Ortvini
1387 2394 1551 2429 defensio
1569 2396 1697 2428 contra
1712 2395 1807 2429 hanc
1824 2394 2020 2429 Reuchlini

396 2450 667 2484 accusationem
693 2452 793 2494 <nam
819 2450 964 2485 Ortvini
987 2450 1219 2495 interpretis,
1253 2461 1327 2485 non
1350 2450 1590 2494 Pepericorni
1614 2452 1699 2484 sunt
1731 2462 1812 2495 quae
1843 2451 1881 2484 111
1911 2451 2020 2484 huius

395 2505 527 2539 Latina
549 2506 762 2541 defensione
787 2507 917 2541 contra
939 2506 1113 2548 famosas,
1133 2506 1189 2540 ed.
1207 2518 1242 2540 n.
1260 2517 1344 2551 pag.
1364 2510 1437 2540 118.
1455 2506 1477 2539 i.
1495 2506 1518 2539 f.
1539 2510 1612 2540 119.
1629 2506 1709 2541 init.
1722 2506 1912 2551 leguntur)
1936 2506 2019 2550 plus

394 2562 478 2595 salis
510 2573 680 2606 sanaeque
705 2562 840 2596 mentis
870 2562 1008 2596 habere
1039 2562 1188 2596 videtur
1218 2573 1329 2606 quam
1360 2562 1518 2597 molesta
1548 2562 1744 2596 Reuchh'ni
1775 2562 2017 2606 querimonia.

395 2618 567 2651 Ceterum
593 2618 671 2651 eius
696 2618 797 2652 modi
814 2618 1110 2663 comparationes
1127 2618 1187 2652 dei
1205 2619 1491 2662 sanctorumque
1510 2630 1593 2652 cum
1611 2618 1681 2652 diis
1699 2618 1912 2662 deabusque
1929 2629 2017 2663 gen-

393 2673 515 2706 tilium
540 2683 613 2707 nou
639 2673 755 2707 solum
783 2675 894 2708 etiam
918 2674 1164 2709 anterioribus
1187 2674 1328 2709 saeculis
1344 2674 1591 2709 usitatissimae
1608 2674 1904 2717 fuerant(unun1
1923 2673 2017 2707 Tho-

394 2740 491 2762 mam
523 2729 568 2763 de
594 2729 749 2764 Walleis
777 2731 815 2763 in
839 2731 1057 2765 memoriam
1088 2741 1278 2764 revocasse
1309 2729 1500 2773 sufficiet),
1531 2730 1596 2764 sed
1628 2731 1666 2763 et
1698 2729 1798 2774 apud
1822 2729 2017 2763 Reuchlini

394 2785 553 2828 {equales
582 2785 657 2819 fere
687 2785 807 2820 ubivis
831 2786 1017 2831 leguntur.
1067 2785 1159 2820 Cum
1185 2786 1360 2820 Ortvinus
1384 2786 1445 2820 vix
1471 2785 1718 2827 adulesceret,
1750 2785 1930 2819 Buschius
1954 2785 2016 2819 he-

394 2840 594 2874 catosticha
624 2853 689 2875 sua
717 2842 755 2875 in
787 2841 937 2876 laudem
970 2842 1064 2877 divae
1096 2842 1249 2887 virginis
1279 2841 1449 2875 ediderat
1473 2841 1531 2885 (cf.
1551 2841 1596 2875 ad
1614 2852 1699 2885 pag.
1717 2842 1827 2884 60¹⁵),
1859 2852 1940 2884 quae
1965 2841 2015 2874 sic

392 2896 575 2938 incipiunt
589 2910 596 2929 ε

662 2954 775 2994 „Cum
800 2955 884 2987 deus
909 2956 1084 2988 astriferis
1110 2957 1192 2988 olim
1218 2960 1391 2989 venturus
1422 2957 1465 2988 ab
1495 2957 1568 2989 oris

727 3011 841 3044 Vellet
867 3016 1015 3043 ovaturo
1041 3023 1107 3045 nos
1131 3023 1298 3054 reparare
1323 3013 1404 3053 polo
1496 3013 1579 3046 Ave.
