2119 3522
927 209 1054 232 σατις.
1749 190 1846 236 345

131 321 254 360 Anno
280 322 400 360 1492.
420 322 545 361 Celtis
566 323 810 374 Ingolstadii
834 325 1016 362 oratoriae
1039 325 1287 376 poeticaeque
1308 325 1513 376 professor
1535 325 1630 375 fuit;
1661 326 1848 376 sequenti

132 378 241 428 apud
271 378 605 430 Ioa.Tolophum
642 380 811 417 amicum
840 381 1076 431 Ratisponae
1114 381 1304 419 habitans
1341 382 1529 432 privatim
1568 381 1722 428 docuit,
1764 387 1847 419 tum

130 447 203 484 per
232 440 470 485 sequentem
499 435 670 472 hiemem
692 435 912 485 Moguntiae
941 437 1050 486 apud
1072 437 1371 475 Theodoricum
1394 437 1693 475 Gresmundum
1724 438 1847 488 degit.

130 503 225 527 vere
246 491 810 541 a.1494.1ngolstadiensem
840 492 1073 530 cathedram
1103 494 1247 531 iterum
1278 493 1478 541 ascendit3
1517 499 1655 532 aestate
1685 494 1845 532 Trithe·

130 547 252 583 mium
284 546 521 597 Spanhemii
551 547 743 584 visitavit.
803 546 991 599 Auripoli
1022 554 1160 586 aestate
1191 563 1226 586 a.
1246 549 1508 599 1496.pestis
1548 556 1695 588 exortae
1727 563 1848 588 causa

131 602 268 640 relicta
288 602 608 653 Heidelbergam
639 604 852 649 concessit,
894 603 963 641 ubi
994 604 1178 642 electoris
1208 604 1389 655 Philippi
1418 605 1520 642 filios
1558 605 1704 645 docuit.
1750 606 1846 644 inde

129 664 267 696 aestate
289 673 325 696 a.
346 659 465 698 1497.
484 658 533 696 ab
555 659 649 709 imp.
668 658 946 697 Maximiliano
968 660 1255 698 Vindobonam
1286 666 1494 707 evocatus,
1527 662 1720 700 societate
1741 663 1845 700 litte-

130 715 236 752 raria
255 715 503 752 Danuhiana
534 728 565 752 s,
587 715 826 752 Pannonica
857 715 1022 753 condita
1050 717 1200 766 primus
1222 716 1553 754 bibliothecarius
1576 718 1706 755 factus
1729 719 1847 769 eique

128 771 308 821 roganti,
340 776 383 807 ut
404 771 447 808 in
468 770 781 808 Vindobonensi
802 771 936 808 studio
960 772 1141 821 generali
1162 772 1304 822 quinta
1327 772 1497 810 facultas
1521 774 1762 824 erigeretur,
1796 774 1845 813 ab

130 827 372 876 imperatore
404 839 637 864 concessum
670 831 747 872 est,
785 832 829 863 ut
859 827 946 877 ipse
977 827 1019 863 in
1044 827 1226 878 Collegio
1258 829 1415 878 poetico
1448 829 1661 879 primarius
1693 831 1844 880 profes-

126 895 192 919 sor
214 879 422 929 doceretffi,
446 882 572 932 quod,
598 882 820 919 interiectis
841 883 1050 920 nonnullis
1075 883 1327 921 brevioribus
1350 885 1765 934 peregrinationibus,
1797 887 1846 924 ab

127 952 235 976 anno
257 938 375 977 1502.
395 938 446 976 acl
477 944 643 975 mortem
675 951 803 989 usque
825 939 933 976 fecit.
956 961 1010 965 —
1042 937 1223 990 Operum
1246 939 1371 977 Celtis
1399 941 1678 979 recensionem
1698 942 1847 980 videsis

127 994 381 1045 ap.Klfipfel
395 992 420 1013 ¹⁷
452 1000 491 1032 et
521 992 803 1033 Erhardumffl.
866 994 1021 1033 Celtem
1060 996 1116 1033 eis
1152 995 1503 1034 adnumerandum
1535 1010 1622 1034 esse
1652 999 1719 1048 qui
1752 1013 1775 1036 a
1805 1012 1847 1037 se

128 1051 334 1088 confectos
367 1051 637 1102 confictosque
667 1050 791 1088 libros
822 1064 893 1101 pro
926 1052 1104 1102 antiquis
1139 1052 1423 1099 venditarunt,
1462 1058 1570 1091 recte
1602 1053 1765 1104 quidem
1798 1055 1847 1092 de

128 1106 340 1145 Gunthero
362 1107 578 1157 Ligurino,
613 1107 715 1145 falso
746 1113 878 1145 autem
903 1107 952 1145 de
974 1108 1231 1145 Hrotswithae
1253 1109 1419 1146 misellis
1451 1110 1656 1148 comoediis
1687 1124 1846 1161 poema-

125 1163 257 1214 tisque
288 1164 533 1201 recentiores
563 1164 779 1214 scriptores
801 1163 996 1202 iudicant.
1056 1165 1122 1202 Me
1143 1165 1270 1215 magis
1294 1165 1468 1203 delectat
1488 1167 1678 1204 memoria
1698 1167 1847 1205 tabulae

126 1220 343 1258 itinerariae
374 1219 423 1257 ab
448 1219 561 1257 Celte
594 1225 737 1270 emptae
759 1219 1089 1271 Peutingeroque
1120 1221 1284 1271 legatae,
1317 1234 1406 1272 quae
1441 1222 1598 1260 ‘tabula
1626 1222 1845 1274 Peutinge-

126 1276 271 1323 riana',
312 1281 356 1313 ut
387 1276 472 1314 fere
505 1289 641 1313 omnes
675 1275 837 1314 Celticae
868 1277 1068 1327 reliquiae,
1109 1277 1242 1315 adhuc
1272 1277 1530 1315 Vindobonae
1561 1278 1845 1317 adservatur¹⁹.

215 1410 431 1451 eiyentliehen
456 1409 673 1450 Mittetpzmct
696 1409 756 1449 fiir
781 1411 834 1441 die
857 1410 1083 1452 Verbreituny
1108 1412 1167 1443 des
1191 1412 1425 1443 Humanis-mus
1449 1413 1490 1442 im
1515 1412 1696 1444 deutschen
1713 1413 1846 1447 Reiche.

216 1466 298 1506 Dass
321 1467 375 1498 die
398 1470 492 1498 weite
519 1465 739 1506 Wanderuny
763 1467 804 1497 im
829 1465 976 1498 Sommer
1000 1467 1094 1498 1491.
1115 1467 1199 1498 naclz
1224 1468 1296 1499 dem
1321 1468 1502 1499 deutschen
1528 1468 1668 1500 Norden
1692 1480 1752 1500 zur
1774 1469 1846 1501 Bil-

215 1523 303 1564 duny
327 1524 418 1553 eines
444 1522 743 1554 niederdeutschen
766 1521 930 1554 Vereines
953 1521 1152 1562 (sodalitas
1177 1523 1324 1555 Baltica
1349 1525 1434 1556 oder
1451 1523 1640 1556 sodalitas
1659 1525 1844 1566 Codonea)

215 1578 335 1610 keinen
364 1578 485 1620 ErfoI9
509 1578 615 1610 haben
640 1577 778 1616 Ιεοηηίε,
805 1578 913 1610 dauon
937 1580 1072 1611 werden
1097 1580 1150 1611 die
1176 1579 1350 1612 Ursachen
1375 1582 1561 1621 daryeleyt.
1610 1582 1682 1613 Der
1707 1582 1847 1614 Dichter

214 1636 328 1676 endiyt
352 1636 444 1666 seine
465 1635 674 1667 Reisebilder
697 1635 753 1666 mit
779 1635 850 1666 dem
875 1636 1004 1667 vierten
1022 1635 1156 1676 Buche,
1183 1636 1246 1667 das
1271 1646 1309 1668 er
1335 1636 1419 1667 nach
1442 1637 1554 1668 seiher
1576 1638 1847 1677 plattdeucsclzen

215 1691 386 1723 Frezmdz'n
403 1690 566 1722 Barbara
591 1691 766 1722 benannte.
822 1691 932 1723 W‘enn
957 1702 996 1723 er
1019 1702 1071 1723 am
1094 1691 1250 1724 Schlzcsse
1273 1694 1384 1724 seines
1407 1692 1554 1724 Werkes
1577 1704 1639 1725 von
1664 1695 1767 1726 einem
1792 1694 1845 1726 be-

214 1749 400 1779 slandenen
426 1746 596 1779 Seestztrm
621 1749 662 1778 im
687 1747 883 1779 no'rdlz’ehen
910 1747 1020 1780 Ocean
1046 1749 1114 1779 und
1136 1759 1205 1780 vom
1223 1748 1378 1780 Beszcehe
1404 1750 1466 1780 der
1487 1750 1610 1789 fernen
1635 1750 1675 1780 ῐηι
1694 1750 1847 1782 Eismeer

212 1805 392 1844 ‚qeleyenen
422 1803 513 1835 [περὶ
541 1803 642 1835 Thule
673 1804 820 1840 erzd'hlt,
853 1814 889 1835 so
921 1805 1001 1846 Jieqt
1031 1805 1085 1836 die
1106 1805 1280 1845 poetisehe
1305 1806 1438 1837 Fiction
1470 1805 1535 1845 auf
1559 1806 1621 1837 der
1647 1806 1767 1844 Hand,
1801 1808 1845 1839 da

214 1861 276 1891 der
300 1860 453 1895 Dichter,
484 1861 546 1891 der
570 1871 632 1891 mer
657 1863 710 1892 ein
734 1871 823 1901 paar
840 1861 979 1892 Monate
1005 1861 1133 1892 damals
1156 1862 1190 1892 in
1214 1862 1566 1893 Niederdeutselzland
1588 1864 1754 1894 verweilte
1779 1865 1848 1895 und

213 1917 298 1947 daza
323 1917 429 1957 einiye
455 1916 605 1947 W'ochen
629 1917 662 1947 in
688 1916 825 1948 Liibeck
850 1927 912 1948 ans
937 1917 1174 1949 Kranlcenbett
1196 1918 1357 1958 gefesselt
1380 1929 1469 1954 war,
1499 1919 1587 1950 nicht
1611 1919 1783 1951 innerhalb
1808 1930 1845 1952 so

213 1972 336 2003 Icnrzer
350 1972 423 2002 Zeit
436 1973 509 2003 eine
526 1982 563 2003 so
579 1972 786 2013 yefahrvolle
804 1974 873 2004 und
889 1973 1016 2004 damals
1034 1974 1123 2005 nicht
1136 1974 1361 2015 yewdhnlz‘che
1376 1973 1537 2013 Seefahrt
1553 1975 1586 2005 in
1605 1976 1658 2006 die
1676 1976 1845 2016 entfernte

214 2028 341 2069 Reyion
367 2029 426 2059 des
443 2027 634 2059 Eismeeres
659 2029 794 2060 maehen
819 2028 952 2060 konnte.
1003 2029 1096 2060 Aber
1121 2040 1159 2060 er
1184 2030 1378 2061 anternahm
1396 2032 1445 2061 sie
1468 2030 1553 2061 auch
1574 2031 1663 2062 nicht
1682 2033 1723 2062 10
1739 2032 1845 2063 Jahre

213 2086 332 2124 spdter
357 2083 514 2123 (1501.),
546 2094 595 2115 wo
619 2084 690 2115 sich
714 2086 806 2116 seine
830 2085 1027 2126 bestd'ndiye
1053 2085 1288 2118 Anwesenheit
1311 2087 1345 2117 in
1370 2086 1664 2119 Siiddeutsehland
1686 2088 1845 2120 nac-hwet-

212 2151 273 2171 sen
289 2141 382 2171 Id'sst.
402 2165 407 2171 .
425 2165 430 2170 .
449 2165 454 2170 .
483 2140 578 2170 Nach
594 2141 707 2171 seiher
724 2140 903 2172 Riiclclcehr
923 2142 956 2172 in
974 2142 1027 2172 die
1040 2141 1239 2181 frd'nlcz‘sche
1258 2143 1411 2179 Hetmat,
1435 2143 1476 2173 im
1495 2143 1634 2184 Anfony
1651 2142 1846 2184 September

216 2197 312 2227 1491.
325 2220 334 2237 ‚
360 2196 473 2227 sehz'en
493 2195 602 2227 Celtes
625 2197 697 2228 dem
719 2201 827 2228 steten
853 2197 1102 2229 lt'anderleben
1120 2203 1280 2240 entsayen
1297 2209 1335 2230 zu
1352 2200 1485 2235 wollen,
1512 2200 1556 2230 da
1574 2210 1612 2230 er
1630 2201 1694 2230 den
1711 2200 1785 2240 Rus
1796 2202 1846 2231 als

213 2252 400 2292 Professor
423 2253 484 2283 der
502 2252 666 2284 Rhetorilc
689 2263 732 2283 an
756 2253 818 2284 der
839 2253 1073 2294 Inyolstadter
1089 2254 1301 2286 Hochschzde
1325 2253 1508 2286 onnahm“.
1609 2254 1663 2295 16)
1683 2255 1724 2290 A.
1746 2257 1842 2288 1498.

215 2308 337 2348 „Aula
362 2307 500 2340 inclitae
527 2308 724 2348 facultati&
741 2309 815 2342 Art.
836 2308 992 2341 Conradi
1012 2309 1127 2341 Celtis
1235 2321 1346 2352 opera
1367 2311 1537 2342 restituta
1569 2315 1624 2342 est
1649 2314 1761 2352 atque
1785 2322 1846 2343 va-

213 2365 277 2396 riis
296 2367 474 2396 exornata
490 2364 681 2406 picturis.“
718 2364 812 2396 Eder
827 2364 944 2398 Catal.
961 2368 1110 2399 reetorr.
1124 2366 1254 2398 Vienn.
1272 2377 1305 2408 p.
1320 2368 1374 2400 46.
1471 2367 1526 2407 17)
1546 2368 1587 2399 In
1606 2370 1708 2408 parte
1726 2368 1846 2399 altera

212 2430 323 2462 supra
340 2419 429 2461 (not.
443 2419 483 2460 6.)
503 2420 644 2452 laudati
662 2421 798 2462 operis,
819 2431 925 2461 quam
945 2421 1059 2453 edidit
1076 2425 1158 2463 post
1175 2423 1204 2454 Ι.
1222 2422 1260 2456 C.
1280 2422 1382 2454 Ruefi
1401 2426 1503 2457 mort.
1523 2423 1561 2455 C.
1580 2423 1656 2455 Zell
1675 2424 1844 2466 Friburgi

214 2486 246 2506 a.
265 2477 361 2508 1827.
379 2475 426 2510 40.
543 2476 598 2517 18>
615 2477 731 2509 Gesch.
749 2478 780 2508 d.
802 2478 856 2508 W.
870 2479 902 2508 d.
925 2478 979 2508 W.
997 2478 1047 2509 II.
1067 2488 1099 2519 p.
1118 2479 1310 2511 135...146.
1355 2479 1541 2520 EncycIop.
1561 2479 1583 2512 l.
1601 2490 1630 2511 c.
1650 2490 1684 2520 p.
1702 2481 1775 2513 139.
1792 2490 1845 2521 sq.

215 2529 269 2572 19)
301 2532 418 2562 Huius
452 2533 588 2564 tabulae
620 2533 836 2572 itinerariae,
878 2536 963 2564 ante
994 2533 1218 2566 Diocletiani
1249 2538 1413 2576 tempora
1445 2535 1608 2577 scriptae,
1648 2546 1731 2570 saee.
1756 2546 1843 2567 xur.

213 2588 406 2629 descriptae
438 2588 657 2630 exemplum,
699 2589 793 2631 quod
818 2599 849 2621 a.
872 2590 968 2621 1490.
992 2588 1105 2630 Spirae
1138 2590 1282 2622 viderat
1311 2590 1415 2623 Felix
1448 2590 1658 2628 Malleolus,
1691 2602 1724 2622 a.
1747 2593 1843 2624 1507.

211 2643 422 2675 XVormatiae
439 2644 569 2676 venale
588 2648 757 2686 prostans
777 2645 863 2677 emit
877 2644 992 2676 Celtis
1009 2648 1303 2687 testamentoque
1323 2647 1462 2688 legavit
1481 2647 1596 2679 amico
1615 2657 1679 2679 suo
1694 2647 1844 2678 Peutin-

212 2711 309 2742 gero.
342 2699 396 2731 De
417 2710 457 2732 eo
471 2700 692 2733 Trithemius
708 2701 805 2743 (epp.
822 2702 942 2733 samm.
959 2698 1008 2732 n⁰.
1022 2712 1096 2733 xm.
1117 2701 1208 2743 Opp.
1227 2702 1284 2733 Ff.
1297 2703 1392 2735 1601.
1413 2702 1474 2735 fol.
1495 2702 1630 2743 p.553‚)
1646 2703 1677 2734 d.
1689 2703 1842 2745 12.Aug.

213 2767 243 2787 a.
263 2757 359 2788 1507.
379 2755 424 2787 ad
441 2755 553 2789 Wilh.
573 2756 764 2788 Veldicum
783 2758 1012 2798 Monapium,
1034 2756 1230 2798 plebanum
1247 2758 1284 2788 in
1302 2758 1511 2799 Dyrmstein
1533 2756 1660 2801 [prope
1679 2760 1843 2791 Worma—

211 2810 314 2853 tiam]
344 2812 510 2854 scripsit:
534 2812 709 2852 „Orbem
735 2816 840 2844 terrae
865 2813 1046 2854 marisque
1070 2817 1106 2845 et
1123 2813 1340 2854 insularum,
1367 2824 1470 2855 quem
1489 2815 1639 2856 pulchre
1658 2814 1844 2857 depictum

211 2869 247 2899 in
262 2869 464 2899 Wormatia
484 2868 617 2900 scribis
632 2879 712 2900 esse
730 2868 914 2908 venalem,
935 2880 989 2900 ine
1005 2868 1147 2911 quidem
1163 2870 1337 2911 consequi
1354 2880 1460 2911 posse
1479 2874 1662 2912 optarem,
1677 2872 1739 2903 sed
1758 2882 1843 2914 qua-

211 2925 381 2966 draginta
399 2935 462 2966 pro
480 2923 543 2956 illo
562 2924 763 2966 expendere
780 2925 950 2965 florenos,
969 2935 1074 2957 nemo
1092 2924 1202 2957 facile
1219 2925 1307 2957 mihi
1325 2926 1595 2967 persuadebit“.
1626 2927 1682 2960 Of.
1699 2927 1841 2969 Scheyb

211 2981 286 3012 tab.
303 2981 471 3023 Peuting.
488 2980 644 3013 Vindob.
662 2981 758 3013 1753.
775 2978 837 3012 fol.
852 2982 1038 3022 p.32.sqq.
1067 2981 1236 3013 Mannert
1255 2982 1329 3014 tab.
1346 2982 1424 3013 itin.
1439 2983 1610 3025 Peuting.
1630 2983 1729 3025 Lips.
1746 2985 1841 3018 1824,

212 3036 274 3068 fol.
290 3048 322 3079 p.
339 3038 392 3069 34.
409 3046 486 3078 sqq.
526 3036 734 3079 Milllenhoff
744 3048 775 3069 u.
790 3037 822 3068 d.
843 3036 1035 3069 Weltlcarte
1053 3037 1112 3069 des
1124 3037 1172 3072 K.
1189 3037 1368 3080 Augustus.
1395 3038 1586 3072 Kie21856.
1604 3038 1651 3074 40.
1668 3049 1701 3081 p.
1717 3042 1746 3072 3.
1763 3049 1840 3081 sqq.
