2119 3522
873 220 1110 241 WIMPHELING.
1753 201 1848 247 507

136 331 217 370 kal.
240 332 360 370 Febr.
385 348 420 371 a.
446 333 581 381 1529„
615 334 726 372 cuius
758 334 810 371 ad
840 334 1134 385 Wimphelingi
1164 336 1290 373 vitam
1319 341 1571 386 spectantem
1601 342 1759 387 partem
1788 335 1854 373 hic

138 402 208 439 rep
214 389 356 426 etimus
370 387 410 427 ¹5:

137 483 180 498 ‚‚.
204 483 211 490 .
238 458 320 491 dum
346 460 480 492 amicos
506 470 753 499 recensemus,
786 469 894 492 unum
919 471 991 492 non
1017 462 1190 502 postremi
1215 462 1286 493 loci
1312 463 1512 503 amisimus,
1542 463 1715 495 Iacobum
1740 463 1851 494 Wim-

135 514 347 556 phelingum
373 515 690 554 Sletstadiensem,
725 516 786 556 qui
812 516 951 557 quidem
977 516 1071 547 inter
1098 517 1224 549 felices
1251 519 1435 549 numerari
1460 522 1621 559 poterat,
1654 519 1723 550 nisi
1749 529 1853 550 sene-

135 574 214 602 ctus
239 570 338 602 illius
364 571 401 601 in
426 571 493 602 hoc
511 571 672 603 seculum
690 571 801 603 multo
821 571 1169 604 turbulentissimum
1190 573 1391 606 incidisset.
1439 574 1531 605 Nam
1552 585 1572 606 a
1591 576 1724 606 teneris
1742 584 1853 617 usque

137 627 241 658 annis
267 626 444 658 educatus
471 630 525 658 est
549 627 588 658 in
614 627 877 659 honestissimis
903 627 1040 668 literis,
1066 629 1218 669 primum
1244 629 1433 661 Sletstadii
1459 630 1523 660 sub
1543 630 1729 662 Ludovico
1747 630 1852 660 Drin-

135 682 334 724 genbergio
361 682 576 724 Wesphalo‚
614 682 745 714 deinde
775 683 963 731 Friburgi,
998 694 1077 715 mox
1107 684 1394 726 Heydelbergae,
1431 685 1609 727 pontificii
1640 686 1727 717 iuris
1760 687 1853 727 peri-

135 739 224 770 tiam
251 748 332 770 cum
357 738 552 780 theologiae
579 739 735 770 scientia
760 749 831 770 non
855 739 1056 770 infeliciter
1081 740 1283 778 coniunxit,
1313 744 1348 772 et
1375 741 1512 781 alioqui
1537 741 1671 772 nullius
1689 741 1853 772 honestae

135 793 341 836 disciplinae
366 794 477 826 rudis.
525 794 753 836 Eloquentiae
778 805 863 826 vero
889 797 1029 826 tantum
1056 796 1228 837 praestitit
1253 800 1326 827 tum
1357 797 1392 827 in
1425 797 1583 829 carmine
1613 801 1688 828 tum
1713 797 1749 827 in
1775 807 1854 828 ora-

135 851 236 882 tione
268 850 404 890 soluta,
443 853 616 891 quantum
648 850 703 881 vel
735 860 756 881 a
787 850 956 892 theologo
991 850 1048 882 vel
1081 852 1125 883 ab
1158 851 1303 883 illorum
1335 855 1535 893 temporum
1568 852 1708 884 homine
1741 852 1856 893 possit

135 906 282 947 requiri.
329 906 476 938 Ascitus
494 905 636 947 spiram
664 905 891 938 ecclesiastae
916 917 1045 938 munus
1071 917 1141 938 non
1166 908 1245 940 sine
1271 907 1381 939 laude
1407 907 1531 949 gessit.
1580 908 1679 938 Inter
1702 908 1779 939 haec
1801 908 1856 938 vir

136 962 216 1003 pius
248 961 380 994 ardens
412 972 532 994 amore
565 972 682 993 rerum
708 961 926 1003 coelestium,
961 973 1074 1004 eoque
1105 966 1281 1004 pertaesus
1308 963 1442 1003 seculi,
1477 962 1570 1004 quod
1601 966 1694 995 teste
1720 963 1855 994 Ioanne

136 1021 251 1050 totum
281 1018 319 1049 in
349 1018 489 1049 malitia
527 1018 682 1059 positum
715 1022 787 1058 est,
826 1018 869 1049 de
901 1028 1047 1050 secessu
1080 1020 1269 1060 cogitavit.
1323 1020 1412 1051 Eius
1442 1019 1619 1060 propositi
1653 1022 1854 1050 consortem

137 1073 300 1107 habebat
324 1074 623 1115 Christophorum
657 1074 701 1105 ab
728 1074 938 1115 Vtenheim,
972 1074 1115 1106 doctum
1148 1076 1286 1116 pariter
1318 1078 1354 1106 et
1385 1075 1600 1106 castissimae
1631 1075 1857 1116 integritatis

135 1130 264 1162 virum.
311 1131 429 1171 Atque
461 1134 500 1162 ut
531 1130 645 1161 nudus
672 1130 719 1161 ad
745 1130 876 1161 nudum
904 1129 1087 1162 Christum
1115 1131 1349 1172 confugeret,
1377 1131 1469 1173 quod
1495 1135 1575 1163 erat
1599 1130 1858 1162 Ecclesiastici

138 1195 283 1223 census,
317 1190 397 1218 erat
429 1189 545 1217 autem
577 1185 671 1227 quod
704 1187 748 1218 ad
779 1187 865 1218 vitae
898 1186 1112 1218 mundiciem
1146 1186 1375 1227 sufficiebat,
1408 1187 1621 1228 resignavit.
1678 1186 1858 1218 Caeterum

136 1242 205 1273 hoc
235 1241 422 1274 consilium
450 1242 597 1283 abrupit
615 1241 895 1282 Christophorus
922 1242 967 1273 ad
995 1243 1157 1284 episcopi
1184 1253 1309 1275 munus
1335 1246 1532 1284 retractus,
1561 1243 1687 1275 amicis
1704 1243 1757 1274 ita
1774 1252 1858 1274 sua-

138 1297 324 1337 dentibus,
353 1297 530 1336 futurum,
556 1301 593 1329 ut
618 1298 649 1329 si
667 1298 713 1329 ad
731 1302 887 1329 mentem
906 1301 978 1329 tam
997 1300 1094 1339 piam
1114 1299 1334 1331 accessisset
1352 1299 1545 1339 autoritas,
1572 1298 1694 1340 plures
1713 1298 1858 1330 Christo

137 1353 357 1385 lucrifacere
382 1356 525 1395 posset,
559 1363 665 1395 quam
692 1355 722 1385 si
748 1364 786 1386 se
812 1354 1023 1386 abdidisset.
1071 1354 1143 1386 Ille'
1163 1357 1285 1386 tamen
1313 1366 1378 1387 sua
1403 1357 1622 1397 paupertate
1647 1354 1753 1386 laetus
1778 1364 1858 1396 per-

138 1409 250 1451 gebat
274 1409 367 1452 quod
392 1410 602 1442 instituerat
627 1420 756 1450 agere,
782 1420 904 1441 rursus
922 1410 1190 1452 Heydelbergae
1216 1421 1341 1443 sacros
1369 1414 1514 1442 autores
1542 1420 1733 1448 enarrans,
1762 1413 1798 1441 et
1822 1411 1857 1441 in

138 1466 194 1498 his
210 1466 481 1506 Hieronymum.
532 1466 586 1497 Ad
611 1465 691 1497 haec
716 1465 850 1498 libellis
877 1465 982 1497 editis
1010 1469 1045 1497 et
1073 1466 1361 1498 adolescentiam
1386 1467 1564 1506 instituit,
1591 1469 1628 1498 et
1653 1465 1860 1497 sacerdotes

138 1522 184 1554 ad
214 1522 365 1564 pietatis
398 1522 695 1564 castimoniaeque
728 1521 886 1553 studium
920 1522 1107 1556 excitavit.
1160 1522 1236 1554 Nec
1268 1526 1443 1564 gravatus
1475 1526 1531 1553 est
1557 1531 1679 1553 amore
1704 1521 1858 1563 pietatis

140 1587 248 1620 agere
272 1577 512 1620 paedagogum
540 1578 679 1619 aliquot
704 1587 846 1619 magnae
872 1578 952 1619 spei
978 1577 1272 1610 adolescentibus
1297 1604 1303 1610 .
1326 1603 1332 1609 .
1354 1603 1361 1610 .
1392 1579 1467 1610 Nec
1492 1578 1631 1610 invidia
1657 1577 1777 1608 caruit
1800 1577 1859 1608 ho-

139 1634 244 1666 minis
277 1637 405 1666 sancta
435 1634 609 1674 libertas,
642 1634 792 1666 Romam
818 1634 958 1666 excitus
985 1638 1041 1665 est
1074 1634 1177 1666 homo
1206 1638 1242 1666 et
1270 1634 1370 1667 senio
1398 1638 1434 1666 et
1458 1634 1587 1665 hernia
1612 1633 1757 1673 tardus,
1788 1643 1861 1664 mo-

138 1690 338 1722 nachorum
355 1689 678 1733 Augustinensium
705 1700 832 1732 opera,
859 1690 954 1731 quod
973 1690 1107 1722 alicubi
1126 1689 1378 1732 scripsissetffi,
1402 1690 1644 1733 Augustinum
1662 1700 1734 1721 non
1752 1689 1863 1720 fuisse

139 1746 373 1786 monachum,
406 1750 470 1779 aut
495 1750 594 1778 certe
620 1757 692 1778 non
717 1746 844 1787 talem,
879 1746 1006 1787 quales
1031 1756 1126 1778 nunc
1150 1747 1330 1779 habentur
1353 1746 1661 1788 AugustinenseS,
1695 1755 1801 1786 quum
1826 1745 1862 1776 hi

139 1806 264 1834 tamen
293 1802 394 1834 illum
418 1802 455 1833 in
486 1802 623 1834 tabulis
655 1813 699 1833 ac
730 1801 866 1834 libellis
898 1802 1100 1834 exhibeant
1134 1803 1311 1844 promissa
1342 1803 1475 1842 barba,
1513 1802 1619 1843 nigra
1652 1801 1796 1833 cuculla
1827 1805 1863 1843 et

139 1869 232 1891 zona
256 1859 435 1891 coriacea.
483 1859 563 1890 Hoc
588 1858 793 1890 incendium
816 1869 858 1890 ex
876 1859 1022 1890 minima
1041 1858 1204 1891 scintilla
1222 1859 1333 1890 latius
1353 1861 1594 1900 evagaturum
1610 1857 1695 1889 Iulii
1712 1857 1862 1889 secundi

139 1915 272 1956 pressit
297 1914 476 1947 autoritas
490 1914 525 1955 ¹7,
557 1915 666 1956 idque
691 1916 865 1947 bonorum
892 1917 1050 1946 omnium
1078 1915 1270 1957 applausu.
1323 1915 1462 1946 Praeter
1488 1913 1581 1946 alias
1607 1913 1862 1952 adversitates,

141 1971 272 2013 quibus
303 1970 458 2003 hominis
492 1971 606 2002 virtus
640 1971 804 2002 exercita
834 1971 921 2010 fuit,
953 1970 1020 2002 hoc
1054 1970 1169 2021 fatale
1202 1971 1314 2002 totius
1347 1970 1518 2002 ecclesiae
1544 1969 1731 2001 dissidium
1756 1969 1863 2001 vehe-

141 2030 282 2059 menter
305 2027 409 2058 illum
435 2027 584 2066 afflixit,
612 2037 654 2058 ac
679 2030 820 2059 tantum
845 2037 917 2058 non
943 2026 989 2058 ad
1013 2027 1100 2058 vitae
1128 2027 1276 2057 taedium
1296 2026 1431 2067 adegit.
1479 2027 1608 2067 Itaque
1628 2025 1863 2057 solitudinem

142 2094 186 2116 ac
217 2092 402 2115 secessum
433 2083 570 2114 frustra
600 2086 782 2115 tentatum
813 2083 1154 2123 ingravescentibus
1187 2083 1291 2114 annis
1325 2084 1401 2124 egit
1433 2081 1625 2114 Sletstadii
1654 2082 1693 2112 in
1725 2081 1863 2113 aedibus

140 2139 371 2181 Magdalenae
395 2139 547 2179 sororis,
575 2149 618 2170 ex
645 2149 717 2179 qua
741 2142 893 2180 nepotes
921 2139 1026 2178 duos,
1053 2148 1142 2179 quos
1168 2142 1321 2180 paterno
1343 2148 1483 2180 semper
1501 2137 1636 2170 affectu
1655 2136 1864 2178 complexus

144 2197 281 2234 fuerat,
311 2195 480 2237 reliquit,
512 2195 670 2227 moribus
703 2205 745 2226 ac
770 2195 904 2227 litteris
933 2195 1123 2237 eleganter
1147 2195 1348 2226 institutos.
1398 2194 1557 2233 Quorum
1581 2193 1738 2225 Iacobus
1764 2193 1865 2234 Spie-

143 2251 274 2294 gellius
298 2251 387 2283 iuris
412 2250 604 2293 prudentia
636 2250 774 2293 clarus,
805 2251 905 2293 prius
930 2251 1182 2282 Maximiliano
1210 2250 1304 2283 Caes.
1323 2260 1404 2281 mox
1432 2250 1511 2292 regi
1534 2248 1770 2281 Ferdinando
1796 2248 1866 2279 fuit

143 2319 165 2340 a
190 2307 387 2340 Consiliis:
412 2307 517 2349 Apud
543 2317 645 2348 quem
671 2317 785 2349 nuper
809 2308 860 2339 Io.
882 2308 1019 2348 Maius,
1045 2311 1134 2339 natu
1160 2307 1291 2347 minor,
1318 2307 1356 2338 in
1382 2307 1507 2338 fratris
1532 2305 1651 2338 locum
1676 2306 1866 2344 successit,

235 2419 291 2462 15)
310 2432 354 2452 ex
372 2421 440 2463 Op.
460 2420 647 2462 epistolar.
667 2421 752 2452 Des.
772 2420 915 2452 Erasini
939 2420 1021 2452 Rot.
1047 2419 1159 2451 Basil.
1178 2419 1239 2451 fol.
1261 2431 1295 2461 p.
1313 2419 1391 2455 966.
1438 2419 1479 2450 In
1498 2419 1641 2450 Erasini
1666 2428 1746 2459 epp.
1763 2418 1806 2448 L.
1823 2417 1865 2451 B.

235 2478 333 2511 1706.
351 2477 415 2509 fol.
433 2477 511 2509 haec
531 2487 587 2519 ep.
607 2480 663 2509 est
680 2487 713 2508 n.
732 2487 847 2509 MV111.
945 2475 999 2518 16)
1019 2477 1071 2508 De
1099 2475 1225 2507 libello
1242 2476 1296 2507 De
1322 2475 1538 2517 integritate
1566 2477 1602 2505 et
1627 2473 1711 2505 inde
1739 2475 1867 2504 exorta

235 2543 315 2564 cum
340 2532 599 2564 Trithemianis
624 2532 688 2564 lite
714 2533 760 2567 cf.
782 2533 917 2565 Comm.
939 2533 1046 2575 epist.
1064 2532 1112 2564 II.
1131 2532 1184 2564 63.
1205 2534 1240 2562 et
1266 2541 1375 2572 supra
1399 2541 1485 2573 pag.
1503 2531 1580 2563 404.
1603 2533 1668 2560 art.
1688 2529 1864 2570 Langius.
1905 2548 1907 2550 -

237 2586 292 2630 17)
306 2588 393 2620 Iulii
409 2589 480 2620 ΡΡ.
495 2589 543 2623 ΙΙ.
557 2599 620 2630 pro
635 2588 919 2631 XVimphelingio
939 2589 1151 2620 sententiam
1171 2590 1343 2618 memorat
1359 2587 1453 2618 idem
1470 2587 1640 2617 Erasmus
1658 2585 1695 2616 in
1714 2585 1819 2626 epist.
1834 2585 1866 2616 d.

235 2646 290 2678 31.
305 2645 412 2676 Mart.
430 2655 461 2676 a.
479 2645 576 2677 1515.
592 2644 637 2676 ad
649 2645 874 2686 Raphaelem
895 2644 1118 2676 cardinalem
1137 2653 1164 2678 s.
1179 2643 1328 2683 Georgii
1346 2643 1449 2683 data,
1470 2642 1537 2673 hoc
1554 2640 1675 2672 modo:
1695 2641 1867 2680 „Quanto

236 2701 460 2742 praestiterat
477 2700 571 2732 hunc
589 2700 768 2732 hominem
790 2697 1064 2742 [Reuchlinum]
1084 2699 1180 2740 quod
1198 2709 1333 2740 operae,
1354 2697 1448 2739 quod
1467 2701 1648 2739 sumptus,
1669 2696 1763 2737 quod
1780 2698 1868 2727 tem-

235 2756 333 2798 poris
364 2756 420 2788 his
449 2756 568 2787 litium
597 2757 701 2787 tricis
726 2756 923 2797 impendit,
955 2755 1220 2787 honestissimis
1247 2753 1364 2785 literis
1390 2753 1608 2795 impartisse.
1658 2751 1784 2783 Multis
1809 2751 1869 2783 hic

237 2813 433 2854 gratiosior
464 2816 519 2843 est
549 2811 635 2843 Iulii
665 2812 815 2844 secundi
844 2812 1035 2851 memoria,
1069 2810 1162 2852 quod
1193 2810 1364 2842 Iacobum
1391 2809 1716 2851 XVimphelingum,
1750 2809 1866 2840 virum

238 2872 370 2911 praeter
402 2868 614 2900 eruditionis
648 2871 684 2899 et
715 2867 967 2899 sanctimoniae
994 2866 1342 2899 commendationem
1368 2866 1439 2896 iam
1465 2865 1567 2897 senio
1594 2874 1735 2906 quoque
1760 2874 1867 2896 vene-

240 2924 407 2964 rabilem,
440 2934 506 2956 sua
536 2923 651 2965 ipsius
682 2934 770 2955 voce
804 2923 849 2955 ab
880 2923 985 2954 huius
1018 2922 1115 2954 modi
1139 2922 1266 2954 litibus
1293 2921 1453 2954 absolvit
1479 2924 1515 2953 et
1541 2920 1866 2952 calumniatoribus

238 2980 423 3012 silentium
447 2979 588 3011 indixit.
637 2979 753 3012 Crede
783 2979 871 3011 mihi
900 2979 1107 3011 innumeros
1132 2977 1303 3011 mortales
1333 2978 1405 3010 sibi
1431 2977 1664 3010 devincturus
1691 2980 1746 3009 est
1772 2975 1866 3017 quis-

239 3037 320 3078 quis
344 3037 515 3069 Ioannem
540 3035 719 3068 Reuchlin
744 3035 857 3067 Musis
884 3038 919 3067 et
942 3034 1059 3067 literis
1088 3034 1292 3068 restituerit
1308 3057 1319 3068 .
1336 3057 1345 3067 .
1361 3033 1395 3067 “-
