2119 3522
948 124 954 139 5

753 211 995 234 TVNGERSHEIM
1020 226 1027 233 .
1043 225 1050 234 0
1065 225 1073 234 .
1097 212 1250 235 L'BSINVS.
1756 196 1849 240 491

141 325 292 363 Graecae
313 326 594 376 grammatices
615 323 774 375 (p.10³³)
794 327 979 365 Venetiis
1004 327 1111 378 apud
1131 326 1283 365 Aldum
1304 341 1339 365 a.
1359 329 1476 365 1497.
1495 325 1553 366 4⁰.
1571 327 1852 379 prodierunt¹3

142 380 371 419 Glareanus
403 382 522 419 etiam
555 382 683 419 edidit
722 395 789 420 eas
821 383 990 421 Basileae
1023 397 1059 420 a.
1086 384 1203 420 1534.
1230 384 1348 423 1535.
1379 385 1437 421 40.
1497 384 1630 422 Huius
1662 385 1853 422 editionis

140 435 347 487 exemplo²
376 451 463 476 meo
494 438 658 488 aequalis
687 452 829 476 manus
867 439 1148 490 superscripsit
1182 440 1407 487 ,,φιλιππος
1443 441 1679 489 μελανχθων
1705 438 1707 490 Ι
1736 440 1854 478 Solus

141 492 331 531 Vrbanus
356 494 501 545 dignus
522 491 544 530 ὃ
571 506 596 540 q
618 492 753 531 vocet*
774 492 1014 545 gramaticus
1037 497 1222 544 g1·ecus“.
1271 495 1395 533 Libro
1417 497 1564 546 primo,
1588 502 1632 534 ut
1654 497 1732 534 iam
1755 496 1853 535 Ges-

140 547 283 587 nerus3
320 550 494 595 notavit,
535 554 761 591 tractantur
801 563 888 601 quae
928 551 980 589 ad
1011 551 1297 601 simpliciorem
1328 557 1416 589 octo
1455 553 1628 602 partium
1660 553 1855 590 orationis

140 605 338 643 rationem
368 605 587 655 pertinent,
620 606 800 644 secundo
823 620 918 645 vero
950 619 1039 657 quae
1070 607 1123 645 ad
1153 608 1442 645 accuratiorem
1474 608 1696 646 earundem
1727 609 1853 659 expli-

140 662 351 708 cationem,
383 661 516 699 varias
549 661 754 709 dialectos,
789 669 829 701 et
859 663 1020 713 regulas
1052 663 1264 713 generales
1294 669 1493 714 spectant.

231 737 263 779 1)
282 738 381 769 Hain
397 737 585 779 Repertor.
605 742 654 769 n0.
674 739 792 773 16098.
909 738 943 778 2)
970 738 1187 780 Inscriptum
1213 742 1284 771 est:
1313 736 1415 790 ’βῆ
1445 749 1581 771 VRBANI
1607 737 1698 785 §a
1737 739 1742 782 Ι
1770 752 1855 773 BEL-

229 804 428 834 LVNENsm,
455 803 546 826 OLIM
563 804 598 825 D.
617 794 827 833 FRAszcisci
853 793 1003 825 familiae
1027 791 1258 826 institutionfi
1282 795 1320 825 in
1345 794 1506 836 linguam
1527 794 1530 835 Ι
1552 795 1717 827 Graecam
1738 807 1854 837 gram-

229 850 462 889 maticarum,
490 847 493 890 Ι
520 859 624 880 LIBm
649 859 734 881 nvo.
761 847 764 890 Ι
794 850 952 889 Quorum
983 849 1097 890 primo
1124 859 1203 890 quae
1230 849 1276 880 ad
1301 850 1555 892 simpliciorem
1581 854 1662 883 octo
1687 851 1854 893 paritium

230 905 407 938 orationis
431 905 629 945 rationem,
660 904 816 937 secundo
840 915 927 936 uero
953 914 1031 946 quae
1059 905 1104 936 ad
1131 904 1133 945 1
1161 906 1424 938 accuratiorem
1451 907 1646 938 earundem
1672 909 1857 948 pertinent

230 959 540 1003 exssplicationem,
570 961 813 993 continentur.
840 959 844 1002 Ι
872 960 930 1001 (In
954 962 1055 992 armis
1079 961 1150 992 avis
1175 963 1279 993 oleam
1307 966 1421 994 rostro
1446 961 1588 1002 tenens.)
1617 962 1619 1001 Ι
1647 971 1828 994 BASILEAE

229 1017 272 1048 In
296 1016 446 1049 officina
469 1017 618 1049 Ioannis
636 1015 809 1058 Valderil
833 1016 936 1049 Anno
958 1028 1146 1050 M.D.xxxv.
1175 1018 1178 1059 Ι
1208 1017 1297 1048 Cum
1321 1017 1514 1060 priuilegio
1532 1017 1696 1050 Caesareo
1721 1019 1757 1049 in
1784 1023 1855 1050 tres

228 1082 353 1105 annos.
373 1071 376 1115 Ι
395 1071 442 1104 4⁰.
487 1072 662 1105 Continet
691 1076 824 1114 praeter
853 1073 1006 1115 primum
1037 1074 1165 1105 folium
1196 1075 1261 1105 472
1286 1077 1496 1106 numeratas
1529 1075 1682 1115 paginas
1712 1074 1856 1115 triaque

230 1128 341 1169 folia,
368 1129 391 1160 i.
413 1140 444 1160 e.
462 1129 624 1161 Iudicem
649 1130 868 1170 Errataque.
963 1130 997 1170 3)
1015 1129 1190 1162 Biblioth.
1211 1140 1243 1171 p.
1263 1130 1338 1160 627.

140 1232 374 1272 URBANVS,
404 1225 608 1264 Henricus
642 1224 692 1274 (p.
708 1231 750 1261 59
762 1223 831 1277 26),
865 1227 1029 1264 intimus
1061 1226 1236 1264 Mutiani
1268 1226 1552 1277 Spalatinique
1584 1226 1752 1272 amicus,
1787 1226 1855 1263 illo

140 1281 261 1331 paulo
302 1282 457 1328 iunior,
500 1283 672 1319 maxime
710 1295 756 1319 ex
797 1283 977 1320 eiusdem
1010 1282 1389 1333 Camerarianisque
1428 1282 1477 1320 de
1515 1282 1686 1320 Eobano
1724 1282 1856 1320 Hesso

139 1338 297 1388 scriptis
328 1343 461 1382 notus,
495 1351 584 1375 cum
613 1338 773 1375 Erfurti
803 1338 1018 1389 theologiae
1049 1339 1242 1385 studeret,
1276 1340 1317 1375 in
1340 1339 1527 1385 Mutiani,
1560 1339 1639 1376 iam
1671 1344 1755 1377 tum
1788 1338 1855 1376 do-

139 1394 270 1431 ctrina
291 1394 541 1444 ingenioque
564 1394 674 1441 clari,
709 1395 954 1432 consortium
975 1395 1101 1441 venit,
1135 1408 1306 1445 quocum
1338 1395 1459 1432 etiam
1489 1400 1703 1445 postquam
1725 1394 1854 1432 Urba-

140 1463 215 1487 nus
239 1449 521 1488 Cisterciensis
553 1450 773 1488 monachus
797 1456 836 1488 ct
858 1464 1087 1488 oeconomus
1119 1451 1353 1488 monasterii
1375 1450 1504 1488 Vallis
1536 1451 1665 1488 sancti
1689 1450 1857 1501 Georgii

140 1506 270 1544 factus
303 1512 373 1553 est,
407 1507 627 1544 arctissimo
651 1507 877 1544 animorum
899 1520 945 1544 ac
977 1507 1201 1545 studiorum
1224 1507 1377 1544 foedere
1410 1506 1746 1556 coniungebatur.
1792 1507 1856 1544 De

139 1562 363 1600 studiorum
402 1576 552 1613 genere
584 1576 633 1601 ex
670 1563 805 1600 multis
837 1563 1013 1600 Mutiani
1050 1563 1293 1601 testimoniis
1333 1563 1409 1600 hoc
1446 1575 1573 1600 unum
1604 1576 1654 1600 ex
1689 1564 1773 1600 eius
1805 1563 1856 1600 ad

139 1618 351 1656 Urbanum
372 1617 564 1669 epistola¹
597 1619 781 1669 profero:
815 1619 1046 1666 „Urbanus,
1081 1619 1332 1669 Spalatinus,
1366 1619 1574 1656 Mutianus
1596 1625 1725 1669 poetae
1749 1625 1854 1665 sunt,

141 1674 281 1713 Graece
301 1675 535 1726 loquuntur,
571 1675 620 1713 de
643 1675 761 1713 rebus
785 1675 933 1714 divinis
955 1677 1077 1727 impie
1098 1676 1302 1713 sentiunt:
1335 1675 1433 1712 talia
1462 1674 1684 1713 iactantur:
1717 1675 1857 1712 ultima

139 1732 364 1769 criminatio
397 1731 500 1769 salsa
532 1738 592 1769 est
613 1738 652 1769 et
683 1732 898 1770 ementita:
931 1732 1020 1782 quis
1052 1732 1159 1770 enim
1180 1731 1348 1770 Urbano
1370 1731 1609 1781 religiosior,
1643 1731 1856 1782 Spalatino

139 1788 328 1834 sanctior,
361 1787 547 1825 Mutiano
580 1788 803 1826 sincerior?
852 1788 896 1826 Si
925 1802 1021 1826 vero
1054 1793 1184 1839 poetae
1214 1801 1363 1834 sumus,
1399 1787 1515 1825 doleo
1547 1800 1621 1825 1105
1653 1801 1737 1824 non
1770 1800 1857 1825 esse

139 1857 307 1894 magnos
345 1850 507 1895 poetas,
548 1844 688 1894 quales
727 1851 823 1882 sunt
852 1845 1038 1895 Baptista
1076 1845 1325 1883 Mantuanus
1365 1849 1404 1881 et
1443 1843 1686 1881 consimiles.
1748 1843 1857 1880 Illud

141 1913 336 1951 perquam
373 1899 589 1938 ridiculum
620 1906 679 1938 est
711 1901 821 1951 loqui
855 1914 928 1938 nos
961 1900 1113 1940 Graece.
1137 1901 1194 1938 ita
1232 1901 1366 1938 aiunt:
1414 1913 1507 1937 nam
1546 1899 1730 1938 Graeeum
1769 1912 1857 1937 esse

137 1962 285 2007 putant
314 1956 357 1994 id
388 1970 506 1994 omne
538 1957 646 2008 quod
677 1958 884 2006 nesciunt3
927 1957 1088 1994 auditus
1127 1962 1188 1995 est
1232 1957 1301 2006 qui
1332 1955 1542 2006 propalam
1575 1955 1727 1993 diceret
1761 1955 1856 1993 ‘Nos

138 2013 335 2051 hactenus
372 2012 521 2050 Latine
560 2014 811 2063 scripsimus3
860 2014 990 2051 exorti
1028 2019 1122 2050 sunt
1166 2013 1261 2050 novi
1299 2012 1546 2058 literatores,
1594 2012 1663 2062 qui
1701 2012 1855 2062 graecis-

140 2071 250 2106 sant’
277 2099 284 2106 .
310 2101 318 2108 .
343 2097 353 2106 .
374 2068 582 2107 Mutianus
613 2069 701 2115 ille,
736 2070 804 2120 qui
836 2083 925 2107 cum
954 2069 1121 2107 Urbano
1155 2075 1194 2106 et
1225 2068 1438 2119 Spalatino
1470 2073 1659 2119 poetatur
1689 2074 1729 2106 et
1759 2081 1856 2117 grae-

139 2126 259 2163 cissat
280 2130 319 2162 et
339 2125 462 2175 impie
483 2126 625 2174 sentit3
659 2126 728 2176 qui
748 2126 895 2176 viginti
925 2139 1124 2162 annorum
1152 2124 1474 2171 lucubrationes,
1509 2124 1647 2170 exilia,
1679 2124 1856 2174 peregri-

139 2181 346 2228 nationes,
392 2181 647 2219 incommoda
684 2182 809 2219 multa
852 2182 1060 2220 literarum
1098 2194 1233 2219 amore
1271 2181 1480 2226 sustinuit,
1524 2186 1563 2217 et
1604 2193 1713 2217 nunc
1752 2181 1858 2217 inter

137 2237 331 2275 barbaros
362 2238 478 2287 quasi
517 2238 559 2274 in
589 2243 761 2288 utroque
791 2238 919 2276 latere
949 2237 1189 2275 vulneratur
1226 2237 1407 2287 indignis
1439 2237 1626 2274 convitiis
1651 2266 1658 2273 .
1683 2237 1733 2273 .“.
1793 2235 1858 2272 Ex

137 2293 294 2332 Urbani
325 2294 501 2344 scriptis,
535 2307 623 2344 quae
657 2295 790 2332 omnia
820 2300 947 2340 tersa,
980 2294 1122 2332 limata
1153 2299 1192 2332 et
1222 2293 1274 2331 ad
1305 2293 1486 2343 regulam
1518 2292 1739 2343 composita
1771 2305 1858 2329 esse

137 2350 346 2388 Mutianus
383 2350 554 2396 iudicat,
596 2349 785 2401 equidem
823 2364 957 2401 neque
996 2350 1045 2387 ab
1083 2350 1160 2388 hoc
1196 2347 1427 2387 laudatum²
1467 2348 1707 2385 ‘Marulum'
1741 2346 1857 2396 (Car-

137 2420 229 2444 men
263 2406 313 2444 de
345 2406 529 2444 doctrina
553 2437 560 2444 .
587 2437 594 2444 .
616 2406 710 2444 Iesu
734 2406 883 2445 Christi
907 2438 914 2444 .
939 2436 947 2444 .
970 2419 1044 2457 per
1064 2406 1226 2444 modum
1250 2405 1478 2456 dialogismi
1501 2404 1652 2442 Christi
1682 2410 1721 2441 et
1744 2402 1856 2442 Chri-

137 2463 259 2500 stiani
297 2462 462 2500 Erford.
486 2476 559 2513 per
587 2462 734 2501 Ioann.
759 2462 917 2514 Cnapp.
943 2460 1092 2511 1514.)
1132 2462 1237 2509 vidi,
1271 2474 1407 2512 neque
1446 2461 1634 2512 equidem
1664 2461 1746 2498 scio
1778 2473 1855 2510 quo

138 2524 318 2569 tempore
348 2517 540 2556 Urbanus
572 2532 592 2556 e
623 2520 707 2557 vita
733 2517 982 2558 decesserit.3

229 2593 261 2635 1)
279 2599 329 2626 n0.
347 2605 465 2627 xxvn.
484 2595 521 2626 in
539 2595 723 2628 Tentzelii
739 2594 862 2636 Suppl.
881 2595 965 2626 hist.
986 2595 1092 2627 Goth.
1122 2594 1221 2627 Ienae
1241 2596 1338 2627 1701.
1356 2593 1403 2627 4⁰.
1422 2604 1454 2635 p.
1474 2595 1528 2627 32.
1648 2592 1681 2631 2)
1701 2592 1857 2624 Tentzel

227 2650 250 2682 l.
271 2661 301 2683 c.
320 2660 414 2682 num.
434 2660 558 2683 cxmv.
695 2649 728 2691 3)
753 2651 800 2682 cf.
818 2651 961 2683 Erlzard
984 2651 1021 2682 in
1046 2651 1124 2683 vita
1146 2650 1287 2682 Euricii
1311 2650 1421 2682 Cordi
1445 2650 1481 2680 in
1507 2649 1617 2680 Erselz
1642 2650 1710 2680 und
1727 2648 1858 2680 Gruber

228 2706 492 2748 Encyelopddie.
518 2706 613 2738 XIX.
638 2716 720 2748 pag.
737 2707 813 2738 289.
864 2706 1103 2748 Kampselmlle
1128 2705 1322 2738 Geselzz'elzte
1347 2707 1409 2738 der·
1435 2705 1643 2738 Universitci't
1671 2705 1803 2745 Erfurt.
1829 2705 1856 2738 I.

228 2773 260 2804 p.
279 2764 332 2794 80.
352 2772 428 2804 sqq.

137 2866 347 2905 URSINVS,
384 2858 556 2909 Caspar,
597 2859 729 2909 patrio
761 2859 925 2896 nomine
956 2857 1034 2896 Vel
1065 2871 1096 2895 s.
1119 2858 1281 2904 Velius,
1322 2857 1521 2896 Suidnicii
1553 2857 1707 2896 Silesiae
1738 2863 1856 2895 natus

138 2930 174 2953 a.
194 2916 314 2955 1493.
336 2916 405 2953 vix
435 2915 562 2966 pubes
593 2916 724 2953 factus
741 2914 892 2952 Latina
911 2914 1134 2964 Graecaque
1165 2914 1344 2952 carmina
1375 2915 1600 2965 composuit
1633 2913 1683 2963 (p.
1701 2919 1775 2950 278.
1793 2915 1816 2949 1.
1833 2916 1856 2950 f.

138 2970 343 3021 279.i11it.).
403 2972 552 3018 Romae,
585 2972 781 3009 Bononiae
813 2977 852 3009 et
874 2972 915 3008 in
948 2971 1037 3008 aliis
1059 2970 1189 3008 Italiae
1220 2970 1387 3008 urbibus
1419 2984 1501 3008 non
1533 2971 1662 3008 solum
1684 2971 1855 3008 I.V.D.

139 3028 320 3079 gradum,
354 3028 426 3066 sed
456 3033 614 3066 tantum
644 3027 721 3065 sibi
751 3027 897 3065 meruit
927 3040 1087 3074 nomen,
1121 3033 1164 3066 ut
1195 3041 1218 3064 a
1251 3025 1410 3065 Caesare
1441 3027 1482 3064 in
1514 3028 1648 3067 aulam
1679 3026 1855 3065 adscitus
