2119 3522
727 236 883 259 WALLEIS
908 250 916 259 0
930 250 938 258 ι
953 250 961 260 .
986 237 1209 260 WERNHERVS.
1727 217 1822 262 499

110 350 189 388 alia
219 351 366 400 scripta
396 350 541 396 multa,
585 363 753 401 quorum
785 365 876 402 pars
915 365 996 389 non
1036 352 1156 389 huius
1195 352 1361 390 Thomae
1401 351 1609 398 Galensis,
1649 350 1720 389 sed
1758 356 1827 388 aut

110 406 276 443 Thomae
308 406 431 443 Iorzii
460 405 623 456 Anglici
655 407 873 446 cardinalis
906 421 1014 445 anno
1041 409 1160 446 1310.
1186 409 1379 455 defuncti,
1415 413 1483 445 aut
1504 408 1668 445 Thomae
1698 407 1824 457 Aqui-

110 463 215 499 natis
253 468 367 508 sunt,
415 475 465 499 ex
501 461 677 499 Hainio⁷
715 463 780 500 hic
820 470 1110 501 memorentur:
1160 464 1281 502 Liber
1320 465 1661 515 propugnatorius
1705 477 1828 513 super

110 518 280 568 primum
310 518 602 555 sententiarum
634 525 774 557 contra
806 519 1031 557 Iohannem
1064 520 1238 566 Scotum,
1273 526 1312 557 et
1342 520 1626 571 Repertorium
1658 532 1729 557 seu
1761 533 1826 557 ex-

110 574 255 624 positio
285 574 326 610 in
355 573 477 610 libros
509 573 558 611 de
589 574 752 612 civitate
776 575 841 613 dei
862 576 991 613 sancti
1012 575 1246 626 Augustini.
1305 577 1401 613 Alia
1423 582 1461 613 et
1484 576 1533 613 de
1555 577 1638 613 vita
1659 575 1826 612 Thomae

111 630 326 680 scriptores
357 629 452 666 vide
483 630 592 680 apud
622 630 894 670 Fam-icium2.

201 705 234 747 7)
257 706 442 747 Repertor.
461 716 493 737 n.
515 707 632 740 15508.
653 718 704 749 sq.

111 793 454 832 WARMSEMMEL,
478 786 679 836 magister,
715 786 889 823 Scotista
909 786 1204 834 subtilissimus,
1239 788 1344 825 inter
1360 788 1595 838 Lipsienses
1616 788 1828 837 magistros

109 843 279 893 insignis
304 840 386 892 (ep.
408 841 442 878 I.
469 841 539 890 1.).
590 842 749 879 Fictum
780 843 919 892 procul
943 842 1064 880 dubio
1089 850 1148 880 est
1168 844 1244 881 hoc
1266 845 1447 894 paniculi
1469 845 1632 893 silignei
1655 845 1827 881 recentis

111 897 396 936 Germanicum
435 911 602 944 nomen,
644 897 716 935 sub
757 911 856 948 quo,
898 900 975 935 nisi
1014 905 1151 936 noster
1181 900 1486 937 lVarmscminel
1526 900 1826 937 ‘lansmannus'

110 951 498 1004 Langselineisleri¹,
538 955 606 1004 qui
638 953 890 992 Gorlioensis
930 955 1006 992 fuit
1039 952 1178 1005 (1143)
1214 970 1259 993 ac
1296 970 1367 1006 pro
1407 956 1560 993 honore
1593 955 1830 993 Slesitarum

110 1010 268 1047 fortiter
297 1009 447 1047 bibisse
480 1009 681 1047 (liceretur
715 1009 772 1060 (p.
792 1007 878 1060 ιδ’),
912 1011 1146 1061 magistrum
1185 1012 1383 1049 Ioannem
1414 1012 1555 1061 Rogge
1587 1012 1828 1062 Brunopoli-

110 1072 260 1114 tanum,
294 1066 362 1116 qui
393 1080 429 1104 a.
455 1067 576 1104 1515.
599 1068 874 1104 universitatis
905 1067 1132 1118 Lipsiensis
1164 1075 1294 1105 rector
1325 1067 1434 1114 fuit‘2,
1468 1068 1594 1106 latere
1628 1069 1829 1118 opinarer.

201 1144 233 1182 1)
252 1143 296 1176 cf.
311 1152 420 1184 supra
438 1153 472 1184 p.
486 1144 563 1176 406.
584 1147 650 1174 art.
666 1144 976 1185 Langschneider.
1076 1145 1110 1183 2)
1130 1145 1176 1176 cf.
1195 1144 1327 1178 Ablcdll.
1344 1146 1377 1176 d.
1393 1145 1506 1185 philol.
1522 1145 1597 1176 ltz'st.
1615 1145 1659 1178 (Ἴ.
1675 1146 1707 1176 (Ι.
1720 1145 1829 1176 sd‘elex.

202 1199 380 1230 Gesellsclz.
400 1199 461 1230 der
486 1199 690 1234 IVz'ssenscle,
716 1201 834 1241 Leipz.
855 1200 952 1234 1857.
970 1199 1017 1230 II.
1036 1210 1068 1241 p.
1087 1200 1162 1232 595.
1184 1210 1216 1234 n.
1236 1202 1313 1232 212.

111 1286 370 1316 WEIDMANN
401 1281 474 1320 vid.
498 1278 774 1330 Weydmann.

111 1375 323 1414 WERDEA,
356 1368 561 1405 Iohannes
585 1368 648 1406 (le.
680 1369 824 1406 Plures
856 1369 974 1406 huius
1008 1370 1182 1407 nominis
1214 1371 1311 1407 satis
1345 1370 1502 1408 obscuri
1533 1372 1748 1421 scriptores
1782 1370 1831 1409 de

110 1425 256 1475 palma,
289 1437 378 1474 quae
408 1425 593 1475 scriptori
615 1425 795 1474 epistolae
816 1425 870 1462 II.
893 1426 930 1463 5.
956 1425 1162 1472 debeatur,
1197 1432 1350 1464 certare
1379 1440 1495 1476 posse
1518 1427 1721 1464 videntur.
1745 1440 1832 1465 eam

111 1480 319 1518 tribuerim
359 1479 492 1518 Suevo
534 1481 640 1520 ιΙ611.
664 1481 806 1528 Fabri,
856 1482 954 1519 alias
996 1481 1224 1533 Obermayr
1263 1483 1312 1520 (16
1351 1483 1548 1529 Werdea,
1594 1484 1648 1520 M.
1670 1484 1750 1533 leg.
1774 1497 1832 1521 ac.

114 1537 221 1575 decr.
242 1537 316 1583 B.',
351 1537 420 1587 qui
452 1551 487 1574 a.
514 1537 632 1577 1486.
665 1538 891 1587 Lipsiensis
921 1538 1198 1575 universitatis
1228 1545 1360 1576 rector
1390 1539 1478 1577 fuit.
1504 1540 1588 1576 eius
1614 1539 1835 1577 ‘Libellum

114 1593 373 1631 formularem
403 1594 680 1631 universitatis
711 1592 836 1631 studii
867 1594 1128 1644 Lipczensis’
1162 1609 1197 1634 a.
1223 1596 1344 1632 1506.
1369 1595 1521 1632 editum
1552 1609 1683 1646 nuper
1721 1609 1835 1646 repe-

112 1650 176 1687 tiit
207 1647 434 1695 Zarncke¹,
478 1656 517 1687 et
551 1649 695 1687 ‘Liber
731 1656 972 1687 statutorum
1003 1650 1164 1701 collegii
1202 1651 1417 1702 principis’
1451 1652 1557 1689 inter
1595 1652 1837 1690 documenta

113 1706 323 1743 universit.
346 1705 458 1755 Lips.
482 1706 614 1743 adhuc
644 1706 858 1744 servatuff.
923 1707 1049 1744 Plura
1081 1707 1131 1744 (16
1169 1707 1332 1745 homine
1365 1707 1478 1745 dedit
1508 1705 1733 1754 Za1·neke³,
1767 1708 1836 1758 qui

114 1768 249 1800 tamen
281 1775 372 1799 eum
403 1762 511 1799 inter
540 1762 648 1813 Epp.
673 1761 722 1800 O.
745 1763 795 1801 V.
821 1763 1036 1813 scriptores
1069 1776 1155 1801 esse
1196 1777 1278 1801 non
1310 1763 1553 1802 observavit.
1588 1786 1636 1790 —
1669 1764 1733 1802 De
1765 1778 1834 1801 an-

113 1819 288 1869 tiquiore
329 1818 504 1868 quodam
534 1818 719 1856 Iohanne
754 1819 803 1856 (16
833 1819 1031 1866 WVerdea,
1076 1833 1099 1856 a
1130 1821 1260 1870 patrio
1301 1820 1451 1871 oppido
1485 1820 1644 1858 Sueviae
1686 1834 1834 1870 cogno—

114 1876 285 1921 minato,
325 1875 496 1924 legimus
527 1875 637 1925 apud
668 1872 940 1921 Fabricium‘,
983 1889 1073 1913 eum
1104 1882 1194 1926 post
1233 1882 1420 1926 suscepta
1459 1877 1537 1914 tria
1567 1882 1662 1914 vota
1693 1876 1836 1914 Hiero·

115 1931 229 1983 nymi
259 1944 405 1968 nomen
440 1930 711 1982 adsumpsisse
745 1937 783 1969 et
815 1931 864 1969 ab
898 1946 933 1969 a.
960 1932 1080 1969 1463.
1120 1932 1302 1969 Priorem
1323 1933 1608 1970 Monseensem
1637 1946 1668 1970 s.
1690 1932 1836 1970 Lunae-

114 1987 318 2025 lacensem
360 1987 515 2025 ordinis
545 2000 576 2025 s.
606 1987 823 2025 Benedicti
861 1988 1011 2025 factum
1049 1988 1255 2039 scripsisse
1287 1989 1523 2027 Tractatum
1563 1989 1612 2026 (16
1652 1989 1837 2039 profectu

115 2044 409 2094 religiosorum.
446 2064 496 2069 --
535 2042 655 2081 Alius
689 2044 887 2081 ‘Ioannes
919 2043 1099 2082 VVerdea
1139 2043 1427 2084 Constanoien.
1453 2045 1569 2083 dioc)
1593 2059 1627 2084 a.
1653 2046 1772 2082 1519.
1796 2045 1836 2081 in

116 2099 252 2137 album
274 2099 387 2137 acad.
402 2098 611 2150 Viteberg.
634 2100 850 2151 inscriptus
875 2099 967 2137 est7'.
991 2122 1039 2126 —
1076 2099 1185 2139 Cave
1208 2101 1397 2151 denique,
1422 2115 1484 2148 ne,
1511 2101 1619 2152 quod
1635 2098 1840 2152 Leysero⁰

117 2156 312 2194 accidisse
343 2155 517 2203 videtur,
550 2156 749 2194 Ioannem
781 2156 831 2194 de
862 2156 1041 2194 Werdea
1071 2157 1299 2195 confundas
1332 2171 1421 2195 oum
1450 2158 1609 2195 Ioanne
1643 2157 1692 2195 de
1724 2157 1839 2195 Wer-

119 2212 225 2250 (lena
257 2210 513 2250 Coloniensis
547 2212 768 2250 dioeceseos
799 2213 1000 2260 minorita,
1036 2219 1198 2251 auctore
1230 2214 1469 2251 Sermonum
1502 2214 1551 2251 de
1590 2219 1769 2265 ternpore
1802 2219 1842 2251 et

119 2268 168 2307 (16
189 2268 350 2315 sanctis,
374 2268 444 2319 qui
467 2268 706 2306 dicebantur
726 2270 1024 2307 Dormiseoure.
1048 2269 1097 2307 (16
1120 2283 1199 2321 quo
1221 2270 1316 2308 vide
1337 2270 1454 2308 Hutt.
1478 2284 1572 2321 opp.
1590 2270 1664 2308 VI.
1686 2283 1725 2321 p.
1744 2269 1839 2308 451.

209 2346 241 2388 l)
262 2346 324 2377 Die
348 2346 527 2378 deutschen
548 2346 660 2378 Univv.
678 2349 718 2377 im
738 2346 822 2378 MA.
843 2347 940 2380 1857.
958 2346 1003 2382 8⁰.
1024 2357 1054 2388 p.
1077 2347 1268 2379 155...209.
1384 2347 1417 2387 2)
1438 2347 1493 2379 Cf.
1515 2347 1696 2380 Abhanclll.
1716 2348 1747 2378 d.
1765 2347 1840 2378 laist.

206 2402 285 2444 phil.
307 2402 352 2434 CI.
373 2403 435 2434 der
450 2402 561 2434 sdchs.
582 2403 656 2437 Ges.
674 2403 707 2434 d.
730 2402 860 2442 W'flerz.
880 2403 926 2433 ΙΙ.
944 2413 976 2444 p.
996 2404 1071 2437 755.
1093 2413 1169 2444 sqq.
1263 2402 1297 2443 3)
1318 2404 1376 2435 cit.
1393 2404 1456 2436 lib.
1481 2405 1540 2435 Die
1558 2404 1705 2437 (leutsch.
1728 2404 1839 2436 [lnivv.

206 2469 241 2500 p.
259 2458 335 2491 258.
355 2468 430 2500 sqq.
479 2458 533 2490 De
560 2459 707 2500 scriptis
733 2458 802 2489 viri
828 2469 849 2489 a
875 2458 1057 2490 Zarnokio
1083 2469 1115 2500 p.
1135 2459 1212 2491 261.
1236 2460 1433 2491 nominatis
1466 2459 1599 2491 adnoto
1625 2459 1840 2491 Proverbio-

208 2524 285 2546 rum
316 2514 513 2546 editionem
540 2513 742 2556 ‘Augustae.
769 2515 866 2549 1504.
891 2512 952 2547 4⁰.’
990 2525 1011 2546 a
1036 2515 1199 2547 Panzero
1225 2515 1315 2547 Ann.
1333 2519 1407 2558 typ.
1425 2517 1485 2549 VI.
1507 2517 1587 2556 134,
1606 2522 1647 2547 31.
1672 2514 1841 2555 indicari,

209 2569 318 2601 alium
346 2573 465 2602 autern
491 2570 655 2602 libellum
688 2570 760 2602 ‘De
788 2569 1076 2602 conditionibus’
1104 2573 1173 2603 etc.
1198 2571 1235 2602 in
1261 2572 1444 2613 Marburg.
1472 2570 1639 2603 biblioth.
1666 2569 1841 2610 (Miscell.

208 2626 304 2658 XVI.
323 2626 350 2657 B
368 2625 453 2667 134)
481 2630 620 2660 extare.
646 2626 844 2668 inscriptus
872 2629 927 2658 est
958 2625 1137 2660 &ructatus
1167 2631 1204 2660 Β(
1228 2626 1463 2668 tnssnommmiss
1498 2626 1740 2667 :bitiunihussass
1766 2626 1841 2659 huni

211 2683 377 2723 {iumentis
408 2692 430 2723 p
455 2680 622 2721 §loannem
654 2682 739 2724 fubri
768 2686 805 2715 be
839 2687 958 2715 nim-bea
982 2679 1059 2722 ξλιῖῖ
1082 2679 1185 2723 martii
1217 2682 1219 2723 ἑ
1246 2681 1295 2721 ἕίιι
1323 2684 1422 2723 [tutin
1450 2682 1600 2723 glivsscnsi
1633 2681 1841 2723 conmusituss.

212 2737 440 2779 (Sequuntur
465 2747 528 2770 sex
554 2738 711 2770 disticha
737 2736 793 2778 ng
818 2736 1000 2778 tectorem)
1038 2739 1099 2779 §jer
1126 2744 1257 2772 methea.
1307 2738 1474 2771 Libellus
1505 2740 1651 2770 constat
1676 2738 1717 2769 10
1742 2737 1844 2770 foliis

210 2793 257 2828 4⁰.
284 2792 323 2834 (u
336 2795 375 2835 4,
401 2794 417 2827 h
436 2795 456 2826 6
475 2793 573 2836 foll.)
599 2804 627 2826 s.
646 2794 669 2826 1.
687 2793 717 2825 St
734 2804 767 2825 a.
799 2797 981 2835 postrema
1003 2804 1087 2836 pag.
1104 2804 1125 2825 a
1149 2795 1334 2836 scriptura
1357 2797 1479 2827 vacat.
1594 2794 1628 2833 4)
1647 2793 1740 2827 Bibl.
1759 2794 1843 2825 Lat.

211 2849 303 2885 med,
324 2852 360 2882 et
376 2850 441 2884 inf.
462 2852 522 2882 aet.
540 2850 605 2883 III.
627 2861 661 2891 p.
679 2850 757 2882 743.
851 2849 884 2890 5)
904 2850 1145 2882 Forstemann
1164 2861 1197 2892 p.
1217 2851 1270 2883 87.
1362 2851 1397 2894 6)
1416 2851 1512 2884 Hist.
1530 2852 1673 2892 poetar.
1693 2860 1726 2891 p.
1744 2850 1842 2884 2091,

123 2948 430 2988 WERNHERVS,
467 2941 671 2988 dominus,
715 2941 782 2992 qui
814 2946 874 2979 est
911 2941 1152 2980 mirabiliter
1182 2943 1363 2981 cursivus
1401 2942 1444 2980 in
1484 2941 1648 2980 Summa
1679 2941 1846 2978 Thomae

123 3004 264 3037 contra
295 2998 480 3049 gentiles,
515 3003 555 3035 et
585 2998 659 3035 scit
687 3002 822 3036 mente
851 3003 970 3036 tenus
991 2997 1277 3036 Formalitates
1301 2999 1410 3037 Scoti
1445 2999 1498 3050 (p.
1517 2995 1634 3047 2743),
1671 3003 1731 3035 est
1754 2997 1845 3035 doe-

123 3060 185 3092 tor
204 3055 456 3093 Wernherus
487 3054 604 3091 Prior
634 3054 872 3093 Basiliensis
904 3054 1056 3091 ordinis
1089 3055 1409 3106 praedicatorum,
1442 3070 1560 3108 quem
1592 3067 1699 3093 anno
1727 3054 1845 3092 1506.

1506 3125 1578 3162 32*
