2119 3522
281 175 373 219 742
790 168 1057 208 commnm‘mvs
1080 183 1127 205 An
1152 185 1223 206 EPP.
1241 184 1271 205 0.
1290 184 1322 206 v.
1348 184 1425 205 von.
1443 183 1480 205 11.

277 250 361 290 Pag.
383 247 474 283 274.

367 301 477 333 barus
502 299 558 332 est
581 297 779 331 hodiernus
796 294 1011 329 Latinorum
1036 294 1187 338 quidem
1212 293 1493 335 vocabulorum,
1523 292 1587 326 sed
1612 304 1634 326 a
1651 292 1782 328 Latina.
1806 294 1987 338 significan

367 355 468 388 tione
494 351 772 387 abhorrentium
796 361 882 384 usus
907 349 1074 384 ‘termini
1098 349 1274 384 iuridioi’.

277 415 321 444 ‘24
347 413 379 444 et
403 410 488 443 bene
503 422 513 441 .·
536 410 623 442 sunt
648 407 789 451 ete-nim]
815 406 860 440 cf.
877 416 1008 449 evang.
1026 405 1236 439 sec.10ann.
1253 417 1327 438 xm.
1348 408 1398 438 13.
1426 403 1680 438 ‘Porretonius
1696 404 1798 448 prius
1815 405 1872 438 est
1886 404 1988 438 theo-

368 465 505 509 logus’,
532 464 618 497 ante
643 473 755 506 quam
780 461 826 495 ad
853 461 1052 495 ‘iuristica’
1078 472 1115 494 se
1141 459 1335 494 convertit.

323 532 365 555 ea:
388 520 496 564 ¹qlosis
520 522 552 553 et
575 518 762 560 Accursio]
788 517 811 550 1.
830 528 859 550 0.
879 528 923 550 ex
948 515 1172 550 Aecursiana
1195 515 1326 560 glossa.
1360 515 1404 549 of.
1421 515 1500 550 Ind.
1517 515 1635 559 biogr.
1653 516 1721 549 art.
1741 515 1944 549 Aocursius.

278 580 319 610 26
345 576 464 610 Latus
488 573 624 617 clavus]
655 572 785 607 Glossa
807 572 844 605 in
869 571 907 605 L.
925 575 956 606 4.
981 571 1058 614 (‘Si
1082 570 1257 613 Rufinus)
1283 570 1369 604 Cod.
1384 570 1429 604 (10
1455 572 1599 609 testam,
1617 571 1725 605 milit.
1741 584 1789 605 v1.
1807 575 1860 605 21.
1892 569 1989 612 „La-

367 629 538 664 ticlavius
568 639 703 663 nomen
735 628 790 661 est
820 627 1023 671 dignitatis.
1082 626 1152 660 Vel
1184 653 1192 660 .
1210 653 1243 660 ..
1275 626 1444 660 tribunus
1474 626 1572 660 inter
1610 626 1897 661 confertissimos
1930 654 1937 659 .
1956 653 1988 659 ..

368 685 674 730 1·ecupe1·abant.“
1897 711 1909 722 .

281 746 322 776 28
346 741 672 785 ΕΡίεΐοφ-αρῖιῑωη]
700 739 759 773 Sic
784 750 857 773 non
882 749 1079 782 operarum
1111 739 1175 772 aut
1198 737 1425 780 Porretonii,
1458 737 1523 772 secl
1547 737 1750 772 vetustiore
1776 748 1899 771 errore
1924 748 1991 781 pro

371 796 761 840 ‘Opisthographum',
788 790 1096 837 ὁπισθόγραφον.
1128 793 1184 828 Gl.
1202 793 1249 827 ad
1266 793 1350 837 Ulp.
1368 793 1407 827 L.
1424 797 1455 827 4.
1478 793 1637 836 (Chartae
1661 792 1883 837 appellatio)
1908 791 1992 837 Dig.

369 852 413 886 de
432 852 472 886 Β.
489 851 528 886 P.
547 862 617 885 sec.
634 851 736 885 tabl).
754 863 885 884 mvn.
908 854 956 883 11.
983 876 1004 892 ,‚
1019 849 1060 883 In
1086 849 1376 893 opisthographo
1400 849 1421 882 1.
1441 860 1471 883 0.
1489 849 1526 882 111
1543 849 1673 883 tabula
1697 876 1704 882 .
1724 876 1731 883 .
1750 876 1756 882 .
1782 848 1842 891 fit,
1869 875 1877 882 .
1896 875 1903 881 .
1922 875 1928 881 .
1955 849 1993 882 et

369 908 505 942 (licitur
532 937 538 942 .
557 935 564 941 .
584 934 591 941 .
610 935 617 941 .
643 909 799 951 opum“.

279 970 316 999 31
346 965 483 998 Abaces
508 990 515 997 .
534 990 541 997 .
560 990 567 997 .
596 963 801 1006 Corinthia]
829 961 885 996 Gl.
905 961 949 995 ad
976 961 1089 995 Iavol.
1108 960 1145 994 L.
1168 965 1229 994 100
1254 962 1336 1002 (98.)
1363 963 1382 1001 ξ
1399 965 1430 994 3.
1457 959 1509 1003 (L.
1527 959 1645 994 Heres
1669 971 1773 994 meus
1797 963 1816 1001 ἕ
1842 959 1908 994 Cui
1927 959 1991 994 Co-

370 1019 507 1053 rinthia
530 1029 618 1052 vasa
640 1018 767 1062 legata
785 1018 916 1059 essent,
943 1018 981 1050 et
998 1012 1126 1059 βάσεις
1145 1017 1306 1059 (1110(1110)
1332 1015 1415 1060 Dig.
1434 1015 1479 1049 de
1497 1015 1634 1060 legatis
1650 1014 1714 1049 III.
1732 1028 1840 1048 xxm.
1867 1015 1992 1061 ‚,I}nee

370 1075 512 1108 scilicet
536 1074 598 1119 ille
625 1074 768 1114 abacos,
795 1073 833 1106 et
857 1073 943 1106 sunt
966 1071 1127 1116 pretiose
1145 1085 1152 1104 ι
1172 1070 1270 1105 1111(10
1295 1082 1368 1105 non
1394 1070 1579 1105 debentur
1596 1098 1603 1105 .
1623 1071 1652 1104 si
1677 1082 1764 1105 vero
1793 1070 1991 1115 Corinthiq,

369 1130 405 1163 id
432 1131 487 1163 est
518 1129 563 1163 (10
594 1129 659 1162 vili
692 1127 862 1169 materia,
895 1128 937 1160 ut
962 1127 1006 1160 dc
1039 1126 1148 1170 palea
1179 1126 1238 1160 vel
1269 1126 1385 1161 herba
1414 1126 1588 1170 palustri,
1622 1126 1750 1170 quales
1781 1125 1994 1160 venduntur

368 1185 533 1230 Bononig¹
561 1212 568 1219 .
588 1188 643 1219 .“.

280 1245 365 1285 Pag.
385 1242 476 1279 275.

280 1302 299 1331 2
324 1297 487 1340 Balnea]
515 1307 554 1332 ne
578 1308 644 1341 per
669 1307 779 1330 error.
797 1307 862 1339 pro
891 1307 936 1331 ut.
986 1295 1125 1329 Baluca
1148 1294 1199 1328 sic
1230 1295 1272 1328 ut
1301 1293 1360 1327 1110
1387 1307 1415 1327 v.
1437 1304 1462 1327 2.
1481 1294 1610 1335 habet,
1638 1293 1845 1338 explicatur
1873 1294 1911 1327 in
1937 1293 1993 1328 Gl.

369 1353 516 1386 Accurs.
535 1352 581 1386 ad
607 1352 645 1385 L.
665 1356 692 1384 1.
712 1352 799 1385 Cod.
817 1351 863 1385 (10
888 1350 1105 1385 metallariis
1129 1363 1177 1384 m.
1195 1354 1225 1384 6.
1251 1349 1303 1384 Cf.
1321 1349 1418 1384 infra
1441 1349 1610 1384 additum
1635 1349 1784 1384 Exeurs.
1803 1353 1831 1383 1.

325 1409 566 1453 Prothyrum]
595 1408 650 1442 Gl.
670 1408 716 1441 ad
741 1407 919 1451 Pompon.
937 1406 975 1440 L.
993 1410 1070 1440 245.
1089 1406 1250 1449 (Statuae
1275 1405 1416 1448 affixae)
1441 1409 1460 1446 ξ
1481 1410 1508 1439 1.
1534 1405 1657 1447 (Idem
1682 1404 1806 1440 Labeo
1830 1406 1883 1439 ait
1907 1405 1993 1440 Pro-

369 1464 533 1508 thyrum)
559 1463 643 1507 Dig.
661 1463 706 1497 de
733 1462 875 1497 verbor.
895 1462 1016 1506 signif.
1035 1474 1066 1495 L.
1087 1465 1136 1495 16.
1163 1461 1215 1495 Cf.
1232 1461 1326 1495 infra
1353 1460 1521 1495 additum
1546 1461 1697 1495 Excurs.
1715 1465 1745 1495 2.

281 1525 300 1551 5
327 1520 576 1563 Obsonatores]
603 1518 732 1553 Glossa
756 1518 802 1552 ad
827 1517 1004 1551 Marciani
1031 1517 1069 1550 L.
1088 1521 1140 1551 65.
1159 1518 1241 1559 (68.1
1259 1528 1313 1560 pr.
1332 1515 1503 1561 (Legatis
1527 1517 1652 1550 servis.
1673 1544 1679 1550 .
1699 1544 1705 1550 .
1725 1544 1731 1550 .
1751 1517 1995 1551 cubicularios

370 1576 494 1609 autem
527 1575 586 1609 vel
612 1575 849 1609 obsonatores
875 1601 880 1607 .
901 1601 906 1607 .
927 1575 956 1615 .)
980 1573 1063 1617 Dig.
1082 1573 1127 1607 de
1153 1572 1265 1617 legat.
1290 1572 1352 1608 III.
1370 1585 1480 1605 mn.
1513 1572 1794 1614 „Obsonatores
1817 1584 1844 1606 s.
1862 1584 1897 1616 q.
1913 1584 1942 1607 c.
1961 1573 1995 1607 d.

370 1631 406 1664 in
432 1630 554 1664 lecto:
574 1631 634 1664 vel
659 1630 898 1664 obsonatores
923 1629 986 1673 qui
1011 1630 1185 1663 resonant
1209 1629 1247 1662 et
1271 1629 1424 1662 cantant
1447 1627 1596 1662 domino
1621 1627 1659 1662 in
1684 1630 1846 1662 mensa“.
1893 1628 1996 1662 Istud

371 1686 424 1719 ‘in
450 1686 564 1720 lecto’
593 1686 715 1730 posuit
739 1686 920 1730 glossator
951 1686 1105 1729 propter
1134 1683 1348 1728 praecedens
1383 1683 1662 1718 ‘cubicularios’
1697 1684 1735 1718 et
1759 1683 1994 1718 ‘obsonator’

371 1742 567 1776 videbatur
592 1741 626 1775 ei
651 1741 895 1785 compositum
923 1752 966 1775 ex
994 1740 1074 1774 ‘ob'
1103 1741 1140 1774 et
1166 1740 1362 1774 ‘sonator’.

280 1801 299 1830 6
325 1797 614 1841 Hypoeanstzcm]
642 1796 771 1830 Glossa
796 1796 843 1830 ad
861 1796 945 1840 Ulp.
964 1795 1002 1830 L.
1023 1799 1062 1829 16
1081 1795 1209 1839 (siquis
1234 1795 1325 1828 mihi
1343 1795 1482 1839 mand.)
1501 1795 1543 1829 D.
1561 1795 1727 1830 mandati
1743 1810 1828 1831 xvn.
1849 1800 1876 1830 1.
1896 1797 1994 1840 „Hy-

369 1854 545 1896 pocausta
571 1853 616 1886 ab
641 1852 758 1895 hypo,
785 1852 883 1895 quod
910 1853 965 1886 est
989 1852 1068 1893 sub,
1095 1853 1133 1886 et
1157 1852 1298 1892 steron,
1331 1851 1431 1895 quod
1457 1852 1512 1885 est
1535 1851 1645 1886 statio
1672 1852 1736 1895 [cf.
1753 1863 1865 1896 supra
1889 1852 1935 1886 ad
1960 1864 1995 1897 p.

370 1909 465 1943 261¹.
484 1920 515 1941 v.
535 1908 795 1952 cimiterium],
822 1907 859 1941 1(1
886 1909 942 1942 est
965 1907 1207 1942 subterranea
1238 1907 1348 1941 statio
1378 1907 1417 1940 in
1443 1907 1558 1952 estate
1590 1907 1729 1942 bona“.
1777 1907 1849 1942 Sed
1875 1907 1932 1942 Gl.
1950 1908 1996 1942 ad

370 1963 453 2007 Ulp.
471 1963 509 1997 L.
528 1965 655 2006 55<53).
674 1967 693 2004 ξ
711 1968 739 1998 3.
767 1963 819 2005 (L.
839 1963 946 2008 Ligni
965 1967 983 2005 5
1001 1963 1140 2008 Lignis)
1167 1962 1250 2008 Dig.
1269 1963 1314 1996 de
1332 1963 1446 2007 legat.
1464 1962 1526 1996 III.
1544 1975 1652 1996 xxxa.
1671 1963 1720 1997 sic
1738 1963 1869 1998 habet:
1897 1963 1995 2008 „Hy-

369 2021 640 2063 pooaustorum.
674 2019 736 2053 ubi
761 2020 862 2053 stant
886 2020 1017 2064 egroti,
1045 2019 1108 2063 qui
1135 2018 1357 2063 quandoque
1383 2019 1555 2063 indigent
1578 2018 1682 2063 igne,
1708 2020 1751 2053 ut
1775 2030 1877 2064 argu.
1894 2030 1995 2054 man-

370 2075 458 2109 dati.
476 2075 514 2109 L.
534 2075 649 2119 siquis
673 2075 764 2108 mihi
792 2075 826 2119 [i.
845 2086 875 2109 e.
894 2075 953 2110 cit.
971 2075 1008 2108 L.
1030 2076 1093 2119 16.]
1120 2075 1362 2109 Accvnsws‘fi

282 2134 300 2164 7
328 2130 458 2165 Gallus
481 2132 722 2175 [maimedus]
751 2131 878 2165 Glossa
909 2132 955 2166 ad
981 2130 1181 2165 Modestini
1205 2130 1243 2164 L.
1263 2134 1294 2165 9.
1311 2142 1365 2175 pr.
1389 2129 1446 2174 [L.
1465 2130 1591 2165 Poena
1615 2131 1822 2176 parricidii]
1847 2131 1931 2176 Dig.
1949 2133 1996 2166 ad

370 2186 407 2219 L.
425 2186 640 2231 Pompeiam
667 2187 711 2221 (10
738 2187 1056 2231 parrie.XLV111.9.
1084 2186 1326 2229 „Gallinaeeo
1345 2214 1352 2219 .
1370 2186 1408 2219 id
1435 2187 1490 2220 est
1514 2198 1598 2220 cum
1624 2186 1722 2231 gallo
1748 2186 1811 2230 qui
1835 2198 1908 2221 non
1933 2187 1995 2221 ha-

370 2242 434 2276 bet
457 2243 664 2284 testiculos,
697 2243 785 2287 quia
809 2242 940 2276 fortius
964 2243 1108 2287 pugnat
1131 2254 1214 2276 cum
1239 2242 1412 2286 serpente
1432 2256 1439 2275 :
1459 2242 1518 2276 vel
1543 2242 1642 2287 gallo
1668 2242 1732 2286 qui
1755 2242 1870 2277 habet
1893 2243 1996 2277 testi-

370 2297 488 2339 culos,
521 2300 560 2332 et
582 2298 808 2343 gallinaceo,
840 2299 903 2342 qui
928 2309 1000 2332 non
1030 2298 1145 2332 habet
1168 2298 1372 2332 secundum
1403 2297 1505 2332 alios.
1530 2298 1573 2331 ut
1596 2297 1752 2331 dicimus
1782 2297 1819 2331 in
1853 2298 1997 2343 vulgari

370 2353 441 2387 Iste
468 2354 523 2387 est
546 2354 666 2398 gallus
689 2353 932 2398 gallinaceus,
965 2354 1003 2387 id
1028 2356 1085 2388 est
1112 2354 1294 2388 femineus
1313 2381 1320 2387 .
1338 2353 1398 2387 vel
1430 2353 1489 2387 die
1522 2353 1750 2398 gallinaceus
1780 2353 1844 2397 qui
1873 2353 1998 2399 diligit

370 2409 552 2453 gallinas:
571 2410 635 2453 qui
659 2409 789 2443 fortior
814 2410 894 2443 est:
913 2410 956 2443 ut
979 2409 1036 2442 vir
1060 2409 1210 2443 uxorius
1235 2410 1298 2453 qui
1324 2408 1449 2453 diligit
1471 2411 1666 2443 uxorem“.

287 2471 326 2499 10
351 2465 516 2510 Horatii]
543 2476 653 2499 carm.
671 2477 693 2499 1.
712 2468 743 2499 2.
757 2469 809 2499 20.
828 2465 1002 2507 „uxorius
1027 2464 1175 2499 amnis“

326 2521 454 2569 Digba]
481 2521 610 2556 Glossa
635 2522 681 2556 ad
707 2522 767 2556 cit.
785 2521 824 2555 L.
842 2524 894 2555 55.
912 2523 931 2562 ἓ
951 2525 982 2555 3.
999 2520 1042 2554 D.
1061 2520 1107 2555 de
1124 2520 1237 2565 legat.
1255 2520 1335 2554 HL:
1363 2519 1587 2562 „Dietarum
1606 2547 1613 2555 .
1631 2521 1669 2555 in
1688 2521 1798 2564 aulis,
1817 2522 1881 2556 ubi
1897 2523 1997 2556 stant

360 2577 515 2611 ‘domini
540 2578 587 2612 ad
611 2578 779 2623 ignem“.

284 2637 321 2666 11
351 2632 505 2678 lerzcs]
533 2633 661 2668 Glossa
685 2633 732 2668 ad
757 2633 852 2668 Celsi
877 2633 915 2668 L.
934 2636 984 2667 79.
1003 2634 1087 2676 (77).
1105 2645 1158 2677 pr.
1184 2633 1242 2676 (L.
1262 2633 1299 2668 Si
1322 2633 1473 2677 chorus)
1498 2633 1581 2679 Dig.
1606 2634 1652 2668 de
1677 2633 1995 2679 legat.111.m11.

371 2688 434 2730 „Si
451 2689 582 2724 chorus
600 2717 606 2723 .
624 2700 815 2723 servorum
839 2690 1070 2723 cantantium
1095 2700 1179 2723 eum
1202 2689 1449 2724 instrumento
1473 2690 1635 2734 quodam
1666 2690 1806 2724 musico
1824 2690 1924 2734 quod
1941 2690 1995 2723 dj-

372 2745 467 2779 citur
491 2745 622 2780 chorus
640 2772 647 2778 .
664 2745 780 2779 habet
804 2746 842 2779 et
866 2745 957 2778 alias
987 2744 1276 2789 significationes
1300 2747 1342 2780 ut
1373 2756 1485 2790 supra
1509 2745 1555 2780 de
1581 2746 1679 2780 edili.
1698 2746 1770 2781 edi.
1787 2746 1810 2780 1.
1829 2746 1995 2781 eiusdem

374 2799 424 2843 [L.
443 2800 534 2835 Cum
559 2800 735 2843 eiusdem,
762 2805 814 2835 34.
834 2812 888 2845 pr.
908 2800 953 2837 D.
972 2814 1042 2835 xm.
1062 2802 1105 2845 1.]
1130 2801 1289 2836 Accvss.“

286 2858 324 2888 12
352 2855 595 2901 Centzmwiri]
622 2856 751 2890 Glossa
782 2857 829 2891 ad
858 2857 1052 2891 Iustiniani
1082 2856 1121 2891 L.
1142 2861 1191 2895 12,
1214 2869 1269 2901 1)1·.
1294 2857 1406 2901 (Cum
1436 2857 1653 2892 hereditatis
1682 2858 1809 2902 petit.)
1841 2857 1927 2893 Cod.
1945 2858 1991 2892 de

374 2912 555 2954 petitione
580 2912 797 2946 hereditatis
814 2912 877 2946 ΙΙΙ.
895 2918 948 2947 31.
976 2912 1296 2955 ,,Οο11111111ν11·3.110,
1321 2914 1393 2948 fuit
1416 2913 1515 2948 enim
1538 2913 1692 2948 inducta
1715 2925 1738 2948 a
1761 2914 1993 2948 senatoribus

375 2967 437 3009 qui
462 2968 567 3001 erant
591 2968 739 3001 centum
763 2979 918 3002 numero
943 2972 1004 3003 etc.
1030 2968 1189 3003 Accvn.“
