2119 3522
309 221 404 267 750
820 233 1085 257 COMMENTARIVS
1107 233 1154 256 An
1179 232 1251 256 EPP.
1268 234 1299 256 0.
1317 232 1350 256 v.
1375 231 1453 256 vot..
1470 231 1507 256 11.

307 297 394 337 Pag.
411 296 502 332 276.

396 347 593 388 facultatis,
620 346 735 379 eciam
759 355 833 379 non
851 344 1064 388 specialiter
1088 344 1134 378 ad
1151 344 1220 378 hoc
1244 345 1444 388 requisitus
1459 344 1609 378 tenetur
1632 344 1699 377 sub
1717 354 1781 377 suo
1806 343 2014 378 iuramento

397 430 404 436 .
423 430 429 436 .
449 430 456 436 .
480 402 647 436 revelare
677 399 963 434 insufficiencias
989 401 1027 434 et
1050 399 1144 434 latas
1168 400 1415 444 negligentias
1445 399 1782 444 promovendorum
1806 425 1814 433 .
1832 426 1839 432 .
1857 401 1896 433 .“
1921 398 2012 432 Stat.

395 459 441 492 de
466 469 496 492 a.
517 460 751 492 1499...1522.
770 457 842 500 (ap.
860 456 896 490 Z.
916 467 952 499 p.
969 457 1061 498 444).
1109 454 1183 489 Sed
1206 456 1385 499 magister
1401 455 1480 489 Irus
1505 466 1588 489 cum
1613 454 1687 488 suis
1711 454 2014 488 coexaminatori-

396 514 464 547 bus
488 514 605 548 secuti
630 513 716 546 sunt
738 511 832 545 illud
856 521 978 555 neque
1003 510 1114 545 hodie
1138 510 1357 544 inusitatum
1383 510 1584 545 ‘Sumimus
1608 509 1815 554 pecuniam,
1842 510 1880 543 et
1902 508 2015 542 mitti-

396 581 477 603 mus
502 569 645 602 asinum
669 568 707 601 in
731 567 922 611 patriam’.

307 629 349 659 34
375 625 468 668 disp.
493 652 500 659 .
520 651 527 659 .
551 626 593 658 in
617 623 738 667 oetate]
765 622 912 657 Statuta
937 622 982 656 de
1008 633 1039 657 a.
1059 626 1154 657 1471.
1173 622 1250 656 citt.
1268 621 1330 656 IV.
1350 625 1401 656 10.
1433 621 1520 664 „De
1551 621 1825 665 dispensatione
1856 620 1895 653 in
1923 621 2016 654 tem-

396 691 486 724 pore
512 681 552 714 et
569 681 678 714 aetate
705 705 737 713 ..
757 706 763 712 .
789 690 873 713 cum
898 678 1022 722 aliquo
1040 677 1295 722 promovendo
1319 677 1391 710 nisi
1415 676 1463 710 ad
1487 676 1655 720 quartale
1680 675 1788 709 unius
1813 675 1900 709 anni
1925 701 1933 709 .
1951 701 1958 709 .
1978 677 2003 708 .‘

395 736 457 770 VI.
478 738 528 769 12.
547 737 596 779 (p.
613 738 690 770 401.
711 734 768 768 0(1.
787 734 838 778 Ζ.)
869 733 955 776 „De
979 733 1143 767 moribus
1167 734 1206 767 et
1229 733 1338 767 aetate
1362 731 1717 776 promovendorum,
1749 730 1850 774 quod
1872 730 1910 764 in
1935 740 2018 764 exa-

396 792 495 825 mine
519 802 664 825 morum
688 790 764 834 legi
789 790 912 824 debet.
958 789 1054 823 Item
1084 788 1208 822 nullus
1232 788 1452 822 admittatur
1477 786 1524 821 ad
1555 787 1785 831 temptamen
1809 796 1876 830 pro
1900 785 2018 830 gradu

397 847 601 891 magisterii
626 847 696 880 nisi
721 845 890 890 attigerit
915 856 1052 879 annum
1075 857 1146 878 xxx.
1164 845 1203 878 et
1226 843 1271 877 de
1296 843 1481 887 legittimo
1512 842 1748 876 matrimonio
1779 842 1887 875 natus
1911 841 1958 875 sit
1982 842 2021 875 et

399 903 487 936 alias
518 902 681 936 moribus
706 900 1011 936 commendabilis
1036 900 1186 942 existat,
1213 900 1263 933 sic
1288 898 1387 942 quod
1418 898 1455 931 in
1486 897 1589 932 nullo
1621 908 1770 932 excessu
1801 897 1957 931 notabili
1982 897 2020 930 et

396 959 541 992 notorio
566 958 816 1002 deprehensus
841 956 970 998 fuerit,
1003 955 1101 999 quod
1127 955 1173 988 de
1198 954 1367 998 quolibet
1390 964 1570 995 seorsum,
1601 952 1676 986 scil.
1695 952 1741 986 de
1766 953 1875 986 aetate
1901 953 1939 986 et
1967 951 2018 986 le-

397 1014 627 1057 gittimitate‚
654 1014 740 1046 ante
766 1012 1027 1046 admissionem
1053 1010 1099 1044 ad
1125 1011 1296 1053 (examen
1313 1008 1388 1051 vel)
1414 1009 1644 1052 temptamen
1669 1018 1736 1052 per
1761 1007 1942 1041 decanum
1966 1006 2019 1039 di-

396 1069 557 1113 ligenter
586 1068 796 1112 inquiratur
820 1094 827 1102 .
846 1094 852 1101 .
872 1094 879 1101 .
926 1066 1005 1100 Nec
1031 1066 1148 1100 eciam
1180 1065 1265 1099 talis
1290 1066 1327 1097 in
1352 1065 1542 1108 posterum
1567 1063 1802 1105 admittatur,
1833 1063 1902 1096 nisi
1927 1062 2019 1096 adeo

394 1124 633 1158 laudabiliter
659 1125 698 1157 et
721 1123 883 1157 virtuose
909 1133 946 1156 se
980 1121 1134 1163 rexerit,
1168 1120 1267 1164 quod
1295 1130 1338 1153 ex
1362 1119 1550 1153 transacta
1573 1119 1739 1153 virtuosa
1769 1119 1847 1152 eius
1872 1119 1950 1152 vita
1973 1118 2020 1152 de

397 1179 637 1223 subsequenti
663 1179 741 1212 eius
766 1177 1049 1212 conversacione
1074 1175 1254 1210 laudabili
1281 1175 1526 1219 praesumatur
1543 1201 1550 1208 .
1570 1202 1577 1208 .
1596 1177 1634 1208 .“
1661 1173 1796 1208 Statut.
1814 1174 1860 1208 de
1885 1184 1916 1207 a.
1936 1177 2020 1208 1499

441 1239 537 1271 1522.
563 1234 662 1268 XIII.
679 1238 734 1271 20.
752 1235 807 1277 (p.
825 1236 900 1267 467.
919 1232 976 1266 ed.
994 1232 1045 1275 Z.)
1076 1232 1120 1266 cf.
1139 1231 1231 1265 Stat.
1250 1231 1295 1265 de
1322 1241 1353 1265 a.
1373 1234 1469 1266 1507.
1494 1230 1521 1265 Ι.
1540 1233 1592 1264 18.
1611 1231 1665 1274 (p.
1684 1233 1759 1264 495.
1778 1229 1835 1264 ed.
1851 1229 1903 1273 Z.)
1935 1227 2019 1271 „De

398 1292 507 1326 aetate
534 1292 572 1324 et
595 1290 759 1324 moribus
783 1288 1133 1333 promovendorum.
1166 1287 1300 1321 Nullus
1324 1286 1544 1321 admittatur
1568 1285 1615 1320 ad
1633 1296 1787 1320 examen
1811 1295 1878 1330 pro
1903 1284 2020 1330 gradu

398 1346 667 1381 baccalariatus
690 1346 728 1379 in
754 1345 895 1379 artibus
919 1344 988 1377 nisi
1013 1344 1183 1388 attigerit
1206 1353 1343 1377 annum
1361 1355 1458 1385 xvn.,
1484 1352 1552 1376 nec
1576 1352 1643 1386 pro
1661 1341 1778 1386 gradu
1803 1340 2017 1385 magisterii,

397 1403 466 1436 nisi
490 1402 659 1446 attigerit
683 1411 820 1435 annum
843 1412 931 1442 xxx,
959 1403 1020 1434 etc.
1043 1401 1086 1433 111
1108 1399 1170 1433 VI.
1191 1403 1241 1433 12.
1297 1398 1406 1433 Statt.
1425 1398 1471 1432 de
1497 1408 1529 1432 a.
1548 1401 1795 1433 1499...152·2.
1813 1408 1843 1431 0.
1859 1396 1904 1431 V.
1921 1400 1953 1430 2.
1971 1396 2019 1440 (Z.

399 1471 432 1503 p.
450 1459 540 1501 444.)
566 1457 729 1500 „Placet
752 1456 851 1500 quod
881 1456 1048 1500 magistri
1073 1455 1118 1489 de
1151 1454 1302 1489 consilio
1332 1454 1519 1488 facultatis
1550 1454 1725 1498 deinceps
1755 1463 1829 1497 quo
1853 1453 1900 1487 ad
1923 1454 2020 1486 stan-

398 1516 506 1557 tiam,
532 1515 679 1556 tempus
705 1514 742 1547 et
767 1514 915 1547 aetatem
941 1522 1024 1545 cum
1049 1511 1311 1555 promovendis
1342 1510 1502 1544 faciliter
1526 1520 1598 1543 non
1624 1509 1855 1554 dispensent,
1880 1508 1950 1542 nisi
1975 1508 2020 1542 (10

400 1570 568 1604 abilitate
600 1569 813 1613 periciaque
838 1567 988 1602 scolaris
1018 1566 1262 1611 promovendi
1287 1566 1480 1600 evidenter
1505 1567 1543 1600 et
1573 1576 1641 1610 per
1665 1565 1802 1600 famam
1827 1565 2021 1599 constaret.

398 1626 501 1659 Tunc
533 1625 631 1659 enim
663 1635 746 1658 cum
771 1624 837 1658 tali
868 1633 940 1667 quo
973 1623 1019 1657 ad
1049 1623 1196 1666 tempus
1222 1623 1260 1656 et
1289 1623 1438 1656 aetatem
1469 1622 1508 1655 in
1532 1621 1695 1663 modico,
1728 1622 1771 1654 ut
1799 1621 1837 1654 in
1862 1620 2021 1664 quartali

400 1681 486 1716 anni
511 1708 517 1715 .
537 1708 543 1714 .
569 1681 694 1724 potest
710 1679 926 1724 dispensari,
953 1678 1040 1722 quia
1063 1678 1270 1722 perfectum
1289 1678 1456 1712 scienciae
1479 1677 1548 1712 hoc
1566 1688 1651 1711 casu
1676 1677 1826 1721 supplet
1841 1676 2021 1710 minorem

402 1739 549 1772 aetatem
569 1763 577 1771 .
595 1739 647 1770 .“.

310 1797 395 1837 Pag.
414 1795 506 1831 277.

310 1854 329 1883 3
354 1850 446 1892 disp.
464 1849 506 1882 in
530 1848 666 1892 morib]
702 1847 810 1881 Statt.
829 1847 908 1881 citt.
932 1847 1010 1890 (ed.
1028 1847 1065 1882 Z.
1083 1859 1118 1892 p.
1136 1852 1212 1882 495.
1230 1849 1298 1891 sq.)
1337 1874 1375 1890 „.
1394 1873 1401 1880 .
1424 1845 1472 1880 Et
1501 1846 1616 1880 talem
1647 1855 1835 1879 excessum
1866 1844 2022 1879 facultas

399 1904 534 1938 artium
567 1904 718 1948 reputat
748 1902 952 1937 notabilem
978 1904 1017 1937 et
1046 1904 1249 1946 notorium,
1284 1903 1329 1937 de
1355 1912 1427 1946 quo
1458 1912 1526 1946 per
1550 1902 1732 1935 rectorem
1757 1901 1796 1934 et
1824 1911 2021 1935 assessores

400 1961 477 1994 eius
494 1960 743 1994 incarceratus
759 1959 882 2001 fuerit,
901 1959 961 1993 vel
979 1959 1009 1992 si
1025 1959 1196 2003 publicus
1213 1957 1486 1993 meretricarius
1503 1956 1626 1999 fuerit,
1646 1956 1722 1990 scil.
1740 1955 1839 1999 quod
1856 1956 1892 1989 111
1911 1955 2020 1990 domo

398 2015 640 2050 habitationis
664 2015 859 2049 mulierem
893 2016 1102 2059 suspectam
1132 2015 1282 2059 publice
1314 2014 1495 2054 tenuerit,
1528 2012 1589 2046 vel
1612 2012 1658 2046 ad
1684 2011 1878 2046 comodum
1902 2011 2021 2046 bursae

398 2084 470 2106 suae
494 2071 609 2105 talem
633 2070 892 2113 introduxerit,
918 2070 980 2104 vel
1004 2071 1077 2105 alia
1102 2070 1211 2104 domo
1236 2082 1300 2104 seu
1324 2068 1549 2104 domuncula
1571 2068 1632 2102 vel
1656 2067 1810 2101 comodo
1834 2067 2022 2101 meretrici

398 2127 557 2172 publicae
581 2127 642 2161 vel
666 2126 923 2161 meretricibus
947 2126 1106 2170 publicis
1124 2126 1360 2161 conversatus
1384 2124 1508 2166 fuerit,
1534 2123 1594 2158 vel
1618 2124 1655 2157 in
1673 2123 1933 2157 collationibus
1956 2124 2023 2156 aut

399 2183 574 2228 prandiis,
601 2182 665 2216 ubi
689 2182 804 2216 talem
829 2182 890 2216 vel
906 2182 1000 2216 tales
1025 2192 1102 2216 esse
1120 2182 1281 2224 sciverit,
1306 2181 1421 2215 fuerit
1438 2180 1498 2215 vel
1522 2179 1645 2214 locum
1661 2179 1884 2223 suspectum,
1910 2177 2022 2212 videl.

399 2238 665 2283 prostibulum,
698 2238 906 2272 visitaverit
937 2238 975 2272 et
1000 2237 1045 2272 de
1069 2238 1139 2272 hoc
1170 2237 1360 2271 convictus
1385 2236 1447 2271 vel
1471 2235 1658 2270 confessus
1683 2235 1743 2269 vel
1773 2245 1841 2279 per
1865 2244 2021 2268 conven-

399 2297 517 2329 torem
548 2295 702 2338 propter
736 2294 833 2327 hunc
867 2295 905 2327 et
935 2293 1143 2337 quemlibet
1173 2293 1287 2326 alium
1324 2303 1513 2326 excessum
1538 2291 1583 2324 de
1613 2290 1724 2324 bursa
1753 2300 1819 2323 sua
1849 2289 2022 2333 expulsus

400 2350 522 2392 fuerit,
548 2349 609 2383 vel
633 2349 671 2382 in
696 2349 901 2393 prostibulo
926 2349 987 2383 vel
1013 2351 1118 2383 extra
1141 2349 1290 2393 publice
1315 2359 1353 2382 se
1378 2347 1618 2392 percusserit,
1645 2346 1706 2380 vel
1730 2345 1783 2379 ibi
1807 2345 2022 2379 vulneratus

400 2417 445 2439 ex
473 2404 584 2449 culpa
607 2415 673 2439 sua
696 2404 809 2438 fuerit
832 2406 962 2449 captus
987 2406 1053 2438 aut
1076 2405 1344 2448 deprehensus,
1370 2404 1430 2438 vel
1455 2403 1519 2447 qui
1549 2402 1595 2437 ad
1619 2401 1767 2436 taxfflos
1797 2401 1835 2435 in
1859 2401 2023 2435 tabernis

399 2461 548 2506 publice
579 2460 725 2502 luserit,
759 2460 819 2494 vel
843 2460 1086 2494 hastiludium
1116 2460 1154 2493 in
1185 2459 1264 2494 foro
1289 2459 1438 2504 publice
1465 2458 1688 2500 exercuerit,
1720 2457 1781 2492 vel
1805 2457 1870 2501 qui
1900 2457 2022 2490 verbis

399 2516 584 2551 iniuriosis
609 2516 771 2560 aliquem
789 2516 1008 2561 magistrum
1033 2516 1182 2560 publice
1206 2516 1353 2558 laeserit‚
1372 2515 1434 2549 vel
1458 2514 1579 2559 ipsum
1595 2513 1770 2547 iniuriose
1788 2513 2020 2557 percusserit,

400 2573 460 2607 vel
484 2572 623 2606 furtum
649 2573 714 2606 aut
738 2572 828 2606 alios
853 2582 1038 2614 excessus,
1065 2582 1156 2616 quos
1180 2572 1378 2606 comitatur
1407 2570 1561 2604 infamia
1591 2570 1652 2604 vel
1681 2569 1895 2604 scandalum
1926 2579 2021 2603 com-

400 2628 543 2663 miserit
566 2628 626 2662 vel
650 2628 935 2672 perpetraverit.
977 2627 1140 2670 Quorum
1166 2627 1313 2661 nullus.
1333 2655 1339 2661 .
1359 2655 1366 2661 .
1385 2627 1431 2661 ad
1457 2636 1612 2661 examen
1637 2626 1697 2660 vel
1721 2626 1953 2670 temptamen
1970 2651 1977 2658 .
1993 2651 2021 2658 ..

401 2685 525 2729 aliquo
550 2684 660 2718 modo
686 2684 942 2718 admittatur.“

310 2746 330 2775 9
357 2741 478 2775 Tertio
503 2741 577 2784 eta]
604 2739 712 2774 Statt.
731 2740 808 2774 citt.
827 2740 873 2774 de
898 2750 929 2774 a.
950 2743 1035 2774 1499
1046 2743 1184 2774 ...1522
1203 2750 1232 2773 c.
1250 2738 1312 2773 VI.
1331 2738 1386 2783 (Z.
1404 2750 1439 2783 p.
1456 2741 1533 2772 447.
1550 2739 1616 2782 sq.)
1642 2737 1727 2780 „De
1752 2737 1808 2771 his
1832 2747 1913 2781 quae
1938 2747 2021 2770 con-

399 2797 556 2830 cernunt
580 2796 751 2830 examina
766 2795 1102 2840 promovendorum
1120 2795 1158 2828 in
1176 2795 1328 2837 artibus,
1354 2794 1535 2828 decanum
1554 2795 1592 2828 et
1608 2794 1882 2838 promotores“.
1909 2793 1977 2826 art.
1990 2796 2021 2826 9.

401 2852 591 2896 „Reputat
613 2851 770 2886 facultas
801 2851 941 2885 arcium
973 2851 1056 2885 illos
1080 2851 1198 2895 gradu
1228 2850 1497 2884 baccalariatus
1527 2849 1674 2894 dignos,
1707 2849 1840 2893 quibus
1870 2859 1943 2883 non
1967 2858 2021 2882 so-

399 2908 475 2941 111111
499 2907 692 2941 literarum
717 2907 891 2950 sciencia,
917 2918 1047 2941 verum
1073 2907 1190 2940 eciam
1215 2906 1301 2941 vitae
1326 2906 1500 2940 meritum
1526 2907 1564 2940 et
1586 2906 1759 2940 honestas
1783 2904 2019 2949 suffragatur3

401 2963 438 2995 in
464 2963 646 3005 scienciis,
679 2964 742 3006 qui
766 2963 861 2997 bene
886 2973 924 2996 30
948 2957 1090 2996 habent
1112 2963 1150 2996 iu
1182 2962 1443 3007 grammatica,
1475 2964 1513 2995 in
1537 2961 1662 3006 parvis
1693 2960 1897 3005 loycalibus
1923 2960 1961 2994 et
1983 2959 2019 2992 in

402 3020 559 3061 quatuor
582 3019 802 3052 tractatibus
828 3018 927 3051 Petri
953 3018 1125 3061 Hispani,
1156 3018 1193 3050 111
1218 3018 1298 3052 aliis
1323 3018 1581 3061 competenter
1605 3044 1611 3050 .
1631 3046 1636 3050 .
1657 3044 1664 3050 .
1684 3044 1690 3050 .
1715 3017 1751 3050 in
1777 3015 2021 3059 grammatica
