2119 3522
307 218 331 264 7
338 219 401 263 40
817 231 1082 256 connexumvs
1106 232 1152 254 An
1177 233 1249 256 ΕΡΡ.
1267 235 1297 256 ο.
1315 235 1347 257 v.
1373 232 1450 257 vot.
1468 233 1505 257 11.

302 296 387 334 Pag.
408 293 498 329 271.

391 346 490 379 stris.
507 348 562 380 .“‚
595 344 764 379 Diefenb.
784 343 942 378 Glossar.
983 371 1003 386 ‚,
1015 343 1244 388 Compassio,
1263 345 1464 389 compatio,
1481 345 1746 389 mitleydunye,
1761 345 2011 390 medelidz'nye,

391 401 687 443 entfarmnisse‘ss
711 400 924 434 Erbarmen.
1404 428 1408 430 .

302 461 343 490 33
368 457 409 489 in
432 456 584 489 veritate
612 466 803 499 nunquam
834 458 1050 497 compertum
1074 456 1114 499 e.]
1145 455 1313 489 Forensis
1344 456 1516 498 formula,
1551 456 1599 490 ist
1628 456 1782 490 niemals
1812 457 1855 490 in
1883 456 2011 490 Wahr-

390 512 463 545 lecit
488 511 670 553 ersunden
692 511 854 552 worden,
879 511 901 544 1.
920 522 950 544 e.
968 510 1119 544 minime
1144 511 1341 555 probatum
1366 513 1431 546 est.

302 572 343 601 31.
371 567 429 600 ille
454 567 528 610 etc]
560 566 794 600 Reuchlinus.
841 565 1066 610 Evangelice
1097 566 1229 611 gemit:
1260 566 1393 600 Matth.
1413 579 1446 601 v.
1462 572 1516 601 44.
1535 567 1640 611 (Luc.
1659 580 1704 602 v1.
1722 569 1795 609 27.)
1827 566 2010 611 „Diligite

392 622 557 655 inimicos
582 623 739 663 vestros,
769 621 978 655 benefacite
1009 621 1065 654 his
1095 622 1158 664 qui
1183 622 1342 655 oderunt
1367 633 1446 664 vos,
1481 625 1519 656 et
1542 624 1643 657 orate
1668 634 1735 667 pro
1759 622 2011 666 persequenti-

391 678 458 711 bus
483 679 521 710 et
545 677 856 710 calumniantibus
881 688 944 710 vos
968 680 1045 711 ..“.

299 736 384 776 Pag.
405 734 497 771 272.

303 795 314 822 1
344 789 661 832 Philocapniones]
695 787 889 821 Reuchlini
914 789 1040 831 amici,
1066 789 1339 823 Reuchlinistae.
1386 788 1568 833 Lepidum
1593 789 1678 822 hoc:
1708 789 1828 832 philos
1844 805 1887 816 =
1904 788 2010 821 filius,

299 849 317 877 ‘2
337 845 434 887 petit
459 844 554 887 quod
578 844 769 887 ‹nmo-intur]
795 843 922 877 Multis
946 844 1035 878 locis
1053 844 1320 888 Pepericornus
1344 856 1381 878 se
1407 845 1499 878 nihil
1523 845 1592 878 nisi
1617 845 1814 879 veritatem
1838 843 2008 885 scribere,

387 899 552 944 perfidiis
584 911 624 933 ac
656 899 849 932 calmnniis
879 900 1022 941 vexari,
1055 901 1255 943 contraque
1287 900 1352 933 has
1383 910 1460 933 sese
1490 900 1707 941 defendere,
1736 900 1829 933 nihil
1857 899 1926 932 nisi
1955 899 2010 932 ius

388 967 492 988 suum
519 966 556 988 se
582 955 771 998 persequi,
798 955 891 988 mori
916 955 1030 997 velle,
1057 955 1188 999 siquod
1213 955 1446 989 mendacium
1472 956 1639 997 dixisset,
1673 957 1711 989 et
1734 955 1869 989 similia
1892 955 2010 988 excla-

388 1011 514 1044 mavit.
547 1011 590 1044 cf.
610 1024 640 1043 e.
658 1022 710 1054 gr.
730 1011 1015 1054 protestationes
1041 1010 1246 1044 defensioni
1272 1022 1345 1043 suae
1371 1010 1548 1051 adiectas,
1576 1023 1610 1054 p.
1631 1016 1703 1045 175.
1722 1022 1774 1054 sq.
1791 1022 1826 1054 p.
1844 1014 1916 1044 165.
1937 1015 2009 1044 159.

387 1070 441 1100 88.
459 1068 527 1100 etc.

298 1127 316 1155 :3
342 1121 555 1164 Psalmista]
582 1134 659 1155 cxv.
680 1126 729 1155 11.

297 1183 316 1211 ῦ
336 1178 449 1220 proc-h
474 1178 587 1220 dolor]
614 1177 911 1220 frequentissima
937 1178 1081 1211 Ortviui
1108 1178 1339 1211 exclamatio.

296 1237 315 1265 6
343 1233 379 1265 in
408 1233 615 1274 defensioue
638 1244 703 1266 sua
736 1237 860 1267 contra
893 1234 997 1277 fitur]
1029 1245 1064 1277 p.
1088 1236 1247 1267 164¹¹-⁵‹1-
1274 1246 1388 1276 „cum
1422 1233 1566 1267 Iudaeus
1598 1244 1732 1276 essem,
1765 1234 1840 1267 vixi
1870 1233 2008 1268 Iudaeo-

386 1300 466 1321 rum
494 1300 594 1322 more
620 1316 627 1323 .
646 1316 653 1322 .
673 1316 678 1322 .
704 1300 850 1332 semper
874 1290 998 1323 tamen
1026 1289 1118 1324 citra
1142 1290 1392 1333 cuiuscunque
1418 1289 1576 1323 infamiae
1601 1301 1748 1323 naevum
1771 1317 1778 1324 .
1794 1292 1850 1323 .“.

296 1348 315 1377 8
336 1345 399 1387 pic
424 1344 639 1378 credendum
666 1345 706 1388 e.]
733 1344 909 1388 quicquid
934 1356 1063 1379 verum
1089 1345 1239 1389 quidem
1264 1356 1337 1380 uon
1363 1347 1432 1387 est,
1458 1345 1521 1379 sed
1547 1356 1664 1379 causae
1690 1345 1776 1379 fidei
1802 1345 2008 1379 adversum.

386 1400 430 1434 cf.
452 1402 545 1434 192¹.
566 1401 603 1433 et
624 1400 926 1434 Ortvinianorum
952 1401 1163 1435 libellorum
1189 1402 1393 1445 permultos
1416 1402 1526 1435 locos.

299 1462 339 1489 10
363 1456 521 1490 mmzebit
549 1456 801 1499 Christianus]
835 1455 1018 1500 Quicquid
1044 1456 1217 1490 dubitent
1241 1457 1440 1491 adversarii
1471 1457 1536 1501 (cf.
1555 1458 1601 1491 ad
1625 1459 1724 1500 772),
1757 1458 1833 1502 ipse
1859 1457 2008 1501 Peperi-

386 1523 517 1546 cornus
534 1511 614 1545 Def.
634 1523 669 1555 p.
691 1513 788 1546 176Η
818 1512 854 1545 111
881 1512 952 1546 fide
978 1512 1162 1546 catholica
1186 1523 1222 1546 se
1247 1513 1466 1546 moriturum
1493 1524 1569 1546 esse
1595 1513 1800 1546 adseverat.

298 1572 337 1600 1⁴2
364 1568 446 1601 estis
469 1567 570 1610 filius
589 1568 795 1612 presbiteri]
827 1568 871 1601 cf.
889 1568 985 1601 infra
1010 1569 1116 1612 epist.
1134 1571 1186 1602 6-2.

591 1656 824 1691 EPISTOLA
850 1660 913 1695 55.
956 1657 1234 1691 SYLVESTER
1258 1657 1452 1692 GRICIVS
1478 1658 1708 1692 ORTVINO.

297 1738 337 1769 18
363 1735 437 1768 Sub
467 1736 615 1769 nomine
648 1735 733 1769 ficto
762 1735 942 1779 Sylvestri
968 1736 1079 1769 Gricii
1105 1736 1270 1769 Uli-icum
1299 1736 1506 1771 Huttenum
1537 1737 1654 1771 latere
1685 1738 1820 1781 praeter
1852 1736 1927 1771 alia
1955 1737 2008 1770 in-

385 1791 482 1824 dicia
505 1793 584 1825 tum
609 1791 760 1825 nomina
785 1791 1065 1825 conmilitonum
1091 1792 1366 1837 amicorumque
1385 1794 1497 1836 atque
1518 1792 1830 1834 adversariorum,
1855 1794 1935 1826 tum
1953 1793 2007 1826 sui

384 1847 497 1890 ipsius
523 1847 812 1881 conmemoratio
843 1847 1053 1881 ostendunt.
1106 1846 1273 1882 Fortasse
1299 1848 1399 1881 lusus
1430 1848 1626 1882 videbatur
1657 1848 1876 1892 aequalibus,
1908 1848 2007 1892 quod

383 1914 404 1936 a
428 1902 550 1937 Gricio
576 1902 706 1936 Gracio
733 1903 965 1940 scriberetur,

292 1962 336 1992 20
359 1970 438 1992 sum
461 1959 620 2003 iuratus]
647 1958 752 2000 Quod
776 1959 1042 2001 iuramentum,
1070 1971 1107 1994 se
1136 1960 1338 1994 utilitatem
1363 1960 1615 2004 honoremque
1641 1959 1891 1994 universitatis
1914 1970 2006 1993 sem-

382 2025 449 2058 per
474 2014 688 2048 defensuros
712 2016 1019 2059 promoturosque
1046 2026 1140 2058 esse,
1170 2016 1371 2050 secundum
1397 2018 1560 2050 omnium
1586 2016 1869 2049 universitatum
1894 2015 2006 2049 facul-

382 2072 576 2114 tatumque
601 2071 741 2104 statuta
765 2071 829 2114 qui
854 2071 900 2104 ad
925 2071 1082 2115 gradum
1107 2072 1358 2106 academicum
1386 2072 1718 2116 promovebantur,
1745 2072 1920 2115 praestare
1945 2071 2006 2104 de-

382 2126 539 2168 bebant,
565 2125 749 2170 hodieque
775 2126 944 2160 similiter
972 2128 1138 2170 praestari
1163 2128 1266 2162 solet.

292 2186 332 2216 21
359 2182 621 2227 cwticulariter]
652 2182 697 2216 de
723 2182 886 2227 singulis.

292 2242 334 2271 ‘23
361 2238 505 2281 dicatis]
531 2238 736 2280 renunties,
763 2237 911 2272 referas.

337 2294 433 2337 quod
456 2320 464 2328 .
479 2320 485 2326 .
502 2321 509 2328 .
532 2294 606 2338 hoe]
638 2295 680 2327 ut
710 2294 914 2338 prudenter
945 2305 1185 2339 personarum
1219 2296 1347 2330 habita
1376 2297 1517 2330 ratione
1543 2296 1696 2330 consilia
1719 2305 1851 2339 capere
1876 2305 1918 2328 ac
1943 2295 2004 2328 de-

381 2348 566 2382 fensiones
591 2349 919 2393 aggressionesque
944 2350 1137 2384 instituere
1162 2353 1324 2394 possent.

292 2410 333 2439 24
357 2404 512 2447 hospitio
537 2405 686 2448 eorome]
714 2404 758 2438 cf.
776 2405 823 2438 ad
846 2406 932 2439 172⁵.

336 2461 482 2503 faciunt
500 2486 507 2493 .
526 2487 533 2494 .
550 2460 747 2504 nequitias]
772 2459 1039 2503 Schalkhetten,
1057 2461 1227 2506 Schimpf
1237 2463 1398 2505 animm,
1417 2463 1497 2497 bo'se
1513 2462 1673 2498 Strez’che
1688 2463 1853 2505 macheu,
1871 2462 2003 2497 acerbe

379 2515 545 2549 irrident.

290 2576 331 2606 ‘27
357 2571 546 2615 Keilbaclz]
571 2570 899 2606 Francofurtensis.
940 2572 983 2606 cf.
1002 2572 1080 2606 Ind.
1098 2573 1216 2618 biogr.
1233 2586 1268 2618 p.
1286 2578 1361 2609 402.
1381 2577 1447 2609 art.
1466 2574 1657 2609 Keilbach.

289 2632 332 2661 29
356 2627 494 2672 Meyer]
517 2628 627 2661 notus
643 2627 748 2661 nobis
765 2627 946 2671 parochus
963 2627 1279 2663 Francofurtensis
1295 2630 1544 2674 praedicatorii
1561 2631 1698 2665 ordinis
1717 2630 1775 2674 (cf.
1793 2630 1871 2665 lnd.
1886 2630 2001 2675 biogr.

379 2695 413 2727 p.
431 2687 506 2717 415.
525 2695 576 2727 sq.
595 2684 662 2716 art.
679 2681 838 2727 Meyer),
865 2694 976 2728 quem
1002 2684 1166 2719 fallacias
1191 2696 1274 2719 suas
1299 2686 1412 2720 etiam
1436 2687 1564 2720 contra
1580 2686 1826 2720 Reuchlinum
1843 2685 2003 2720 faciendi

379 2749 488 2772 causa
512 2749 607 2782 saepe
633 2737 836 2783 Moguntiae
860 2739 898 2772 in
924 2740 1025 2774 curia
1049 2740 1354 2786 archiepiscopali
1379 2742 1702 2786 circumspectasse
1729 2743 1881 2776 constat.

336 2794 436 2828 dedit
461 2795 494 2828 ei
518 2795 645 2828 bonam
670 2796 870 2840 scommam]
897 2795 941 2829 cf.
960 2795 1006 2829 ad
1025 2797 1135 2830 26824.

290 2852 332 2882 30
355 2848 499 2883 Hutteu
517 2875 523 2883 .
539 2876 545 2882 .
561 2876 567 2882 .
587 2850 758 2894 bestialis]
785 2849 892 2885 Laur.
909 2850 1063 2885 Behaim
1082 2852 1128 2886 ad
1144 2852 1366 2888 Pirckheim.
1385 2865 1442 2898 ep.
1461 2854 1495 2888 d.
1512 2857 1565 2888 27.
1583 2853 1699 2898 April.
1720 2864 1751 2887 a.
1767 2857 1863 2887 1517.
1881 2853 2000 2897 (Hutt.

380 2904 472 2949 Opp.
491 2905 517 2939 Ι.
535 2917 570 2949 p.
590 2907 694 2948 133.):
721 2907 792 2948 „et
814 2906 877 2941 ille
903 2907 1105 2950 Huttenus‚
1133 2908 1197 2952 qui
1222 2908 1315 2943 forte
1342 2910 1469 2943 auctor
1494 2910 1549 2943 est
1572 2908 1670 2942 illius
1693 2908 1812 2942 libelli
1836 2919 1900 2943 seu
1925 2909 2000 2952 epi-

379 2959 572 3002 stolarum,
597 2960 772 3004 ipsemet,
800 2963 841 2996 ut
864 2963 1011 3006 scribit,
1036 2963 1105 2996 sibi
1129 2964 1199 3008 ipsi
1225 2964 1429 3008 obloquens
1453 2965 1557 3008 quasi
1582 2965 1630 2998 sit
1652 2976 1808 3009 magnus
1831 2963 2001 2998 truffator

380 3025 443 3047 seu
468 3015 648 3058 bestialis,
676 3018 718 3050 ut
741 3016 836 3051 forte
862 3018 1021 3052 evitaret
1045 3020 1290 3062 suspicionem
1315 3021 1516 3055 auctoris“.
