2119 3522
274 259 369 303 448
765 271 873 293 mmzx
897 268 1150 292 B10GRAPmcvs
1174 267 1216 289 ET
1240 266 1483 290 ONOMASTICVS.

275 390 434 440 qualem
471 387 539 423 illo
584 391 781 435 tempore,
833 388 877 420 ut
914 382 1085 419 maxime
1130 382 1172 418 in
1209 381 1384 418 Buschio
1421 380 1611 426 vidimus,
1662 381 1979 430 praestantissimi

277 446 456 482 doctores
502 443 543 478 in
587 440 723 491 primis
769 438 963 489 agebant,
1010 450 1151 488 parum
1195 442 1379 475 accurate
1425 436 1540 474 nobis
1582 436 1751 483 tradita,
1799 437 1871 475 sed
1910 450 1978 474 ne-

276 513 352 550 que
390 504 475 536 tota
520 497 616 534 satis
664 495 881 545 diligenter
927 506 951 530 a
996 492 1288 530 recentioribus
1332 492 1592 543 scriptoribus
1641 493 1863 542 perquisita
1907 498 1980 530 est.

277 557 332 593 ita
364 554 437 591 cel.
468 549 678 590 Savinius⁶
707 551 791 588 haec
821 555 998 588 tantum:
1039 548 1215 595 „Petrus
1246 549 1466 586 Ravennas
1498 545 1660 598 (Petrus
1690 548 1851 594 Tomai,
1891 550 1981 585 oder

277 612 376 647 (cuch
406 609 550 646 Petrus
580 607 614 644 F
618 607 822 644 ranciscus
853 605 995 642 Tomai
1035 606 1127 642 oder
1157 603 1337 654 Tomasi)
1378 608 1442 641 mit
1479 606 1644 641 Unreclzc
1675 616 1744 641 von
1775 605 1980 640 Melzreren

277 670 312 702 in
343 669 437 702 :mei
464 665 731 702 versckieclene
761 664 959 699 Personen
990 663 1158 709 zerleqt,
1195 663 1359 708 yeboren
1390 674 1437 697 zu
1469 661 1675 707 Ravenna,
1716 660 1879 696 Sclziller
1915 662 1982 696 cles

280 723 312 758 T
311 727 496 769 ariagnem
528 716 772 768 [Alexandri
813 718 861 755 de
892 714 1061 766 Imola],
1100 717 1210 763 Prof.
1249 729 1297 753 zu
1335 718 1530 762 Ferrara,
1571 717 1730 762 Padua,
1767 717 1860 752 Pisa
1894 713 1979 764 (von

279 774 615 824 1477...1480.)‚
649 776 834 822 Bologsmc,
868 775 1000 819 pavia,
1035 773 1266 820 Greifsmalcl
1295 770 1335 820 (i.
1356 774 1392 809 J.
1418 770 1571 821 1496),
1613 773 1854 819 Wittenbery,
1886 772 1982 808 lette

276 835 374 870 auch
403 842 585 881 qeraume
617 833 694 867 Zeit
726 827 821 881 [11)2
843 827 990 879 Jahre]
1024 842 1071 865 zu
1103 829 1216 865 Coeln.
1277 830 1462 865 Beriihmt
1501 830 1705 865 besomlers
1741 829 1863 864 durch
1902 830 1981 864 sein

273 895 380 937 [futes
403 885 656 932 Geclc'c'chtmss.
678 890 701 931 †
722 884 846 934 yemis]
867 887 967 921 nacla
991 884 1111 922 1502.
1137 882 1442 932 (Sliflunysjalzr
1464 896 1533 921 von
1565 881 1843 932 Wz'ttenbery).⁷
1884 884 1982 919 Viele

275 945 621 982 Lebensumsls'inde
657 945 784 990 finden
823 943 904 978 sicle
943 954 1003 977 am
1043 938 1191 985 Scleluss
1228 944 1350 977 seines
1378 939 1653 990 Alphabetum
1692 936 1877 977 aureum&
1907 941 1986 976 und

275 1004 401 1037 seiner
430 999 660 1036 Artificiosa
697 997 922 1036 memoria“
956 993 1084 1047 [addo
1117 998 1196 1032 und
1231 999 1358 1044 32‘96726
1389 999 1454 1032 (les
1484 997 1625 1033 Petrus
1654 999 1691 1033 in
1722 998 1850 1032 seiner
1880 996 1983 1031 niclzt

276 1070 322 1093 :u
353 1057 525 1102 Lilbeclc,
563 1057 727 1092 sonclern
759 1067 806 1091 zu
837 1054 903 1100 Ff.
927 1066 963 1090 a.
985 1055 1020 1089 cl.
1046 1052 1111 1088 Ocl.
1137 1052 1256 1088 1499.
1276 1053 1346 1098 fol.
1377 1053 1612 1100 qeclrzcclcten
1644 1052 1795 1098 Sclzre'ft
1826 1050 1875 1088 de
1913 1050 1982 1087 1111-

275 1113 470 1150 munitate
509 1106 798 1160 eeclesiarum}
856 1109 980 1146 Plura
1018 1113 1057 1145 et
1094 1121 1176 1144 non
1222 1107 1336 1144 nulla
1376 1108 1545 1145 certiora
1583 1107 1669 1145 dari
1710 1111 1897 1156 poterant
1935 1119 1985 1143 ex

276 1165 482 1205 Fabricio⁹
514 1173 553 1205 et
573 1165 835 1203 Hartzhemio
850 1163 886 1211 ¹⁰,
919 1163 988 1201 ubi
1009 1164 1157 1214 scripta
1179 1175 1339 1213 quoque
1360 1163 1612 1201 Ravennatis
1643 1162 1714 1200 sed
1736 1175 1819 1199 non
1851 1161 1984 1199 onmia

277 1229 510 1261 enumerata
531 1228 637 1260 sunt.
662 1235 709 1260 ea
731 1233 819 1272 quae
840 1233 968 1271 usque
990 1219 1041 1257 ad
1063 1233 1215 1257 annum
1240 1220 1358 1257 1500.
1382 1219 1630 1269 prodierunt,
1665 1218 1842 1256 exactius
1864 1230 1985 1268 quam

276 1279 480 1317 Panzerus
504 1279 714 1328 descripsit
730 1277 838 1314 Hain
853 1274 895 1323 ¹¹3
921 1276 1054 1313 omnia
1076 1282 1260 1313 recenset
1275 1273 1486 1313 Mamm-¹2.
1527 1275 1799 1325 Kosegarteni
1822 1274 1984 1324 egregio

274 1335 376 1373 libro
389 1333 429 1382 ¹³,
469 1336 512 1372 in
543 1347 621 1385 quo
652 1334 778 1371 inulta
811 1333 860 1370 de
890 1332 1011 1369 Petro
1045 1331 1159 1369 docte
1191 1331 1372 1382 exposita
1409 1337 1520 1377 sunt,
1563 1328 1774 1369 Savinius6
1804 1330 1864 1367 uti
1901 1342 1984 1366 non

276 1392 423 1442 potuit,
471 1391 543 1429 sed
582 1403 628 1428 eo
666 1390 728 1427 usi
765 1394 860 1426 sunt
897 1388 975 1425 Th.
997 1384 1196 1425 Muther¹²
1235 1393 1274 1425 et
1310 1387 1416 1424 Rod.
1440 1384 1698 1437 Stintzing¹³3
1745 1385 1985 1423 Butzbachii

277 1453 410 1485 autem
440 1447 625 1484 notitiam
656 1458 776 1496 quam
806 1444 914 1482 infra
945 1443 1190 1489 exhibemus,
1223 1456 1298 1480 nec
1328 1443 1369 1480 hi
1400 1449 1619 1493 potuerunt
1650 1442 1857 1480 adhibere.

275 1504 404 1541 Natus
436 1508 496 1540 cst
516 1503 659 1540 Petrus
691 1502 795 1539 circa
826 1514 977 1537 annum
1000 1497 1170 1548 144S.¹⁵;
1204 1512 1294 1537 011111
1324 1499 1402 1536 iam
1433 1513 1540 1536 anno
1572 1500 1691 1536 1472.
1714 1498 1809 1535 iuris
1839 1497 1984 1535 utrius-

277 1572 354 1609 que
378 1559 581 1596 doctorem
611 1564 650 1595 et
670 1558 837 1595 militem
866 1556 1059 1607 praedicat
1089 1555 1175 1593 eius
1199 1553 1338 1593 Oratio
1361 1568 1432 1605 pro
1464 1555 1606 1605 patria,
1630 1554 1817 1592 Venetiis
1847 1566 1986 1591 mense

276 1615 396 1652 Febr.
429 1629 463 1653 a.
498 1614 617 1652 1472.
647 1610 899 1664 publicatam.
964 1612 1142 1649 ‘Patavii
1183 1609 1438 1659 (Ρει11011οΙῙ17
1469 1611 1733 1661 incomposite
1772 1609 1985 1647 scribentis

277 1671 400 1709 verba
430 1669 541 1719 sunt)
574 1683 657 1707 non
695 1670 782 1707 sine
814 1668 991 1706 omnium
1021 1667 1289 1705 admiratione
1319 1665 1443 1704 ICtus
1481 1672 1637 1705 creatus
1670 1666 1725 1703 ihi
1761 1667 1822 1703 ius
1854 1665 1984 1716 ponti-

276 1727 407 1764 ficium
437 1740 606 1777 vespere
638 1732 697 1763 est
726 1726 1027 1775 interpretatus.
1068 1723 1164 1760 Mox
1187 1723 1395 1769 Bononiae,
1431 1722 1580 1760 deinde
1610 1723 1758 1768 Ticini,
1789 1721 1986 1760 Ferrariae

277 1796 436 1833 quoque
470 1780 521 1833 [a.
554 1779 718 1832 1474.],
759 1781 862 1818 Pisis
895 1786 934 1818 et
963 1780 1127 1817 Pistorii
1158 1793 1181 1817 a
1210 1779 1460 1816 Florentinis
1493 1792 1671 1829 congrua
1707 1777 1893 1816 mercede
1924 1791 1986 1814 ac-

277 1840 378 1876 citus
412 1838 564 1884 docuit,
605 1837 674 1875 ubi
706 1852 727 1875 a
758 1836 1074 1874 Pistoriensibus
1114 1835 1297 1880 civitate,
1340 1835 1659 1872 immunitatibus
1691 1839 1730 1871 et
1770 1833 1987 1884 peramplis

275 1894 496 1932 honoribus
535 1900 595 1931 est
633 1899 785 1931 auctus.
851 1892 1025 1929 Demum
1061 1890 1335 1941 Witiburgum
1375 1888 1436 1940 [a.
1470 1888 1616 1941 1503.]
1659 1889 1880 1928 conductus
1911 1921 1919 1929 .
1943 1918 1956 1938 ·.

276 1957 488 2001 utrumque
518 1951 579 1987 ius
610 1962 758 1999 magna
788 1948 962 1986 nominis
994 1948 1121 1998 gloria
1153 1947 1365 1998 explicuit'
1398 1953 1437 1984 et
1467 1960 1505 1997 q.
1527 1960 1557 1985 s,
1617 1946 1801 1984 Venetiis
1822 1946 1987 1983 Petrum

277 2007 434 2044 invenit
454 2006 680 2056 Boguslaus
701 2005 755 2041 X.
774 2004 1026 2042 Pomcraniae
1050 2001 1165 2041 duxss
1197 2016 1368 2053 eumque
1402 2001 1501 2051 (una
1532 2016 1619 2040 cum
1650 2015 1775 2040 uxore
1795 2002 1988 2039 Lucretia

278 2069 316 2100 et
346 2062 437 2100 filiis
466 2062 684 2100 Vincentio
717 2067 757 2099 et
791 2061 947 2098 Ioanne
978 2060 1164 2110 Baptista
1203 2073 1248 2097 ac
1284 2059 1366 2096 filia
1396 2057 1671 2109 Margaretha)
1704 2064 1897 2109 tanquam
1927 2058 1986 2094 111-

276 2119 391 2169 signe
414 2124 693 2156 ornamentum
715 2117 931 2155 academiae
952 2115 1351 2167 Gryphiswaldcnsis
1372 2128 1505 2153 secum
1528 2115 1642 2152 duxit
1661 2115 1793 2152 hieme
1815 2128 1849 2152 a.
1866 2114 1986 2152 1497.

280 2176 418 2221 1498,
458 2175 499 2212 in
532 2187 611 2224 quo
639 2175 784 2212 itinere
817 2171 1050 2223 Oenoponti
1086 2171 1223 2209 morbo
1261 2176 1478 2222 temptatus
1508 2171 1808 2209 Maximilianus
1840 2168 1986 2217 Caesar,

367 2308 400 2346 G)
422 2307 537 2339 Geselz.
559 2308 618 2338 des
636 2307 674 2338 R.
695 2307 732 2340 R.
751 2308 791 2337 im
810 2305 980 2340 Mittelalt.
998 2304 1059 2336 VI.
1078 2315 1110 2345 p.
1128 2305 1203 2338 491.
1223 2314 1272 2344 sq.
1382 2303 1414 2343 7)
1432 2303 1485 2335 Ad
1508 2304 1585 2335 haec
1607 2304 1780 2335 citantur:
1807 2302 1988 2335 Fabrucci

367 2362 420 2394 bez·
436 2362 616 2403 Calogera
633 2363 676 2396 T.
693 2364 746 2394 40.
767 2372 800 2402 p,
821 2362 914 2399 144.;
946 2360 1105 2391 Ginnani
1124 2359 1293 2391 Scrittori
1309 2359 1473 2393 Ravenn,
1492 2360 1533 2392 T.
1552 2361 1582 2390 2.
1602 2370 1636 2401 p.
1655 2360 1859 2398 419...439.;
1885 2359 1988 2389 Tira-

367 2417 491 2450 boschi
507 2419 549 2451 ·T.
569 2419 601 2449 6.
618 2417 660 2450 L.
679 2419 710 2449 2.
730 2417 770 2451 C.
788 2418 820 2452 4,
845 2417 863 2455 ἓ
881 2417 1041 2457 27...,31,;
1073 2415 1229 2446 Fabroni
1247 2414 1327 2448 Vol.
1344 2416 1372 2447 I.
1398 2425 1430 2456 p.
1448 2416 1524 2447 227.
1544 2416 1622 2448 384.
1636 2415 1729 2454 385.;
1756 2414 1863 2456 Hugo
1887 2413 1987 2448 civil,

368 2473 499 2505 Gesch.
517 2475 549 2506 3.
567 2473 678 2515 Ausg.
697 2473 732 2507 S.
752 2473 825 2504 182.
919 2471 955 2511 8)
975 2469 1023 2514 [d.
1041 2471 1072 2504 h.
1089 2472 1122 2502 in
1140 2471 1202 2502 der
1219 2471 1428 2511 beigyefz'iyten
1446 2470 1716 2503 Criticomastix
1737 2472 1796 2502 (les
1814 2470 1989 2502 Ortvinns

368 2526 545 2572 Gratius]
669 2529 704 2569 9)
723 2528 819 2560 Bibl.
838 2528 919 2561 Lat.
937 2526 1030 2560 med.
1050 2529 1085 2559 et
1102 2526 1168 2557 inf.
1189 2530 1246 2558 aet.
1267 2527 1326 2558 VI.
1344 2537 1375 2568 p.
1388 2528 1489 2559 161...
1502 2527 1574 2558 167.
1696 2526 1751 2567 10)
1770 2525 1864 2560 Bibl.
1883 2525 1987 2557 Colo—

368 2586 485 2620 niens.
503 2596 535 2627 p.
556 2585 633 2617 280.
652 2594 704 2626 sq.
826 2584 880 2624 11)
905 2583 1091 2624 Repertor.
1110 2586 1159 2613 n0.
1181 2583 1455 2616 13691...13700.
1577 2582 1630 2622 12)
1656 2583 1729 2614 Ans
1752 2583 1823 2614 dem
1843 2582 1938 2614 [snio.
1956 2585 1986 2613 u.

371 2641 642 2673 Gelelzrlenleben
666 2642 707 2672 im
734 2641 896 2672 Zeicaller
920 2640 982 2671 der
1006 2638 1083 2678 Res.
1118 2638 1259 2679 Erlany.
1281 2639 1377 2672 1866.
1401 2637 1447 2670 8⁰.
1473 2648 1581 2680 pagg.
1601 2639 1643 2669 95
1653 2638 1767 2671 ...128.
1801 2639 1989 2679 „Ausyany

368 2699 427 2729 des
441 2698 562 2729 Petrus
575 2696 684 2731 Rav.“
779 2694 832 2737 13>
850 2695 966 2728 Geselz.
983 2695 1014 2726 d.
1032 2694 1124 2727 Univ.
1141 2694 1294 2734 Greifsw.
1311 2694 1406 2726 1857.
1426 2694 1472 2725 4⁰.
1489 2705 1522 2736 p.
1540 2695 1613 2726 154.
1629 2703 1706 2735 sqq.
1801 2693 1856 2735 14)
1875 2693 1989 2725 Gescle.

369 2754 402 2784 d.
419 2756 531 2795 popul.
550 2754 619 2787 Lz't.
638 2754 698 2785 des
714 2754 795 2784 riim.
813 2752 890 2784 lcan.
909 2752 948 2785 R.
974 2751 1060 2792 [ιρι.
1081 2751 1178 2782 1867.
1196 2749 1241 2782 8⁰.
1262 2760 1295 2791 p.
1313 2750 1386 2782 147.
1402 2759 1478 2791 sqq.
1574 2750 1629 2790 15)
1646 2750 1730 2791 Ipse
1747 2749 1784 2780 in
1801 2749 1989 2781 Phoenice:

370 2808 491 2849 „Dum
516 2819 631 2841 essem
655 2809 743 2840 iuris
768 2808 931 2848 auditor,
962 2817 1029 2838 nec
1053 2806 1268 2847 vigesimum
1291 2805 1468 2838 vidissem
1500 2815 1648 2845 annum,
1680 2806 1716 2836 in
1748 2805 1989 2838 universitate

368 2864 569 2905 Patavina,
596 2865 671 2896 dixi
695 2875 751 2896 me
776 2868 889 2897 totum
916 2863 1077 2895 codicem
1102 2871 1208 2903 posse
1233 2862 1391 2893 recitare
1407 2861 1470 2893 ..“
1497 2864 1532 2893 et
1555 2861 1593 2892 in
1617 2860 1765 2893 Valete:
1798 2861 1990 2902 „videram

371 2919 459 2960 (tres
484 2920 686 2961 doctores),
721 2923 915 2961 antequam
943 2917 1215 2959 (Hochstratus)
1243 2918 1360 2949 exiret
1390 2917 1433 2949 de
1458 2920 1586 2950 ventre
1617 2918 1765 2949 matris.
1787 2915 1837 2956 .“,
1870 2916 1990 2948 Hoch-

370 2978 505 3007 stratus
524 2978 641 3007 autem
660 2986 752 3008 anno
773 2977 867 3008 1485.
882 2975 1021 3007 iuvenis
1039 2973 1210 3015 magister
1229 2973 1360 3005 artium
1378 2973 1495 3005 factus
1513 2973 1642 3005 fuerat.
1738 2972 1793 3012 16)
1812 2972 1911 3003 Hain
1925 2973 1992 3004 Re-

370 3034 504 3073 pertor.
523 3036 571 3065 110.
590 3033 709 3064 13700.
805 3032 858 3071 17)
877 3032 931 3062 Dc
952 3030 1062 3062 claris
1079 3029 1154 3060 LL.
1172 3030 1326 3071 interpp.
1352 3029 1451 3071 Lips.
1470 3030 1565 3062 1721.
1582 3027 1629 3064 4⁰.
1646 3039 1681 3070 p.
1694 3029 1770 3061 250.
1865 3027 1921 3069 18)
1941 3028 1988 3062 cf.

370 3087 474 3119 Hutt.
495 3087 587 3128 Opp.
606 3086 673 3118 III.
693 3098 725 3128 p.
746 3089 798 3118 30.
