2119 3522
696 231 900 255 VERVLANVS
925 246 933 254 .
948 245 954 253 ·
971 246 978 253 .
1004 230 1244 254 VRATISLAVIA.
1731 202 1859 256 497,

116 360 147 385 s.
169 347 358 385 Rosciate
389 360 420 384 s.
443 347 621 393 Roxate,
656 346 947 396 ‘probatissimi
979 347 1075 384 iuris
1106 348 1311 397 utriusque
1342 342 1629 391 1n011a1·ehae’⁵,
1663 345 1732 395 qui
1760 343 1831 382 Al-

114 403 270 441 bericus
301 403 465 440 Ricardi
496 402 729 441 Malumbrae
763 401 1017 453 Oldradique
1050 403 1099 440 de
1120 403 1252 440 Ponte
1286 402 1517 452 discipulus,
1552 402 1647 438 iuris
1680 401 1830 447 doctor,

114 459 305 509 Bergami
335 459 555 497 advocatus
588 464 627 496 et
657 458 746 496 aliis
778 458 951 508 publicis
982 458 1217 496 muneribus
1252 459 1413 495 functus
1446 457 1545 495 obiit
1576 471 1684 495 anno
1711 457 1831 495 1354.

116 514 166 553 de
196 515 281 553 vita
313 516 550 565 scriptisque
583 515 667 552 eius
700 514 871 552 adeatur
902 514 1091 552 Savinius
1103 512 1126 561 ⁸,
1160 528 1271 553 meus
1303 520 1398 551 ante
1429 514 1502 551 hos
1534 513 1833 564 quinquaginta

115 584 244 609 annos
276 577 512 621 praeceptor.

204 641 239 682 5)
258 642 357 672 Hain
374 641 564 682 Repertor.
582 651 616 672 n.
633 643 914 674 13997...14001.
964 640 1055 672 Vide
1076 640 1257 682 Stintzing
1276 639 1297 670 1.
1318 650 1346 671 6.
1365 651 1397 681 p,
1418 640 1491 671 144.
1585 640 1619 681 6)
1642 640 1756 674 Gesclc.
1775 641 1834 672 cles

204 697 296 730 Ram.
315 696 436 728 Rechts
453 698 493 728 z'm
511 697 722 729 Mittelalter
740 698 800 729 VI.
822 708 901 738 cap.
923 707 990 729 LII.

115 784 332 823 VOLZIVS
366 777 517 814 Paulus
551 775 602 825 (p.
619 774 755 826 2SS¹¹)‚
789 782 907 814 natus
939 777 1043 814 circa
1073 789 1107 815 a.
1135 776 1253 813 1480.
1314 775 1554 826 Offenburoi
1587 775 1830 821 Ortenaviae,

116 846 205 870 cum
236 833 445 870 Sletstadii
476 833 549 870 sub
583 832 758 871 Cratone
780 833 1028 870 Hotl'manno
1061 833 1198 882 primis
1228 819 1375 869 litteiis
1409 832 1666 878 incubuisset,
1701 845 1832 869 coeno-

115 889 225 926 bium
271 888 585 927 Sehutteianum
631 890 817 934 intravit,
864 889 1150 938 litterariaeque
1196 888 1420 925 sodalitatis
1467 888 1772 926 Sletstadiensis
1812 902 1835 925 a

116 945 421 995 Wimphelingo
454 945 628 983 conditae
660 943 811 983 socius¹
843 944 1149 983 humanioribus
1172 957 1332 994 quoque
1363 944 1508 981 litteris
1540 943 1706 990 studuit,
1739 957 1833 994 qua-

115 1007 282 1051 propter
318 1001 481 1039 abbatia
513 1001 700 1052 Hugonis
732 1002 838 1038 villae
872 999 1142 1050 (Huyslzofen,
1177 998 1402 1049 Honcozcrt)
1432 1000 1711 1046 Benedictini,
1751 1006 1835 1036 tum

116 1057 419 1095 Bursfeldensis
443 1057 595 1095 ordinis
628 1071 735 1095 anno
762 1058 881 1096 1513.
905 1058 942 1095 ei
966 1057 1212 1095 demandata
1235 1062 1305 1102 est,
1340 1069 1460 1106 quam
1482 1061 1617 1094 tamen
1648 1056 1835 1094 litterarii

117 1114 188 1151 otii
227 1113 428 1152 desiderio
467 1120 597 1151 motus
636 1113 825 1151 abdicare
865 1114 1074 1164 cupiverat
1112 1114 1190 1150 iam
1230 1119 1448 1163 antequam
1485 1113 1689 1151 rusticano
1728 1111 1835 1150 bello

116 1169 343 1208 coenobium
367 1170 614 1216 dirueretur,
649 1170 757 1220 quod
780 1171 865 1216 ille,
901 1184 988 1207 cum
1013 1184 1121 1207 anno
1148 1169 1267 1206 1526.
1291 1169 1475 1215 rediiset,
1508 1168 1623 1206 brevi
1645 1174 1736 1219 post
1757 1168 1835 1205 Lu-

115 1225 296 1264 theranis
327 1226 510 1276 partibus
542 1233 681 1277 aperte
713 1227 856 1264 favens
889 1227 1068 1276 reliquit,
1113 1225 1457 1276 Argentoratique
1488 1225 1633 1263 studiis
1664 1225 1836 1262 maxime

115 1282 316 1319 historicis
347 1284 521 1320 vacavit.
544 1288 651 1333 post,
694 1296 802 1320 anno
828 1284 967 1328 1530„
1002 1282 1242 1333 praedicator
1273 1296 1296 1319 a
1327 1281 1650 1319 confessionibus
1682 1282 1723 1318 in
1754 1294 1835 1318 1110-

116 1339 293 1376 nasterio
325 1339 528 1389 virginum
550 1338 840 1376 Nicolaitarum
874 1339 1013 1385 faetus,
1048 1353 1136 1375 cum
1159 1337 1635 1375 Schwenckfeldianlsmi
1667 1344 1706 1375 et
1737 1351 1835 1375 ana-

116 1394 305 1445 baptismi
345 1401 600 1445 argueretur,
642 1396 808 1432 ineunte
848 1408 955 1432 1111110
982 1395 1101 1432 1537.
1126 1395 1396 1432 ecclesiastico
1436 1407 1603 1432 munere
1636 1395 1671 1431 ei
1713 1394 1835 1431 inter-

118 1450 267 1488 dictum
299 1457 369 1488 est.
393 1458 478 1488 tum
509 1464 532 1488 a
564 1450 735 1489 Calvino
768 1452 809 1487 in
841 1451 960 1488 huius
992 1457 1128 1501 partes
1160 1451 1367 1488 traductus
1399 1464 1507 1488 anno
1533 1450 1653 1487 1539.
1676 1449 1837 1500 publice

118 1520 297 1545 errorum
319 1521 481 1544 suorum
504 1508 800 1545 confessionem
822 1508 1017 1553 recitavit,
1043 1520 1259 1557 rursusque
1280 1519 1425 1543 munus
1448 1506 1615 1557 parochi
1637 1506 1689 1543 ad
1710 1506 1838 1544 aedem

117 1576 147 1600 s.
172 1563 332 1602 Nicolai
364 1564 405 1600 in
438 1563 558 1601 undis
592 1570 630 1601 et
660 1565 840 1614 magistri
873 1563 1116 1601 scholarium
1147 1564 1187 1600 111
1219 1563 1463 1600 monasterio
1495 1563 1547 1600 ad
1564 1562 1837 1600 Wilhelmitas

117 1620 313 1671 suscepit,
338 1633 416 1670 quo
440 1620 604 1657 functus
627 1625 833 1671 estusque
856 1620 908 1657 ad
929 1621 1021 1658 vitae
1044 1620 1205 1666 exitum,
1232 1619 1270 1657 d.
1295 1622 1331 1657 ⁴3.
1355 1619 1447 1656 Iun.
1467 1632 1502 1656 a.
1524 1619 1644 1656 1544.
1683 1618 1838 1668 Quanti

116 1676 307 1714 Elasmus
326 1676 513 1714 Volzium
545 1677 698 1723 fecerit,
732 1677 927 1727 imprimis
961 1690 1010 1713 ex
1041 1676 1226 1726 epistula,
1260 1689 1340 1726 qua
1372 1676 1410 1713 d.
1437 1667 1500 1713 18.
1522 1674 1631 1725 Aug.
1654 1688 1690 1712 a.
1716 1675 1836 1713 1518.

116 1732 258 1770 Militis
291 1731 511 1770 Clnistiani
543 1733 771 1784 exemplum
802 1734 946 1771 iteium
977 1730 1224 1783 adscripsit3,
1260 1738 1299 1769 et
1331 1746 1380 1770 ex
1408 1732 1543 1782 legato
1576 1731 1686 1782 quod
1716 1737 1837 1769 testa-

117 1795 252 1826 mento
291 1783 421 1826 eidem
460 1789 639 1840 leliquit,
682 1790 973 1840 cognoscimus.
1034 1789 1168 1827 Volzii
1200 1788 1251 1826 ad
1283 1789 1494 1827 Erasrnum
1533 1787 1727 1839 epistulas
1757 1793 1838 1825 ties

118 1845 247 1883 edidit
278 1844 562 1883 Burscherusfl
620 1846 675 1882 Et
705 1846 845 1884 Zasius
867 1846 1055 1883 Volzium
1089 1846 1214 1883 ‘inter
1244 1850 1389 1883 nostrae
1421 1845 1550 1882 aetatis
1582 1844 1749 1881 abbates
1780 1844 1837 1881 fa-

118 1901 195 1939 cile
235 1901 524 1940 doctissimum’
564 1901 778 1953 appellas&
840 1903 975 1940 Vitam
1012 1903 1089 1939 viri
1130 1907 1292 1940 enarrat
1323 1899 1532 1951 Baeliusss)‚
1575 1914 1747 1951 quocum
1785 1899 1836 1939 cf.

117 1956 390 1996 Burseherum
420 1958 446 1996 1.
471 1972 522 2006 6.,
562 1965 601 1997 et
632 1959 857 1997 accuratius
887 1957 1103 1996 Rsshrielff.

208 2029 240 2070 1)
260 2029 316 2062 Cf.
337 2040 448 2072 supra
464 2041 497 2071 p.
515 2030 594 2064 464.
614 2033 682 2063 art.
703 2029 869 2072 sapidus.
969 2030 1002 2070 2)
1023 2030 1069 2064 cf.
1089 2029 1232 2061 Erasini
1252 2039 1331 2071 epp,
1350 2029 1392 2061 L.
1412 2029 1451 2062 B.
1472 2029 1568 2061 1706.
1589 2027 1651 2061 fol.
1669 2027 1836 2070 Append.

208 2096 241 2120 n.
258 2095 470 2119 cccnxxxu.
565 2084 599 2127 3)
613 2086 758 2118 Erasmi
776 2096 856 2128 epp.
875 2086 928 2117 ed.
943 2086 1002 2117 cit.
1023 2096 1056 2116 n.
1072 2095 1242 2119 cecxmx.
1333 2084 1368 2126 4)
1382 2085 1647 2127 Autographor.
1664 2084 1838 2126 Spicileg.

207 2142 343 2174 XXIII.
363 2142 463 2183 Lips.
476 2143 573 2174 1796.
586 2141 633 2174 4⁰.
727 2141 761 2183 5)
776 2143 812 2174 in
828 2153 882 2184 ep.
899 2152 1004 2183 quam
1019 2153 1051 2175 v.
1066 2142 1142 2173 kal.
1157 2143 1246 2175 Dee.
1264 2152 1294 2174 a.
1308 2142 1405 2174 1518.
1426 2141 1586 2173 Hem-ico
1601 2140 1732 2172 Canali
1750 2140 1839 2172 seri-

207 2200 298 2240 psit,
317 2199 355 2229 in
372 2198 546 2240 Rieggeri
563 2198 644 2230 Zas.
664 2198 711 2231 II.
730 2209 762 2240 p.
780 2200 857 2232 418.
876 2209 908 2229 n.
928 2208 1007 2230 ch.
1099 2198 1133 2238 6)
1152 2198 1262 2240 Bagsle
1282 2198 1427 2231 chtion.
1443 2208 1476 2232 v.
1496 2198 1608 2229 Volse.
1704 2196 1736 2237 7)
1757 2197 1839 2228 Mic-

209 2254 395 2296 tlzez'lunyen
413 2257 482 2286 etc.
509 2254 650 2294 Sarassb.
672 2256 769 2288 1855.
787 2254 833 2288 8⁰.
853 2255 918 2288 III.
938 2265 970 2296 p.
990 2255 1185 2286 203...230.

119 2341 445 2381 VRATISLAVIA,
479 2335 656 2373 Ioannes
687 2335 755 2381 de,
789 2333 937 2384 (p.12''')
972 2335 1182 2373 saeculares
1212 2340 1352 2385 poetas
1384 2333 1659 2380 commendat,
1694 2332 1839 2384 „quod

121 2391 308 2429 discimus
338 2391 448 2430 bona
480 2391 699 2429 dictamina
730 2391 863 2429 facere
896 2404 944 2428 ex
976 2391 1123 2428 talibus
1154 2391 1336 2442 poetis“.
1377 2390 1538 2429 Certam
1569 2390 1734 2441 quidem
1763 2390 1839 2428 viri

119 2448 305 2486 notitiam
334 2461 417 2486 non
447 2447 597 2494 habeo,
642 2448 714 2486 sed
746 2453 815 2486 aut
846 2448 966 2485 fallor
996 2453 1065 2485 aut
1095 2449 1127 2484 is
1160 2454 1219 2485 est
1250 2448 1463 2495 „Ioannes
1493 2447 1666 2484 Borscus
1698 2447 1838 2483 vratis-

117 2504 251 2541 lauius
281 2505 410 2542 nostri
441 2505 737 2542 amantissimus
769 2505 837 2554 qui
869 2518 1000 2555 nuper
1030 2505 1072 2541 in
1104 2503 1248 2542 edibus
1279 2505 1427 2542 nostris
1457 2503 1663 2554 Episcopo
1696 2502 1838 2540 Sweri-

119 2560 239 2597 nensi
268 2566 468 2611 praesente
488 2566 529 2598 te
561 2574 676 2598 suum
700 2560 942 2610 discipulum
973 2561 1110 2606 fuisse,
1144 2573 1254 2598 nunc
1285 2566 1420 2598 autem
1440 2565 1730 2610 praeceptorem
1753 2571 1839 2595 esse

121 2615 326 2662 dieebat“,
366 2622 411 2654 ut
439 2616 565 2654 verba
601 2622 696 2654 sunt
724 2617 837 2654 Petri
874 2617 1128 2654 Ravennatis
1165 2617 1207 2653 in
1248 2617 1420 2666 epistola
1452 2615 1632 2653 Coloniae
1671 2615 1838 2652 ineunte

121 2686 228 2710 anno
254 2673 374 2710 1508.
398 2673 450 2710 ad
481 2671 697 2710 Ortvinum
724 2672 911 2711 Gratium
941 2673 1102 2723 scripta,
1135 2685 1224 2723 quae
1255 2672 1364 2710 hunc
1396 2672 1480 2709 fere
1511 2670 1722 2708 immodice
1753 2670 1837 2708 lau-

122 2729 223 2766 dans
256 2729 340 2767 eius
374 2727 660 2766 ‘Orationibus
692 2729 978 2779 quodlibeticis
1009 2728 1290 2780 periucundis’
1323 2728 1530 2779 praemissa
1562 2725 1653 2767 est¹.

211 2839 244 2879 1)
263 2839 305 2871 In
322 2838 391 2871 fine
409 2839 547 2871 habent
565 2838 748 2881 ‘Impssum
774 2839 825 2871 est
848 2840 917 2871 hoe
942 2849 1032 2881 opus
1058 2837 1209 2881 egregifi
1224 2838 1371 2872 Colonie
1395 2849 1460 2881 per
1481 2837 1669 2870 honestum
1695 2838 1813 2870 ciuem
1833 2837 1836 2878 {

209 2896 407 2928 Hem-icum
431 2895 474 2927 de
491 2894 633 2928 Nuseia.
652 2894 754 2927 Anno
772 2894 915 2929 domini.
935 2893 1244 2936 gummmefffij,
1291 2895 1511 2937 Inscriptum
1537 2897 1658 2926 autem
1683 2897 1738 2926 est
1755 2893 1839 2926 huie

210 2950 356 2991 libello,
383 2951 482 2983 foliis
499 2952 541 2984 36
559 2951 596 2982 in
613 2950 659 2982 40.
677 2952 880 2992 constanti,
905 2951 1021 2993 magis
1046 2951 1210 2983 molestae
1237 2953 1493 2993 congestaeque
1519 2951 1694 2984 doetrinae
1717 2950 1839 2992 pleno,

212 3017 320 3049 quam
337 3008 507 3049 iucundo,
527 3008 594 3039 sie:
615 3007 787 3041 Ozatwnes
805 3006 1052 3049 qzcocllizlbetiee
1069 3009 1275 3049 periucunde
1291 3006 1425 3041 Ozlwz‘m'
1439 3008 1554 3047 (r'raltjj
1574 3004 1842 3047 Daluentrienfi‘s

213 3063 348 3096 Colonz‘e
378 3065 482 3097 bonas·
513 3066 644 3095 litteras·
676 3064 836 3097 docentis.
892 3064 1035 3102 Quarum
1058 3069 1059 3105 ζ
1084 3053 1187 3105 mima
1217 3065 1328 3096 {liniue
1357 3064 1566 3106 philosophie
1596 3064 1754 3105 212600711‘a
1776 3072 1841 3103 per

173 3129 262 3151 mvr'r.
281 3130 346 3151 opp,
365 3132 466 3151 svppn.
487 3131 516 3151 n.
1528 3121 1570 3152 3⁶2
