2119 3522
219 205 291 226 EPP.
305 201 348 226 60.
362 201 404 226 61.
429 197 643 226 WERNHERVS
659 204 808 225 STOMPFF
825 204 982 227 ORTVINO.
1001 216 1042 220 ——-
1060 204 1187 226 PETRVS
1205 203 1406 225 CHARITATIS
1425 203 1583 225 ORTVINO.
1690 184 1783 228 757

70 263 155 304 Pag.
176 261 266 297 280.
1157 262 1243 302 Pag.
1259 263 1334 293 280.
1354 272 1382 292 v.
1402 269 1429 292 14
1449 286 1455 292 .
1472 286 1478 292 .
1495 286 1501 292 .
1519 261 1605 301 Pag.
1620 262 1695 292 282.
1715 269 1783 292 v.1-

69 320 111 351 32
136 315 270 349 Petrus
295 317 369 359 ete]
397 316 571 357 Quisnam
597 315 655 348 hie
674 314 804 349 Petrus
830 315 951 357 suerit,
978 327 1050 349 non
1076 315 1185 349 facilc,
1211 315 1292 359 quis
1310 314 1457 349 dixerit.
1497 314 1550 348 De
1567 314 1679 349 Petro
1698 314 1785 348 Ber-

158 372 253 405 tram
279 371 344 405 aut
366 371 477 405 Petro
502 370 654 414 Meyero
680 371 843 413 cogitare
870 371 974 405 vetat
997 371 1110 414 loeus,
1138 370 1201 404 ubi
1227 382 1283 404 res
1308 371 1441 415 agitur.

68 432 111 462 33
136 427 253 471 infra]
280 443 323 455 =
348 426 463 469 intra,
490 426 532 460 ut
555 436 664 470 saepe.

67 486 153 527 Pag.
173 484 266 521 281.
746 488 1128 491 ‘'find—7

67 544 87 572 2
114 539 220 573 istam
243 539 406 581 opinion.
425 538 469 572 de
496 538 663 583 (ir-achis]
690 539 734 573 cf.
752 551 786 582 p.
805 543 859 581 59,
879 550 919 573 11.
938 552 1005 581 sqq.

67 600 87 629 3
111 594 337 638 aliqualiter]
364 594 531 637 „etlicher
554 598 654 638 mass,
679 605 816 639 yrosser
840 598 938 638 mass,
963 598 1083 636 etwas,
1106 594 1310 638 yleiclzlieh,
1334 598 1405 628 wat
1431 596 1659 640 {selychlich‘ss
1699 595 1783 629 Die-

157 650 254 684 fenb.
274 649 430 684 Glossar.
449 649 484 684 h.
502 662 536 684 V.

111 706 155 740 in.
176 709 255 740 arie
278 706 310 740 Ῑι.
328 706 413 740 bene
436 705 570 749 tentus]
596 705 620 743 1,
640 717 669 739 0.
688 706 751 749 qui
777 706 871 740 bene
890 717 926 740 se
945 706 1065 740 tenuit
1083 706 1119 739 in
1144 707 1265 740 studio
1283 707 1490 741 litterarum
1510 707 1781 749 humaniorum,

156 762 220 796 cler
243 763 337 797 auch
360 762 402 795 in
425 762 497 796 den
519 761 797 796 humanioribus
820 762 982 796 ziemlich
1005 766 1067 806 {yzit
1093 763 1297 797 bezo-[wideri
1324 763 1379 799 ist,

65 822 86 852 4
110 829 133 851 (ι
157 818 280 862 qratia
303 818 395 861 sulm]
421 818 464 851 ut
486 829 522 861 p.
540 820 593 858 58,
612 826 653 851 15.
668 830 734 860 sqq.

65 878 85 908 5
107 873 195 916 fecit
218 873 325 907 valde
349 873 454 916 cnsp.
480 873 556 917 lat]
583 873 719 907 macrae
744 874 882 915 (redete
906 874 1037 916 daher)
1065 875 1120 908 ein
1146 885 1213 919 aar
1237 875 1385 909 lsrauscs
1417 876 1563 910 Lebein.
1613 876 1782 910 Fortasse

151 929 331 973 cogitavit
349 929 394 963 de
421 929 582 971 ‚,noto⁴‘,
608 940 681 973 quo
700 929 927 971 „Sallustius
945 929 1213 974 epigrammate
1234 930 1457 964 incessitui·“
1484 942 1542 975 ap.
1563 932 1780 973 Quintilian.

156 985 241 1019 [nst.
259 996 309 1019 or.
328 985 426 1019 VIII.
444 990 481 1027 3,
504 996 545 1019 29.

490 1044 559 1084 „Et
583 1044 693 1075 verba
718 1044 860 1085 antiqui
886 1044 1034 1076 multum
1059 1044 1173 1076 furate
1198 1044 1362 1083 Catonis,

556 1100 695 1141 Crispe,
723 1100 947 1141 Iugurthina·
973 1101 1136 1133 conditor
1160 1101 1355 1134 historia}ss

62 1159 82 1188 9
106 1154 311 1188 habuerunt
339 1182 344 1187 .
366 1182 371 1187 .
391 1181 397 1187 .
424 1155 551 1198 cassini]
578 1154 599 1188 i.
618 1165 648 1187 e.
669 1154 776 1198 epist.
795 1154 821 1188 I.
840 1158 893 1189 38.

65 1214 103 1244 14
131 1211 300 1254 interroq.
319 1222 349 1254 q.
369 1210 464 1254 e.v.]
498 1209 629 1252 „Dicit
653 1210 686 1243 ei
717 1210 875 1244 Pilatus:
911 1210 1004 1252 Quid
1038 1211 1094 1244 est
1126 1211 1286 1244 veritas?
1329 1211 1375 1245 Et
1407 1223 1489 1245 culn
1522 1212 1589 1246 hoc
1615 1212 1779 1251 dixisset,

151 1267 287 1300 iterum
313 1266 429 1301 exivit
453 1266 501 1300 ad
526 1266 667 1300 Iudaeos
692 1294 699 1300 .
719 1269 758 1300 .“
791 1266 916 1301 Ioann.
937 1280 1035 1301 xvn1.
1053 1271 1106 1301 38.

64 1327 103 1357 16
129 1334 225 1357 unus
249 1323 453 1366 suspensor]
481 1321 677 1365 Sequentis
703 1323 869 1366 epistolae
896 1323 1034 1357 auctor.

63 1383 103 1413 19
126 1390 202 1413 ‘non
226 1379 326 1413 debet
351 1406 357 1411 .
377 1406 382 1411 .
409 1378 581 1422 transt-e]
608 1389 681 1412 non
707 1378 864 1412 inultam
891 1379 986 1412 feret
1010 1379 1103 1412 hane
1130 1379 1314 1413 iniuriam.

60 1439 99 1469 21
126 1435 276 1479 aceepit]
301 1435 365 1468 hat
382 1461 389 1467 .
408 1433 470 1467 alii
498 1434 669 1478 ‘accipit’
697 1435 738 1467 ut
763 1434 819 1467 ed.
838 1437 891 1467 ⁶24.

60 1496 102 1525 23
126 1491 307 1525 avw'ieulo
332 1490 506 1533 'neate-nio]
542 1489 719 1523 Abundat
743 1489 893 1533 quidem
921 1491 1149 1525 ‘materno'z
1185 1492 1388 1525 avunculus
1414 1494 1469 1525 est
1494 1493 1621 1526 matris
1647 1494 1777 1534 fratem

149 1547 265 1591 patris
290 1546 405 1580 frater
430 1546 486 1580 est
509 1547 674 1589 patruus.
725 1545 797 1579 Sed
829 1546 1050 1580 ‘avunculus
1075 1558 1141 1590 pro
1167 1548 1300 1590 patruo
1326 1548 1533 1591 promiscue
1560 1549 1777 1592 usurpatum

148 1603 288 1648 legitur
317 1602 417 1646 apud
448 1613 533 1636 serr.
558 1601 655 1635 med.
680 1602 754 1635 aet.‘
788 1601 976 1646 Dueange.
1039 1602 1096 1636 Sic
1129 1614 1277 1647 quoque
1308 1604 1475 1637 nostrum
1507 1604 1647 1638 ‘()lim'.
1697 1604 1778 1648 Ipse

148 1658 353 1693 avunculus
383 1657 517 1692 sororis
549 1657 683 1700 filium,
715 1658 842 1692 semen
865 1658 1016 1701 Neffen,
1041 1659 1343 1702 Scliwestersolm,
1377 1660 1618 1694 ‘avunculum
1644 1662 1778 1695 mater-

148 1716 256 1749 num’
283 1714 451 1758 appellat
474 1714 511 1747 in
537 1725 612 1758 seq.
631 1725 707 1758 ep.‚
741 1715 783 1748 ut
806 1714 843 1747 in
875 1714 1062 1749 nonnullis
1088 1714 1295 1749 Germaniae
1326 1716 1495 1759 partibus
1525 1715 1603 1760 ipse
1629 1727 1673 1749 ex
1706 1716 1778 1750 fra--

147 1771 266 1805 tribus
291 1770 476 1804 sororibus
507 1771 663 1814 nepotes
688 1770 924 1805 ‘Oclmiclien’
951 1769 1133 1814 appellari
1160 1770 1297 1805 audivi.
1339 1771 1513 1806 Ceterum
1537 1772 1776 1806 ‘Oelimclien’

147 1827 208 1862 vel
232 1826 357 1861 latiori
382 1838 489 1861 sensu
514 1827 729 1871 usurpatur,
756 1827 798 1860 ut
822 1826 1132 1868 ‘Frezmdschaft’
1158 1838 1224 1871 pro
1251 1825 1419 1870 quolibet
1443 1827 1674 1872 cognationis
1700 1828 1776 1862 sive

148 1884 260 1918 etiam
286 1883 488 1917 vicinitatis
513 1883 578 1916 aut
601 1882 723 1927 gentis
748 1882 1020 1916 necessitudine
1046 1883 1253 1917 coniuncto.

57 1945 99 1975 25
118 1943 263 1984 patrem
288 1967 294 1973 .
314 1966 322 1973 .
340 1966 347 1973 .
372 1939 575 1982 nominare]
606 1938 802 1972 Modestin.
822 1937 858 1973 L.
878 1943 931 1972 23.
955 1938 997 1971 D.
1017 1938 1062 1972 (le
1089 1939 1188 1972 statu
1212 1939 1310 1974 hom.
1328 1952 1351 1974 1.
1369 1943 1399 1974 5.
1432 1939 1577 1984 „Volgo
1603 1942 1775 1984 concepti

146 1995 320 2030 dicuntur
344 1995 407 2039 qui
432 1995 578 2039 patrem
603 1994 857 2029 demonstrare
882 2005 955 2029 non
981 1996 1144 2039 possunt,
1171 1995 1231 2029 vel
1256 1996 1318 2039 qui
1344 1997 1498 2040 possunt
1522 1995 1684 2039 quidem,
1711 1997 1775 2030 sed

146 2063 231 2086 euni
260 2051 401 2085 habent
431 2062 543 2095 quem
579 2051 716 2085 hahere
753 2062 826 2085 non
859 2051 948 2085 licet
966 2081 972 2086 .
992 2051 1055 2095 qui
1087 2052 1125 2085 et
1155 2052 1270 2095 spurii
1303 2051 1541 2096 appellantur
1571 2050 1674 2096 παρὰ
1706 2051 1776 2096 τήν

147 2104 336 2151 σποράνίί.
373 2107 452 2141 Gai.
471 2107 558 2141 Inst¹
580 2107 607 2141 Ι.
625 2111 678 2141 64.
705 2134 765 2149 ‚‚..
786 2107 845 2141 vel
871 2108 975 2150 quasi
1001 2107 1078 2141 sine
1105 2108 1210 2151 patre
1237 2107 1344 2141 filii⁴‘.
1383 2107 1416 2141 S.
1436 2107 1473 2141 P.
1493 2124 1535 2136 =
1552 2107 1630 2142 sine
1656 2109 1774 2152 patre.

146 2164 200 2198 De
227 2164 383 2198 Ortvino
409 2163 534 2207 spurio
565 2164 610 2198 cf.
628 2164 741 2197 etiam
766 2175 800 2207 p.
820 2165 965 2197 25s‚sq‹1,
986 2164 1023 2197 ct
1047 2174 1121 2207 seq.
1141 2163 1246 2207 epist.
1265 2167 1317 2197 62.

55 2226 97 2255 30
120 2221 310 2264 statutum]
345 2219 435 2253 Tale
462 2219 575 2253 etiam
600 2219 681 2253 aliie
706 2219 812 2253 alin-‘e
837 2218 1099 2253 universitates
1124 2219 1322 2253 habebant.
1356 2220 1399 2253 ef.
1419 2219 1594 2253 1111ῗῖ634.
1644 2219 1683 2252 ln
1703 2221 1773 2254 sta-

143 2276 234 2311 tutis
259 2288 284 2310 s.
303 2276 372 2309 fae.
392 2275 504 2309 theol.
524 2275 649 2309 Colon.
668 2276 833 2318 (anco
859 2275 893 2309 d.
912 2286 944 2308 α.
968 2275 1036 2309 Un.
1054 2275 1168 2309 Ko'ln.
1187 2275 1214 2309 Ι.
1232 2276 1326 2319 part.
1345 2279 1375 2309 ⁶2.
1400 2287 1435 2319 p.
1454 2277 1522 2318 38.)
1549 2276 1619 2310 est:
1647 2276 1772 2317 „Item

144 2332 383 2367 attendentes
407 2331 506 2375 quod
532 2331 578 2365 ad
603 2331 740 2376 gradus
764 2331 801 2364 in
833 2330 1023 2375 theologia
1047 2331 1197 2365 Parisiis
1229 2341 1301 2364 non
1334 2331 1600 2373 admittuntur⁷
1632 2332 1700 2365 nisi
1727 2332 1772 2365 ‹le

143 2388 311 2434 legitimo
343 2387 450 2422 thoro
482 2387 668 2432 procreati
694 2388 733 2421 et
762 2398 835 2421 non
866 2387 1027 2431 turpiter
1058 2398 1211 2431 corpore
1243 2387 1381 2429 vitiati,
1414 2387 1513 2420 idem
1545 2387 1771 2421 intendimus

143 2445 180 2479 in
205 2445 275 2479 hoe
300 2444 422 2478 studio
448 2443 673 2478 observari.“
705 2442 855 2477 Statuta
879 2443 1024 2477 reform.
1044 2443 1112 2477 fae.
1130 2443 1265 2477 artium
1284 2443 1464 2477 Ubiorum
1482 2442 1663 2477 eiusmodi
1681 2455 1772 2487 prte-

143 2502 293 2545 eeptum
318 2511 391 2534 non
410 2500 561 2534 habent.

53 2563 96 2592 33
119 2558 152 2592 si
170 2567 275 2601 papa
300 2556 392 2599 disp.
409 2557 538 2600 semim]
565 2556 610 2590 ef.
628 2556 834 2590 Innocentii
852 2568 902 2589 111.
921 2566 950 2589 e.
968 2559 1017 2589 13.
1035 2567 1068 2589 x.
1086 2555 1151 2598 qui
1168 2554 1235 2588 filii
1252 2555 1326 2588 sint
1347 2554 1508 2599 legitimi
1532 2567 1579 2588 IV.
1599 2558 1649 2588 17.
1668 2555 1771 2588 euius

143 2613 296 2647 Summa
320 2613 390 2646 est:
419 2612 484 2654 „In
510 2612 617 2645 terris
642 2611 806 2645 ecelesiae
831 2622 929 2655 papa
953 2611 1079 2655 potest
1100 2610 1217 2644 libere
1242 2610 1459 2655 illegitimos
1483 2609 1706 2654 legitimare,
1733 2611 1771 2644 in

143 2668 250 2703 terris
275 2679 363 2702 vero
388 2667 517 2702 alienis
546 2678 619 2701 non
644 2667 713 2700 nisi
739 2678 784 2700 ex
816 2666 933 2700 causis
964 2667 1123 2701 multum
1149 2666 1290 2708 arduis,
1324 2666 1384 2700 vel
1408 2667 1476 2700 nisi
1508 2667 1546 2699 in
1571 2666 1771 2710 spirituali-

142 2726 210 2759 bus
228 2752 234 2758 .
253 2725 342 2758 tune
366 2725 493 2758 tamen
524 2723 704 2757 indirecte
731 2723 769 2756 et
792 2733 860 2766 per
884 2722 1070 2765 quandam
1097 2721 1401 2765 consequentiam
1433 2722 1655 2767 intelligitur
1679 2722 1769 2767 legi-

142 2780 275 2815 timare
301 2779 413 2814 etiam
440 2790 512 2823 quo
539 2778 585 2812 ad
609 2778 832 2823 temporalia
849 2806 856 2812 .
874 2778 943 2812 hoc
967 2779 1093 2812 tamen
1111 2777 1283 2811 ultimum
1302 2789 1374 2812 non
1393 2779 1449 2812 est
1465 2778 1541 2812 sine
1560 2779 1769 2823 scrupulo.“

143 2837 187 2871 ef.
206 2836 253 2870 ad
278 2837 363 2870 282³
388 2835 512 2869 adnot.

52 2898 139 2937 Pag.
159 2894 251 2930 282·

54 2954 69 2982 1
97 2959 170 2983 'non
187 2950 274 2982 esset
289 2957 341 2990 sp.
358 2948 398 2992 s.]
416 2947 542 2982 Ioann.
560 2960 610 2982 111.
629 2951 658 2982 5.
677 2974 716 2990 ‚,.
732 2975 738 2981 .
757 2947 827 2981 nisi
844 2947 926 2991 quis
950 2947 1100 2980 renatus
1117 2946 1230 2981 fuerit
1247 2957 1291 2980 ex
1309 2957 1407 2990 aqua
1424 2947 1461 2980 et
1478 2946 1609 2990 spiritu
1628 2948 1766 2989 saneto,

140 3015 214 3038 non
244 3003 369 3048 potest
398 3003 551 3038 introire
581 3003 619 3037 in
645 3014 802 3049 regnum
827 3002 929 3037 dei.“
966 3002 1090 3036 Innoe.
1108 3002 1171 3037 ΠΙ.
1196 3014 1225 3037 0.
1244 3005 1273 3036 5.
1291 3001 1334 3036 X.
1353 3001 1398 3036 de
1424 3001 1609 3046 baptismo
1627 3002 1690 3037 ΙΙΙ.
1714 3006 1768 3037 42.
