2119 3522
270 211 367 257 554
787 225 1050 249 COMMENTAmvs
1074 224 1120 246 AD
1145 225 1216 246 EPP.
1234 225 1264 246 o.
1282 225 1314 247 v.
1339 225 1416 247 von.
1433 225 1456 247 1.

268 288 673 374 Pas-ezlcmhnafium·
723 337 897 371 Sandalia
921 337 959 370 et
981 336 1156 370 dicuntur
1178 335 1384 369 subtalares
1402 361 1408 368 .
1428 362 1434 368 .
1454 361 1462 369 .
1475 338 1506 369 “.
1542 336 1580 369 et
1596 334 1753 370 Gemma
1769 348 1804 380 g.
1852 363 1872 378 ‚‚
1885 335 1974 370 San-

358 396 498 429 dalum:
525 393 676 437 quidam
698 403 842 436 pannus
865 403 938 436 quo
963 391 1049 435 equi
1080 390 1200 424 solent
1223 391 1376 435 operiri,
1404 391 1464 424 ein
1482 391 1710 434 pferdscleid
1726 392 1813 426 oder
1830 392 1973 436 clecky.“

358 450 409 485 Cf.
429 450 541 484 etiam
564 449 742 493 Ducange
766 448 833 481 art.
852 446 1037 483 Sandalia.
1085 445 1199 480 Aliud
1222 447 1445 481 vocabulum
1469 448 1525 481 est
1542 446 1713 490 ‘Antela‚
1739 447 1908 482 Antella’
1928 448 1974 482 de

357 517 428 550 quo
453 505 538 540 vide
563 504 740 549 Dueange
765 504 800 537 h.
817 515 851 537 v.

267 566 309 597 3-1
336 562 564 606 ‘organizare
590 561 612 594 i.
631 570 769 604 organo
795 560 956 601 cantare,
981 559 1154 603 oryelen’.
1187 558 1345 593 Gemma
1367 570 1402 603 g,

305 617 511 661 psalmista]
539 615 730 650 CXLVIII.
749 618 801 649 12.
1384 648 1387 649 ⁷

266 677 308 708 36
335 672 617 714 ‘inthronizare‚
650 672 689 705 in
719 671 852 705 throno
883 681 1038 715 ponere,
1071 670 1324 712 introducere,
1363 670 1492 705 eerlich
1521 671 1698 715 inleyten,
1731 671 1791 704 vel
1821 671 1859 704 in
1889 671 1974 705 sede

354 729 477 763 locare
497 757 502 762 .
521 728 644 772 potest
674 727 786 762 etiam
816 727 1003 771 pertinere
1035 726 1082 760 ad
1113 725 1303 767 mulieres,
1337 737 1420 770 quae
1450 727 1535 770 post
1564 727 1712 770 partum
1738 727 1976 761 introducun-

354 786 446 819 tur’.
495 784 651 819 Gemma
674 796 709 829 g.

303 841 542 885 processione]
568 841 611 874 ut
634 851 699 874 nos
724 840 951 882 Prooessz'on,
975 850 1113 883 pompa
1138 838 1258 873 ducta.

267 901 308 932 37
335 898 517 939 ‘braxare,
543 897 627 941 byer
651 897 825 931 bruwen’.
857 895 900 930 G.
919 907 954 940 g.

356 954 552 998 propinare
577 953 612 986 h.
630 953 654 986 1.
672 953 729 987 est
752 952 968 995 auftz'schen,
993 954 1183 986 vorsetzen.
1233 951 1284 985 Cf.
1304 962 1415 994 supra
1431 951 1478 984 ad
1497 954 1537 985 19
1546 952 1583 984 2¹.

267 1014 309 1045 38
337 1010 500 1054 ‘dapire’
532 1020 605 1043 non
636 1009 776 1043 habent
807 1007 1061 1049 vocabularia,
1099 1007 1163 1041 sed
1193 1007 1230 1040 in
1262 1006 1438 1041 Catholic.
1457 1009 1513 1041 est
1544 1007 1727 1050 „dapino‚
1765 1018 1846 1048 nas,
1878 1007 1976 1049 navi,

355 1076 454 1100 nare.
472 1066 495 1099 i.
512 1065 655 1109 largiri:
683 1065 721 1099 et
743 1064 929 1108 praecipue
952 1065 1102 1098 victum.
1146 1062 1302 1096 verbum
1327 1062 1506 1104 activum,
1534 1063 1572 1096 et
1594 1062 1729 1096 dicitur
1752 1074 1774 1096 a
1797 1062 1922 1107 dapes
1941 1063 1979 1097 et

357 1122 556 1165 corripitur
579 1121 657 1165 pi.“

312 1178 478 1221 curiales]
505 1176 749 1221 Hofyesz'mle,
778 1175 924 1220 Gefolye
949 1176 1010 1210 cles
1034 1175 1206 1210 Fz'irsten.

313 1233 528 1275 ‘choi-izare,
555 1233 684 1266 choros
708 1242 830 1276 agere,
857 1231 990 1266 saltare
1009 1258 1016 1265 .
1098 1230 1276 1275 Ducange
1293 1231 1328 1265 h.
1348 1242 1382 1265 v,
1415 1230 1708 1273 chorizaverunt,
1735 1241 1801 1265 nos
1825 1241 1886 1273 „es
1902 1242 1979 1265 war

356 1289 445 1323 Ball
470 1302 495 1323 s.
515 1292 634 1324 inmte
658 1291 781 1323 man.“

266 1349 351 1390 Pag.
372 1347 435 1382 22.

268 1406 283 1434 1
311 1402 538 1446 conspicello]
572 1401 826 1442 Selzaubzfflme,
858 1399 1136 1444 Conspiculum,
1173 1399 1344 1434 tabulata
1375 1400 1603 1441 constructa,
1636 1400 1847 1443 suggestus,
1880 1399 1977 1433 unde

355 1469 494 1502 pompa
518 1457 679 1502 conspici
704 1456 837 1502 potuit.
874 1456 958 1490 Non
983 1455 1146 1490 alienum
1164 1456 1210 1490 ab
1227 1456 1295 1490 hac
1313 1455 1525 1490 narratione
1544 1456 1599 1489 est
1616 1455 1750 1489 Libelli
1767 1455 1979 1489 formularis

355 1514 454 1548 univ.
469 1514 589 1558 Lipcz.
604 1525 683 1557 cap.
701 1517 754 1547 66.
770 1512 947 1556 (Zarncke
966 1512 999 1546 d.
1015 1511 1177 1546 deutsch.
1192 1512 1300 1546 Univ.
1318 1511 1400 1556 Lps.
1414 1515 1509 1546 1857.
1528 1515 1574 1546 8⁰.
1592 1524 1629 1556 p.
1646 1515 1721 1546 182.
1737 1512 1825 1555 sq.):
1852 1511 1977 1554 „Man-

356 1571 485 1604 datum
509 1581 555 1604 ne
581 1570 714 1613 aliquis
738 1569 939 1603 hastiludia
956 1570 1170 1603 exercentes
1187 1568 1247 1602 vel
1265 1568 1362 1602 circa
1385 1568 1619 1611 pancratium
1636 1568 1846 1612 pugnantes
1863 1568 1978 1612 impe-

356 1627 444 1660 diat.
484 1626 576 1668 Quia
593 1625 775 1660 nobilium
792 1626 1006 1666 conventus
1026 1634 1241 1668 camporum
1258 1634 1423 1668 pugnam
1441 1623 1500 1658 die
1517 1623 1615 1657 lunae
1638 1623 1809 1668 proxima
1824 1634 1978 1667 sequen-

355 1682 528 1726 tibusque
555 1682 684 1716 diebus
700 1682 805 1716 iuxta
821 1680 1054 1725 pancratium
1071 1680 1109 1713 in
1126 1680 1205 1714 foro
1224 1681 1475 1714 constructum
1493 1679 1642 1724 publice
1661 1679 1979 1714 demonstraturus

355 1739 593 1782 lusui-usque,
613 1737 766 1772 diversis
783 1737 893 1772 armis
912 1737 949 1771 et
966 1736 1210 1770 defendiculis
1227 1736 1324 1770 inter
1340 1736 1584 1781 pugnandum
1602 1736 1881 1780 ludendumque
1898 1737 1977 1770 ute·
2019 1770 2029 1773 1

355 1795 425 1837 tur,
441 1795 575 1838 quibus
587 1794 727 1828 incauti
744 1794 971 1837 spectatores
988 1792 1198 1826 huiusmodi
1214 1792 1407 1836 pancratio
1426 1792 1767 1836 appropinquantes
1784 1792 1850 1826 aut
1865 1792 1978 1826 etiam

354 1851 444 1895 ipsis
470 1850 659 1895 pugilibus
685 1850 799 1894 (sicut
828 1849 1080 1884 verisimiliter
1114 1848 1324 1883 timendum
1355 1850 1430 1892 est)
1454 1848 1539 1882 laedi
1567 1849 1744 1892 poterunt
1767 1849 1806 1882 et
1828 1847 1976 1891 offendi,

354 1907 560 1951 Eapropter
577 1906 620 1940 N.
641 1907 700 1940 &e
722 1906 858 1940 Rector
881 1905 1034 1940 Mandat
1064 1904 1233 1939 omnibus
1263 1905 1301 1939 et
1335 1904 1489 1949 singulis
1522 1904 1775 1939 universitatis
1813 1903 1978 1938 eiusdem

356 1963 577 2007 Suppositis‚
598 1962 786 2004 Quatenus
802 1962 945 1995 nullum
963 1962 1127 2005 ipsorum
1144 1961 1369 2005 praescriptis
1387 1960 1516 1994 diebus
1532 1960 1729 2005 praefatum
1745 1959 1978 2004 pancratium

354 2019 433 2052 ludi
462 2018 675 2053 huiusmodi
699 2018 892 2063 spectandi
916 2028 1026 2052 causa
1048 2017 1195 2062 ingredi
1219 2017 1280 2051 vel
1302 2016 1374 2062 ipsi
1396 2016 1506 2050 nimis
1529 2016 1828 2060 appropinquare
1852 2016 1977 2060 sicque

354 2075 543 2120 pugilibus
567 2075 655 2119 ipsis
679 2074 947 2118 impedimento
973 2084 1050 2108 esse
1076 2075 1141 2108 aut
1165 2084 1242 2108 sese
1267 2073 1407 2107 ibidem
1430 2072 1605 2117 perieulis
1630 2083 1815 2117 exponere
1835 2071 1896 2106 vel
1912 2071 1977 2106 ali-

355 2142 466 2175 quem
492 2142 535 2165 ex
560 2131 648 2175 ipsis
671 2130 886 2165 ludentibus
910 2130 1024 2164 verbo
1043 2130 1103 2164 vel
1126 2130 1225 2164 facto
1248 2129 1446 2163 molestare
1471 2139 1535 2163 seu
1559 2128 1747 2163 offendere
1777 2129 1977 2172 praesumat

356 2187 430 2221 Sub
460 2188 568 2221 unius
599 2186 729 2221 floreni
751 2197 874 2231 poena
896 2186 1131 2220 universitati
1152 2185 1456 2220 irremissibiliter
1485 2184 1731 2229 persolvenda
1757 2195 1902 2219 necnon
1924 2184 1977 2218 in-

356 2243 615 2278 carcerationis
644 2254 711 2287 per
734 2243 971 2278 circulatores
993 2242 1040 2276 ad
1062 2242 1131 2277 hoc
1154 2242 1352 2286 deputatos
1382 2241 1543 2276 fideliter
1566 2241 1793 2285 exequenda.
1840 2240 1978 2275 Datum

354 2298 572 2333 Rectoratus
598 2300 685 2334 &c.“

555 2388 789 2423 EPISTOLA
818 2391 878 2426 14.
918 2387 1130 2423 IOANNES
1155 2386 1430 2422 KRABACIVS
1457 2386 1686 2422 ORTVINO.

312 2468 399 2509 Quae
426 2467 555 2502 Crotus
579 2467 618 2501 in
641 2467 710 2501 hac
736 2478 793 2512 ep.
812 2466 1036 2501 Krabacium
1059 2477 1211 2500 narrare
1236 2466 1335 2507 facit,
1362 2477 1407 2500 ex
1431 2466 1511 2510 ipso
1529 2465 1695 2500 Hutteno
1721 2477 1805 2499 eum
1831 2465 1976 2500 audisse

355 2524 462 2567 puto,
488 2523 587 2567 quod
611 2523 729 2568 magis
753 2523 906 2568 tegendi
931 2534 1041 2557 causa
1067 2526 1129 2557 ‘ex
1146 2522 1408 2566 Nurenberga'
1436 2521 1612 2566 scriptam
1636 2521 1745 2566 fingit
1770 2521 1977 2565 epistolam.

266 2583 285 2613 9
310 2590 446 2622 semper
463 2606 470 2614 .
489 2607 495 2612 .
516 2609 522 2615 .
541 2581 672 2624 essem]
700 2579 753 2615 Of.
771 2580 872 2614 Croti
896 2579 941 2613 ad
967 2579 1074 2615 Hutt.
1093 2590 1150 2623 ep.
1168 2578 1207 2612 in
1234 2577 1329 2622 Opp.
1348 2578 1375 2614 Ι.
1393 2585 1443 2612 n0.
1461 2590 1537 2614 vm.
1565 2579 1603 2612 et
1633 2577 1790 2612 Hutteni
1821 2577 1868 2612 ad
1893 2577 1976 2612 Cro-

355 2636 435 2669 tum
460 2635 629 2680 praefatio
654 2635 834 2678 Nemnis,
862 2635 955 2680 Opp.
974 2635 1000 2669 I.
1018 2647 1053 2669 n.
1072 2647 1232 2672 Lxxxnn.

268 2695 306 2724 11
333 2691 533 2735 Heclcmcm]
560 2692 604 2729 of,
622 2691 700 2726 Ind.
718 2692 836 2737 biogr.
850 2704 885 2736 p.
900 2695 975 2726 388.
993 2691 1028 2726 h.
1047 2692 1116 2728 art.

270 2751 308 2780 1⁶2
333 2748 399 2791 ibi]
426 2749 468 2781 ut
493 2759 537 2781 ex
562 2759 640 2791 sqq.
657 2749 778 2791 patet,
805 2748 1053 2790 Vindobonae‚
1080 2747 1234 2782 Viennae
1266 2747 1436 2781 Austriae.
1484 2746 1653 2781 Exeunte
1678 2757 1710 2781 a.
1731 2750 1826 2781 1511.
1844 2746 1976 2780 Hutte-

356 2814 423 2836 nus
440 2803 536 2837 facto
553 2814 621 2847 per
632 2803 837 2838 Moraviam
854 2803 1112 2838 molestissimo
1130 2804 1263 2838 itinere
1277 2803 1538 2838 Vindobonam
1552 2803 1590 2837 in
1605 2802 1765 2838 Vadiani
1782 2802 1976 2837 contuber-

356 2858 459 2891 nium
483 2858 596 2892 venit.
627 2860 671 2893 cf.
688 2859 793 2894 Hutt.
811 2871 896 2904 opp.
911 2860 938 2893 Ι.
956 2872 992 2905 p.
1009 2864 1061 2896 22.
1080 2872 1132 2904 sq.

271 2918 310 2948 13
335 2924 411 2957 ary.
428 2915 470 2947 in
494 2915 555 2947 via
578 2914 693 2959 Scoti]
720 2915 888 2958 Scotista,
914 2915 1074 2957 realista‚
1101 2916 1147 2950 de
1172 2916 1233 2950 via
1258 2916 1505 2960 antiquorum.
1547 2915 1720 2951 Ceterum
1744 2914 1975 2949 Vindobonae

358 2970 468 3003 antea
494 2970 748 3013 ‘possidebant
768 2971 953 3016 integram
976 2971 1294 3014 universitatem’‚
1320 2973 1349 3006 si
1366 2972 1539 3006 Manuale
1563 2971 1784 3006 scholarium
1803 2968 1920 3013 (cirea
1943 2980 1973 3002 a.

359 3027 470 3069 1480.)
488 3025 666 3072 scriptum
683 3027 863 3069 audimus,
882 3027 982 3072 quod
999 3038 1078 3073 cap.
1095 3027 1175 3062 IIII.
1193 3028 1377 3072 (Zarncke
1395 3027 1454 3063 ed.
1471 3027 1568 3072 Lips.
1587 3030 1682 3061 1857.
1699 3038 1735 3070 p.
1756 3026 1824 3070 13.)
1841 3025 1971 3060 habet:
