2119 3522
252 223 348 267 544
769 234 1033 257 COMMENTARIVS
1058 233 1102 254 AD
1129 232 1199 255 EPP.
1218 233 1248 254 O.
1266 232 1298 254 V.
1324 232 1402 255 VOL.
1420 232 1442 254 1.

251 298 301 329 Pa
331 321 338 328 .
361 297 421 332 17.

304 309 326 339 g
342 349 453 389 dona,
480 357 648 388 nummos
666 345 893 385 conicerent,
919 344 1040 387 posui,
1070 344 1113 377 ut
1128 353 1193 377 nos
1211 342 1382 385 dicimus,
1409 343 1488 376 cine
1507 342 1657 377 Colleete
1673 344 1861 388 autleqen,
1893 344 1960 378 col-

341 404 515 438 lectieoeu.
570 400 768 442 ί001106οε1,
794 400 853 433 ein
877 399 993 443 yebet;
1018 399 1130 432 etiam
1154 399 1211 432 est
1232 398 1375 432 exactio
1399 397 1530 434 cleri“.
1570 397 1726 433 Gemma
1749 410 1783 443 g.
1816 398 1868 433 Cf.
1885 398 1959 431 Du-

342 469 457 503 cange
483 458 550 491 art.
571 456 744 497 Conecta,
772 455 987 496 Collectare⁷
1015 453 1261 495 Collectisare,
1288 452 1513 487 Collectores
1538 454 1576 487 et
1598 465 1633 497 q,
1652 465 1678 490 s,

251 520 270 549 3
295 514 416 557 missa]
442 513 550 556 Messe
582 514 668 555 (non
700 512 742 545 ut
771 510 885 555 vulgo
916 510 972 552 fit⁷
1006 521 1027 543 a
1050 509 1252 551 mittendo,
1285 508 1349 543 sed
1379 520 1402 543 a
1426 508 1547 543 Germ.
1567 509 1704 552 Mette).
1750 509 1960 543 Absurdum

343 568 538 603 artificium
557 566 845 611 etymologicum
861 567 916 600 est
927 565 1214 599 Manecultellus
1228 564 1488 608 me-Messer.
1504 565 1561 608 (cf.
1579 564 1649 599 vol.
1660 564 1721 599 VI.
1736 569 1855 609 p.53·2.
1869 566 1960 608 not.)

252 631 271 659 5
297 626 346 659 ad
370 628 497 659 metam
522 623 664 666 redargp
684 623 823 666 ducere]
856 622 990 656 Utrum
1023 622 1068 655 ab
1095 620 1249 655 Ortvino
1281 631 1327 654 an
1359 621 1404 654 ab
1429 620 1593 655 Arnoldo
1625 620 1670 655 de
1695 620 1853 665 Tungris
1882 621 1961 654 haec

339 680 481 724 phrasis
506 679 694 713 latinisata
718 679 774 720 sit,
800 689 897 711 nunc
921 688 994 711 non
1020 677 1176 719 inquiro.

291 734 618 780 prcesumptuosus]
651 746 676 768 s.
696 733 997 777 preesumptiosus
1034 732 1108 766 iam
1141 731 1240 775 apud
1271 732 1398 765 ferreae
1424 731 1621 766 latinitatis
1644 731 1747 766 ICtos
1773 732 1811 765 et
1833 732 1962 775 poetas

340 803 406 836 pro
432 791 571 833 audaX,
604 800 796 834 arrogans,
829 789 898 822 sibi
929 788 1018 832 quid
1050 799 1197 822 sumens
1226 787 1287 822 vel
1318 798 1498 831 usurpans
1522 787 1598 821 sive
1623 788 1701 821 iure
1729 788 1804 821 sive
1828 787 1964 821 iniuria

341 848 405 882 fiat
422 847 566 882 ratione
584 846 688 880 nulla
705 845 842 887 habita,
861 845 1021 889 ponitur.
1059 856 1095 888 p.
1110 845 1182 878 49¹.
1200 845 1494 887 przesuinptuosa
1511 843 1693 887 superbia.
1710 855 1746 887 p.
1765 847 1806 878 18
1814 844 1851 877 ³³.
1870 854 1961 887 prae—

343 903 548 948 sumptuosi
573 902 780 936 trufatores.
835 899 1137 944 Praesumptionis
1162 899 1382 943 significatio
1414 910 1560 944 semper
1594 899 1632 933 in
1657 899 1794 933 malam
1817 899 1962 943 partem

345 960 500 995 crevisse
526 958 685 992 videtur.

254 1021 273 1051 8
293 1017 558 1060 propositiones
584 1042 589 1047 .
610 1041 616 1048 .
637 1041 642 1047 .
670 1014 830 1056 azmssum]
862 1012 920 1046 Ita
944 1011 1049 1055 quasi
1073 1013 1161 1045 artis
1186 1012 1368 1046 vocabula
1392 1012 1528 1053 essent,
1559 1011 1744 1045 haereticae
1769 1011 1963 1055 pravitatis

341 1072 578 1115 inquisitores
608 1081 680 1104 non
712 1069 827 1103 solum
852 1067 1138 1102 Reuchlinianas
1171 1067 1389 1108 sententias,
1422 1066 1487 1100 sed
1517 1066 1681 1110 priorum
1713 1077 1754 1100 ac
1785 1067 1962 1110 posterio-

341 1139 422 1161 rum
449 1127 577 1168 etiam,
604 1126 641 1158 in
663 1136 753 1168 quas
777 1123 1039 1167 inquirendum
1057 1123 1266 1164 videbatur,
1293 1122 1545 1166 appellabant.
1587 1121 1734 1156 Centies
1759 1122 1901 1166 phrasis
1926 1123 1962 1155 in

342 1182 478 1217 libellis
504 1179 865 1216 antireuchlinisticis
890 1179 1055 1215 recurrit,

254 1245 273 1274 9
293 1238 462 1282 probarit
487 1238 508 1271 l.
528 1237 603 1280 Pfi]
630 1238 666 1270 in
691 1235 819 1269 libello
837 1235 1094 1279 Brmztspieycl
1120 1234 1212 1277 (hid.
1230 1245 1314 1268 scrr.
1332 1246 1366 1277 p.
1386 1237 1437 1271 79,
1456 1245 1508 1277 sq.
1527 1245 1562 1267 n.
1582 1235 1658 1277 xix.)
1675 1245 1759 1278 pag.
1777 1235 1856 1278 §xij
1869 1235 1894 1268 b.
1913 1234 1962 1268 le—

343 1295 458 1339 gitur:
491 1320 529 1335 „.
550 1320 555 1326 .
581 1293 673 1327 Nmz
704 1293 794 1325 than
825 1291 882 1325 ich
912 1291 1009 1325 allen
1039 1291 1214 1332 frommen
1238 1291 1370 1324 eristen
1393 1290 1484 1324 kzmt
1507 1289 1556 1324 υἷι
1579 1290 1745 1334 beclayen
1767 1290 1860 1324 mich
1884 1291 1964 1324 obeo⁴

343 1361 458 1395 cymen
473 1349 727 1384 szmclerlichcn
746 1347 882 1381 Doceor
898 1350 947 1390 νβ
963 1347 1177 1381 eristlichem
1193 1350 1286 1380 stam
1303 1347 1463 1390 yeboren,
1489 1347 1550 1380 (les
1566 1346 1624 1380 ich
1639 1357 1756 1390 meyn,
1781 1346 1965 1380 Iohannes

342 1406 546 1449 Raichleyn
570 1408 703 1449 yemmt
729 1405 820 1438 leret·
838 1403 902 1437 ‹le›-
922 1403 1121 1437 ‘zceltlz'ehen
1138 1403 1279 1437 rechten
1298 1402 1361 1436 cler
1384 1402 1458 1436 sich
1482 1402 1618 1436 sunder
1633 1405 1729 1444 nott,
1758 1402 1965 1436 vermeslich

342 1473 389 1496 οη
414 1462 484 1496 alle
500 1461 626 1495 vrsach
642 1459 858 1494 vna-echtlsz'ch
877 1459 951 1492 1⁷2ch
967 1458 1261 1501 vnwarhafftz'ch,
1286 1457 1334 1492 υἷι
1347 1458 1459 1492 allein
1475 1461 1524 1500 νβ
1542 1468 1704 1502 eyqenem
1722 1458 1896 1492 vom-mett
1914 1469 1965 1491 er-

342 1518 456 1552 haben
481 1517 544 1551 hat
567 1517 615 1550 υἷι
637 1516 788 1550 nemlich
813 1515 872 1548 ein
889 1517 1089 1558 rvveqeyrmzc
1113 1514 1463 1557 selt'121eelcpueclclyn
1480 1513 1527 1547 ‘wic
1550 1514 1819 1556 lasterselm'fft,
1844 1514 1911 1548 das
1929 1525 1965 1547 er

344 1573 596 1618 auqenspz'eycl
620 1575 719 1612 nent,
745 1582 853 1614 yeyeu
878 1570 925 1603 νὴ
941 1570 1056 1604 πράω-
1073 1570 1165 1604 mich
1184 1569 1322 1603 erdicht
1339 1570 1404 1603 mit
1421 1570 1569 1603 solonem
1587 1569 1740 1613 beyrieff.
1772 1569 1831 1602 die
1845 1569 1964 1612 Judeu

343 1629 417 1662 mid
441 1640 505 1673 yre
528 1628 662 1670 falsche
681 1627 836 1670 puecher
861 1630 915 1659 teo
932 1627 1142 1660 beschoeuen
1159 1626 1233 1659 vml
1250 1626 1343 1659 mich
1360 1629 1414 1658 tzo
1431 1629 1642 1668 vcrspotten.
1684 1625 1759 1658 Dte
1774 1625 1893 1667 judea
1911 1628 1964 1659 tzo

344 1685 518 1719 ‘cerheueu
544 1684 617 1717 rml
641 1683 735 1716 mich
760 1686 812 1716 tao
837 1682 1133 1716 vuterdruclceow
1159 1693 1192 1715 u.
1211 1693 1236 1715 s.
1254 1692 1294 1715 w.

257 1746 297 1775 10
323 1741 355 1774 T
354 1741 532 1784 unycwms]
559 1739 753 1773 Dedicatio
770 1738 889 1772 libelli
906 1738 943 1771 in
961 1737 1038 1771 Iud.
1059 1749 1143 1771 serr.
1162 1749 1196 1781 p.
1215 1741 1267 1771 78.
1286 1749 1308 1770 n
1339 1750 1385 1770 xx.
1404 1737 1579 1781 descripti
1606 1737 1653 1771 ad
1669 1736 1964 1770 Maximilianum

345 1796 525 1830 Caesarem
550 1796 627 1829 haee
654 1796 723 1829 est:
1548 1826 1551 1827 γ
1628 1785 1632 1788 ’

345 1859 376 1899 q
390 1852 447 1884 Ad
465 1852 727 1886 serenissimum
745 1850 1097 1893 inuictissimumque
1116 1849 1376 1883 rhomanoruin
1394 1850 1656 1893 imperatorem
1670 1848 1963 1883 Maximilianum

344 1911 487 1952 semper
501 1907 707 1952 Augustum
726 1908 794 1940 etc.
827 1906 981 1939 Arnoldi
1006 1906 1050 1939 de
1069 1905 1232 1949 Tungeri
1248 1905 1397 1938 humilis
1414 1905 1602 1950 theologie
1627 1905 1836 1949 professoris
1854 1931 1861 1938 .
1879 1916 1964 1949 ope—

344 1964 393 1998 ris
419 1963 670 2006 subsequentis
696 1963 842 1996 dicatio.

345 2022 464 2062 Quum
483 2030 576 2053 anno
597 2019 772 2063 superiori
788 2018 1032 2052 Inuictissime
1056 2019 1156 2051 cesar
1172 2019 1254 2061 post
1277 2019 1416 2051 motam
1435 2018 1663 2061 questionem
1687 2028 1753 2061 per
1769 2018 1873 2051 tuam
1889 2027 1964 2051 ma-

344 2077 513 2110 iestatem
539 2078 645 2119 super
667 2075 770 2108 libris
793 2074 912 2108 iudeis
936 2073 1146 2107 auferendis
1165 2100 1171 2107 .
1191 2073 1339 2107 libellus
1362 2073 1513 2117 quidam
1537 2073 1574 2106 in
1597 2073 1719 2107 lucem
1743 2072 1936 2117 prodiisset
1955 2100 1962 2107 .

346 2133 409 2166 sub
436 2133 584 2166 nominc
610 2131 746 2175 speculi
771 2130 927 2164 ocularis
950 2140 1017 2173 per
1040 2129 1279 2173 spectabilem
1302 2130 1423 2163 virum
1441 2129 1617 2163 Ioannem
1634 2129 1816 2163 Reuchlin
1838 2129 1964 2174 legum

346 2188 534 2222 doctorem
552 2188 593 2220 rt
610 2187 802 2221 dicebatur
820 2186 940 2220 editus
959 2213 964 2218 .
984 2185 1120 2219 iudaici
1138 2185 1271 2219 {axoris
1289 2185 1420 2229 plenus
1437 2212 1444 2218 .
1464 2186 1541 2219 eius
1559 2196 1705 2228 quoque
1731 2185 1889 2219 lectione
1912 2184 1964 2218 di—

346 2245 516 2277 cerentur
538 2243 687 2287 plurimi
713 2242 962 2276 scandalisari.
979 2253 1021 2275 eo
1045 2241 1144 2284 quod
1168 2241 1368 2274 vernacula
1389 2241 1518 2285 lingua
1540 2241 1734 2285 impressus
1756 2242 1888 2285 passim
1918 2242 1964 2275 ab

347 2299 514 2333 omnibus
537 2299 906 2342 legeretur-eousque
925 2298 965 2331 vt
983 2297 1095 2330 etiam
1112 2296 1212 2330 iudei
1230 2297 1298 2340 ipsi
1315 2297 1563 2341 gloriarentur
1579 2297 1681 2341 quasi
1699 2307 1742 2330 ex
1761 2297 1965 2331 christianis

346 2354 443 2388 hunc
468 2354 518 2387 eis
544 2354 664 2387 virum
689 2364 707 2386 a
732 2353 800 2386 deo
826 2353 1034 2386 suscitatum
1059 2352 1121 2395 qui
1139 2352 1176 2385 in
1194 2353 1343 2396 negotio
1364 2355 1507 2386 suorum
1524 2353 1702 2386 librorum
1722 2362 1782 2385 eos
1800 2354 1928 2387 contra
1944 2364 1965 2386 a

346 2413 411 2444 tua
427 2410 616 2444 maiestate
631 2410 687 2451 (ut
703 2409 771 2452 ipsi
789 2408 906 2451 aiunt)
920 2409 1244 2451 persequutionem
1262 2409 1400 2441 motam
1416 2408 1631 2442 defensaret.
1657 2407 1964 2442 Animadverten-

346 2468 400 2500 tes
418 2467 485 2500 hoc
504 2465 668 2509 magistri
685 2464 871 2498 facultatis
889 2467 985 2498 sacre
1004 2463 1191 2507 theologie
1210 2463 1457 2497 vniversitatis
1472 2463 1581 2508 studij
1596 2463 1709 2497 nostri
1725 2462 1964 2497 Coloniensis.

348 2521 467 2555 fidelis
491 2522 546 2556 tui
570 2520 716 2565 imperij
743 2520 817 2554 filie
844 2547 850 2554 .
869 2519 915 2553 ad
941 2529 1051 2562 quam
1069 2518 1188 2553 dictus
1211 2519 1357 2553 libellus
1380 2519 1518 2553 relatus
1540 2519 1612 2553 fuit
1629 2550 1635 2556 ,
1653 2519 1769 2563 probe
1787 2519 1965 2554 callentes

346 2578 463 2622 initijs
486 2577 668 2611 malorum
690 2576 909 2610 obstandum
934 2577 1005 2609 csse
1025 2602 1031 2608 .
1051 2574 1210 2608 eundem
1234 2575 1402 2608 libellum
1421 2575 1621 2620 diligenter
1644 2574 1873 2609 lustrandum
1897 2577 1965 2610 sus-

349 2635 529 2678 ceperunt
545 2662 552 2669 .
572 2635 754 2677 quatenus
787 2633 812 2666 si
838 2632 959 2666 errata
982 2631 1020 2663 in
1039 2641 1081 2665 eo
1100 2632 1164 2664 aut
1180 2631 1276 2665 male
1302 2632 1470 2665 sonantes
1487 2630 1634 2664 articuli
1651 2631 1944 2674 comperii-entur
1957 2659 1964 2665 .

346 2690 413 2732 ipsi
438 2689 483 2723 de
505 2689 699 2723 schandalo
716 2688 882 2722 tollendo
905 2698 971 2731 pro
999 2687 1068 2721 suis
1094 2687 1232 2721 viribus
1258 2688 1295 2721 et
1318 2687 1498 2730 quantum
1521 2697 1587 2730 pro
1613 2686 1700 2720 fidei
1722 2686 1801 2721 zelo
1826 2689 1889 2721 sua
1911 2687 1965 2720 in-

347 2746 497 2779 teresset
520 2746 750 2779 eniterentur
768 2771 774 2777 .
792 2745 834 2777 vt
857 2744 977 2778 virum
1001 2743 1106 2777 illum
1130 2744 1318 2777 auctorem
1346 2742 1464 2776 libelli
1489 2743 1535 2776 ad
1559 2742 1645 2776 fidei
1670 2742 1838 2786 regulam
1862 2743 1888 2776 si
1910 2744 1964 2776 us-

347 2801 447 2843 piam
465 2801 643 2834 deviasset
658 2800 890 2834 reducerent.
938 2799 1044 2841 Quod
1061 2811 1176 2843 quum
1194 2799 1396 2833 effecissent
1415 2825 1421 2831 .
1440 2798 1605 2841 mihique
1629 2797 1861 2832 mandassent
1877 2809 1964 2842 qua-

348 2857 454 2889 tenus
480 2867 548 2899 ego
574 2867 654 2899 quae
678 2857 843 2899 suspecta
864 2856 1088 2890 videbantur
1104 2855 1359 2899 recolligerem
1378 2881 1384 2887 .
1402 2854 1470 2897 ipsi
1492 2865 1560 2897 per
1581 2854 1772 2897 proprium
1788 2854 1963 2888 nuncium

349 2912 536 2944 auctorem
561 2912 620 2954 pie
645 2922 686 2945 ac
704 2912 923 2945 charitatiue
947 2912 1171 2945 monuerunt
1188 2937 1195 2944 .
1213 2912 1395 2954 quatenus
1418 2909 1588 2944 libellum
1613 2909 1658 2943 de
1676 2909 1799 2944 medio
1815 2909 1966 2944 tolleret

349 2977 390 3000 ac
414 2966 628 3009 prohiberet
652 2969 831 3010 quantum
856 2967 935 3001 fieri
959 2968 1079 3010 posset
1102 2967 1143 3000 vt
1165 2966 1323 3010 amplius
1346 2965 1439 2999 nulli
1456 2965 1689 2999 venderetur.
1736 2965 1815 3008 Ipse
1839 2965 1963 2999 autem

350 3032 415 3064 pro
442 3024 501 3055 suo
526 3022 664 3056 honore
689 3022 844 3056 tutando
863 3024 919 3064 (vt
935 3022 1110 3065 creditur)
1127 3022 1246 3065 magis
1263 3033 1374 3065 quam
1394 3021 1560 3054 tollendo
1579 3019 1772 3054 schandalo
1793 3020 1963 3054 sollicitus
