2119 3522
299 175 393 221 680
815 186 1080 210 COMMENTARIVS
1103 185 1150 208 AD
1174 186 1246 207 EPP.
1265 186 1296 208 o.
1313 186 1347 208 v.
1371 185 1447 208 von.
1465 186 1503 208 11.

296 252 384 293 Pag.
405 248 495 285 208.

298 308 338 338 16
364 303 525 346 collibus]
550 300 633 334 vult
658 298 810 340 ‘collis'.

297 363 338 394 18
361 359 394 392 si
418 360 502 392 esset
526 357 631 399 imp„
660 356 737 398 ipse
760 354 839 388 vell.
856 355 966 398 susp]
991 354 1013 387 i.
1033 364 1063 387 e.
1080 353 1178 397 ipse,
1211 353 1241 386 si
1264 353 1468 397 imperator
1493 353 1605 393 esset,
1639 352 1901 396 suspenderet,
1935 363 2011 386 3113-

383 412 498 457 pendi
521 411 677 445 iuberet.
724 409 828 443 Hanc
854 409 899 443 de
925 408 1120 443 curtisanis
1145 408 1336 452 querelam
1358 407 1546 442 Huttenus
1569 408 1699 452 postea
1723 409 1760 442 et
1785 407 2013 442 orationibus

386 469 424 502 et
447 466 681 508 carminibus,
707 465 866 499 maxime
893 463 1134 505 Germanicis,
1161 463 1294 508 saepius
1318 463 1489 498 similiter
1512 463 1675 507 repetiit.

295 529 337 559 22
356 523 530 567 peribunt
547 522 642 556 sieut
664 521 712 565 χλ]
738 520 871 554 Psalm.
890 531 1052 554 xxxmm.
1072 524 1101 554 5.
1128 518 1261 561 „Fiant
1278 519 1458 562 tanquam
1474 519 1597 563 pulvis
1615 519 1700 553 ante
1718 518 1853 552 faciem
1871 517 2011 551 venti“.

297 585 338 615 23
362 579 532 622 montem]
565 578 752 619 Bremwr,
788 576 954 610 montem
985 574 1167 609 Raeticum
1202 574 1300 608 inter
1325 573 1573 618 Oenipontem
1610 573 1848 617 Brixiamque
1883 572 2011 616 (Bres-

387 637 549 677 samone).

296 695 339 725 24
363 691 511 735 transit]
538 688 740 723 adscendit.
765 688 817 722 bis
840 688 969 721 mitten
993 698 1043 720 an
1067 686 1137 720 den
1160 686 1321 720 Himmel
1346 685 1553 730 hinanyeht.

297 751 339 781 ‘26
363 746 476 790 stufa]
502 755 576 779 non
601 744 775 778 conclave
795 743 933 787 (Stube)
959 742 1023 777 sed
1049 742 1270 783 aestuarium,
1290 741 1490 783 fornacula,
1516 741 1701 782 stoeveken,
1717 740 1894 782 stu'fchen,
1917 741 2013 774 stub—

387 802 482 836 chen.
521 799 757 843 „Estuarium
782 799 819 843 (i.
837 810 867 833 e.
885 798 994 839 stufa,
1020 798 1138 839 stuba,
1164 798 1287 842 stupa)
1311 797 1462 839 turnitz,
1487 797 1592 839 stobe,
1616 800 1715 831 stava
1731 823 1739 830 .
1757 797 1818 831 ein
1840 799 1935 831 stove
1958 796 2014 830 vol

386 857 587 902 hyezcleffl.
619 855 789 890 Diefenb.
808 854 964 889 Glossar.
982 854 1017 889 h.
1035 865 1069 887 v.

300 917 343 947 27
362 913 566 958 pellicium]
593 912 637 946 cf.
656 912 703 945 ad
729 914 801 946 705.
819 914 896 945 201.
915 923 944 943 V.
960 920 1018 943 111.

345 969 509 1013 queritis]
535 967 744 1012 querimini.

343 1025 570 1069 friyiditate]
601 1023 726 1068 lepide
760 1033 826 1067 pro
856 1021 994 1066 frigore
1014 1020 1244 1065 ‚frigiditate
1280 1031 1355 1055 non
1390 1020 1588 1055 laborabat
1618 1020 1656 1053 in
1693 1019 1846 1053 ancillas
1883 1019 2015 1053 ardens

390 1080 518 1115 socius.

299 1141 342 1172 30
368 1136 579 1180 infrigidat]
607 1134 665 1169 Sic
688 1134 764 1168 iam
788 1144 861 1167 non
885 1133 974 1167 boni
998 1132 1121 1166 Latini
1145 1143 1212 1176 pro
1240 1131 1486 1176 ‘refrigera-ff.

299 1196 341 1226 32
366 1192 544 1234 fcmmlum
570 1191 679 1234 110311]
705 1201 853 1223 servum
878 1188 1140 1229 domesticum,
1166 1187 1421 1229 Hazcsknecht,
1446 1187 1669 1230 Aufwc‘irter.
1708 1180 1712 1187 ’

300 1253 342 1282 33
365 1258 440 1281 ozon
463 1247 631 1281 habemus
654 1246 754 1290 aliq]
780 1245 895 1279 haben
920 1244 988 1278 ‘wir
1012 1244 1141 1286 nichts,
1165 1244 1265 1278 nicht
1290 1247 1397 1278 etwas
1420 1243 1484 1285 fiir
1503 1246 1557 1278 ..‘?
1584 1242 1705 1277 adduc
1730 1243 1910 1276 scortum!

343 1304 504 1348 yenibzcs]
532 1303 553 1336 i.
573 1314 602 1336 e.
621 1301 830 1335 feminibus.

345 1360 507 1403 dandus]
536 1357 720 1391 ‘Dactilus
744 1357 767 1391 i.
786 1367 921 1398 erreus,
946 1356 1085 1397 mento,
1111 1356 1320 1389 membrum
1345 1355 1463 1397 virile,
1489 1358 1592 1398 zerss,
1616 1354 1770 1398 zumpff,
1795 1355 1907 1398 eysel,
1931 1355 2019 1397 fisel.

390 1414 580 1458 Dactylus,
607 1413 787 1453 dact-ulus,
810 1439 816 1445 .
832 1439 840 1446 .
860 1411 1036 1452 dattulus,
1059 1438 1064 1445 .
1082 1438 1088 1444 .
1109 1411 1267 1452 datulus,
1288 1411 1428 1445 (latteln
1447 1438 1454 1445 .
1470 1438 1476 1444 .
1493 1416 1542 1444 .“.
1567 1411 1738 1445 Diefenb.
1756 1410 1914 1445 Glossar.
1932 1410 1966 1445 h.
1984 1422 2017 1444 v.

303 1476 345 1506 34
370 1471 493 1505 ‘vellem
513 1498 520 1505 .
535 1497 541 1503 .
558 1498 564 1504 .
580 1497 587 1504 .
602 1469 755 1513 percat]
782 1479 929 1512 possem
955 1478 997 1501 eo
1022 1478 1135 1501 nuces
1160 1466 1328 1508 tundere,
1354 1468 1538 1512 frangere.

302 1532 344 1562 35
369 1527 419 1561 ad
446 1527 478 1560 T
479 1527 561 1570 rich]
588 1524 820 1566 Tridentum,
848 1524 989 1565 Trient,
1016 1523 1159 1557 Trento.

301 1586 387 1627 Pag.
405 1584 496 1621 209.

304 1643 319 1672 1
341 1638 504 1683 purgari
528 1638 639 1681 renes]
666 1637 710 1671 cf.
728 1636 775 1670 ad
803 1639 875 1670 14&

302 1699 321 1728 2
345 1695 483 1739 9611103]
510 1693 733 1737 Krieyscolk.
767 1692 810 1726 cf.
835 1691 881 1725 ad
909 1692 1016 1726 19730.
1065 1691 1162 1724 Male
1196 1690 1344 1725 cessisse
1376 1690 1631 1724 Maximiliano
1657 1690 1683 1724 Ι.
1708 1690 1803 1724 hanc
1837 1690 2020 1735 ‘captiva-

393 1750 532 1783 tionem
558 1749 742 1783 Venetiae'
770 1748 923 1783 constat.
943 1746 1120 1791 quicquid
1145 1746 1340 1781 cecinisset
1363 1746 1551 1781 Huttenus
1576 1746 1808 1791 (epigramm.
1829 1748 1907 1781 18b.
1927 1746 2020 1790 Opp.

395 1806 458 1839 III.
476 1817 511 1849 p.
530 1807 638 1847 2153:

661 1864 845 1903 Pugnaces
870 1861 1033 1893 revolant
1058 1860 1213 1902 Aquilae3
1238 1861 1313 1892 vidi
1337 1861 1412 1902 ipse
1435 1860 1612 1900 volantes,

708 1919 755 1950 Et
782 1921 858 1950 tota
883 1917 1047 1949 horribili
1073 1927 1236 1959 spargere
1262 1917 1305 1949 ab
1330 1917 1419 1958 Alpe
1445 1917 1570 1949 minas.

662 1975 755 2014 Quid
780 1974 934 2015 gemitis,
959 1974 1102 2013 Veneti,
1129 1973 1293 2004 tandem?
1319 1974 1414 2015 quid,
1440 1972 1550 2011 Galle,
1577 1973 1775 2004 tremiscis?

707 2031 795 2062 Haee
820 2040 885 2071 ego
910 2040 983 2061 non
1008 2030 1081 2060 dixi
1107 2039 1202 2070 saepe
1226 2029 1348 2061 futura
1372 2029 1494 2071 prius?

393 2087 475 2120 Non
510 2097 599 2119 vera
630 2084 823 2129 praedixit:
857 2083 1133 2117 Maximilianus
1157 2093 1180 2116 a
1202 2083 1384 2117 militibus
1406 2082 1644 2117 mercenariis
1668 2082 1851 2117 Helvetiis
1883 2093 2021 2117 merce-

396 2143 480 2176 dem
506 2142 642 2175 frustra
664 2139 940 2185 postulantibus
965 2139 1132 2173 desertus
1157 2139 1324 2181 recessit,
1352 2138 1489 2173 Veneti
1507 2138 1622 2173 Gallis
1641 2138 1759 2172 adiuti
1776 2138 1940 2172 Brixiam
1965 2149 2022 2172 00-

394 2199 531 2242 perunt
566 2197 621 2239 (d.
644 2201 697 2231 24.
722 2195 808 2230 Mai.
832 2206 863 2229 a.
886 2197 1014 2238 1516),
1052 2194 1267 2229 Franciscus
1300 2194 1327 2228 I.
1351 2205 1435 2228 cum
1467 2194 1589 2228 Leone
1614 2194 1656 2227 X.
1679 2205 1810 2238 paoem
1843 2193 1937 2228 iniit.
1978 2193 2023 2228 cf.

397 2253 443 2287 ad
470 2255 580 2287 19723.

306 2314 325 2344 4
349 2309 554 2353 captivare]
587 2318 818 2352 expugnare,
851 2308 1079 2348 cinnehmen,
1111 2307 1267 2341 erobern.
1316 2307 1417 2340 Infra
1440 2307 1541 2340 ‘214ss
1568 2307 1625 2340 est
1645 2322 1688 2334 =
1710 2306 1918 2350 gyefc'iozylich
1949 2306 2023 2340 ein-

395 2366 529 2406 zz'ehen,
553 2364 721 2407 ‘fanyem
745 2373 848 2404 men,
874 2363 1014 2405 fahen'.
1045 2362 1215 2396 Diefenb.
1234 2362 1393 2396 Glossar.
1410 2362 1446 2396 h.
1465 2374 1499 2396 v.

310 2426 330 2455 5
355 2422 396 2454 in
421 2421 511 2454 dieb.
529 2421 612 2454 vitm
635 2419 730 2463 meae]
755 2419 853 2452 mein
877 2419 1027 2463 Lebtay.

353 2488 428 2510 iona
452 2477 558 2520 sabb]
587 2475 687 2509 ‘Una
710 2476 835 2509 autem
853 2474 998 2508 sabbati
1018 2475 1066 2507 ..⁷
1092 2473 1178 2511 Luc,
1195 2486 1308 2507 xxnn.
1331 2478 1358 2507 1.
1384 2473 1510 2508 Ioann.
1527 2486 1583 2508 xx,
1605 2478 1631 2508 1.
1665 2473 1736 2508 Sed
1754 2474 1923 2519 Peperic.
1941 2474 2023 2509 Def.

397 2545 432 2583 p..
453 2533 561 2566 111¹2’.
589 2531 753 2573 „factum
779 2531 834 2565 est
857 2530 895 2564 in
920 2541 993 2564 uno
1018 2530 1198 2564 sabbatho
1220 2557 1228 2564 .
1244 2532 1298 2564 .“.

307 2594 325 2623 7
354 2588 502 2622 Ditheri
527 2588 570 2622 cle
594 2587 708 2631 Bern]
736 2586 780 2620 cf.
798 2585 877 2619 Ind.
895 2586 1012 2630 biogr.
1031 2598 1066 2630 p.
1085 2590 1161 2620 357.
1180 2587 1248 2619 art.
1267 2584 1410 2619 Dither.

310 2649 347 2678 11
374 2645 482 2678 iaceb.
500 2647 585 2678 ante
608 2643 796 2686 Brioeiam]
823 2641 1044 2676 obsidebant
1067 2641 1141 2683 Br.,
1168 2642 1274 2686 layen
1297 2652 1361 2675 vor
1385 2642 1548 2677 Brescia.
1581 2642 1626 2676 cf.
1645 2643 1692 2676 ad
1710 2654 1743 2679 v,
1760 2647 1790 2677 2.
1809 2643 1932 2677 adnot.

311 2704 349 2733 12
375 2700 450 2734 Hic
473 2703 549 2734 nat,
569 2700 595 2742 f.
618 2698 730 2743 Vtra]
757 2698 900 2739 Andes,
927 2697 1030 2731 vicus
1055 2697 1135 2742 agri
1157 2697 1368 2740 Mantuani,
1395 2697 1543 2743 Virgilii
1566 2698 1705 2742 patria,
1731 2698 1811 2733 nati
1835 2709 1932 2734 anno
1959 2703 2022 2741 70„

397 2756 534 2789 mortui
559 2766 654 2789 anno
675 2759 726 2789 19.
744 2755 830 2788 ante
857 2752 939 2787 Chr.

312 2816 350 2846 13
375 2812 486 2855 Bapt.
503 2811 716 2854 ῙῑΙαηῡῑιαη]
749 2809 942 2854 Spagnoli,
968 2809 1133 2844 Mantuae
1156 2811 1231 2844 nat.
1250 2810 1284 2843 d.
1305 2814 1355 2844 12.
1373 2810 1461 2854 Apr.
1479 2821 1511 2845 a.
1531 2814 1628 2845 1448.
1641 2837 1649 2852 ,
1675 2812 1781 2845 mort.
1799 2823 1847 2848 m.
1868 2811 1975 2845 Mart.
1992 2822 2023 2845 a.

401 2871 498 2902 1516.
528 2866 579 2901 Cf.
598 2866 676 2900 Ind.
694 2866 811 2910 biogr.
829 2877 864 2909 p.
882 2869 958 2899 304.
977 2866 1043 2899 art.
1061 2865 1232 2909 Baptista
1255 2866 1372 2900 Mant.

312 2927 352 2958 15
377 2923 567 2957 Donatum
592 2921 670 2967 ete]
703 2921 745 2955 In
776 2921 879 2955 cuius
909 2921 989 2955 vita
1012 2921 1157 2966 Vergili
1185 2921 1245 2956 hic
1277 2922 1440 2958 adducta
1470 2923 1584 2958 verba
1613 2934 1688 2958 non
1718 2924 1911 2968 leguntur,
1943 2934 2024 2966 quae

399 2978 575 3023 leguntur
603 2978 643 3011 in
673 2977 846 3011 Iohannis
877 2975 1030 3011 Schram
1060 2976 1270 3020 Monopolio
1295 2979 1360 3013 der
1383 2978 1688 3021 Schweinezunft,
1722 2978 1931 3020 Quaestione
1960 2977 2023 3010 Er-
