2119 3522
289 211 383 255 336
784 224 890 246 INDEX
915 221 1167 244 BIOGRAPHICVS
1190 221 1233 242 ET
1256 220 1497 243 oNOMAs‘mcvs.

291 342 479 373 Sermones
504 338 546 369 de
576 339 736 376 tempore
987 333 1012 364 11
1033 333 1047 374 j
1098 332 1231 374 (Super
1253 335 1437 364 sententias
1594 333 1621 364 li
1645 333 1697 374 iiij

289 396 476 426 Sermones
506 392 549 423 de
578 391 717 422 sanctis
986 387 1048 428 lij
1098 388 1169 428 (De
1195 389 1411 429 conceptione
1435 389 1548 420 Maria
1594 388 1621 419 15
1684 332 1726 440 j]
1747 367 1828 406 (rec.
1848 366 1950 408 man.)

289 450 516 480 Fundamenta
540 447 703 486 theologie
729 444 816 483 (ree.
836 444 942 484 man.)
990 443 1050 484 lij

288 506 334 535 Et
359 502 510 544 quedam
537 501 610 532 alia
640 500 731 540 (nzz‘lzz'
752 499 880 541 (quola)

287 560 357 590 Hic
376 556 555 598 quondam
572 556 687 587 nostri
707 552 903 597 [Lucensis]
922 555 1132 586 monasterii
1150 555 1347 586 monachus
1367 565 1444 587 cum
1465 556 1689 597 supradictis
1707 554 1884 599 [Iohanne
1902 556 1999 587 Enk-

288 615 401 646 husen
420 623 498 644 cum
517 611 678 644 Gerardo
696 614 825 652 postea
843 611 978 642 abbate
997 621 1024 643 s.
1041 610 1211 642 Mauricii
1229 611 1266 641 in
1283 610 1504 652 Theologia,
1530 616 1565 643 et
1582 611 1778 643 Wilhelmo
1803 608 1997 653 monacho]

290 670 334 701 ad
359 667 548 700 Tholeiam
573 667 703 698 missus
728 666 809 698 fuit.
859 666 960 697 Viuit
987 666 1137 698 adhuc.“

289 736 602 787 Ziegelbauerus
619 733 646 772 ¹:
679 733 839 784 „Apud
859 734 1050 773 Treviros
1078 735 1120 771 in
1141 734 1389 772 Monasterio
1412 734 1453 772 S.
1474 734 1638 772 Mathiae
1658 734 1920 773 Eberhardus
1949 734 1999 772 de

291 793 449 842 Campis
472 805 538 830 an.
558 791 677 828 1519.
699 791 742 827 111
762 790 965 828 Abbatem
993 791 1163 837 electus,
1196 792 1258 828 vir
1280 796 1366 829 erat
1389 790 1547 837 doctus,
1582 797 1622 828 et
1644 792 1803 841 optimis
1824 789 2000 828 moribus

290 848 498 899 praeditus,
541 847 610 897 qui
652 851 690 883 et
726 846 898 896 plurima
935 846 1113 896 scripsit,
1153 846 1298 897 quibus
1337 860 1485 884 nomen
1525 859 1641 884 suum
1671 848 1723 885 ad
1753 846 2000 897 posteritatis

290 905 479 941 noticiam
510 916 599 940 cum
629 915 782 939 summa
811 902 932 939 laude
964 915 1010 939 ac
1041 902 1167 952 gloria
1201 903 1464 939 transmisit.“

290 961 433 1010 Itaque
465 958 517 996 ad
546 958 618 995 has
650 970 742 1007 epp.
761 955 810 994 O.
829 957 877 996 V.
902 971 985 995 non
1016 958 1193 1008 pertinet
1216 958 1450 995 Everardus
1483 958 1531 996 de
1555 957 1699 1004 olivis,
1732 958 2002 1008 praedicatorii

292 1016 462 1060 ordinis,
495 1013 708 1062 theologiae
738 1013 927 1063 magister
947 1013 1170 1059 laureatus,
1205 1014 1273 1063 qui
1295 1028 1330 1051 a.
1351 1014 1470 1051 1507.
1488 1014 1531 1050 in
1553 1015 1723 1051 comitiis
1745 1013 2002 1064 generalibus

291 1071 429 1121 Papiae
462 1070 607 1107 coactis
637 1068 761 1105 studii
787 1069 989 1118 generalis
1010 1068 1372 1118 Heidelbergensis
1395 1082 1539 1118 regens
1561 1070 1786 1115 institutus,
1819 1083 1856 1107 a.
1881 1070 2002 1106 1513.

292 1141 379 1177 cap.
403 1139 495 1176 gen.
517 1125 713 1162 Ianuensi
743 1125 859 1162 affuit
888 1125 1106 1174 provinciae
1137 1125 1351 1162 Teutoniae
1391 1124 1606 1171 diffinitor,
1647 1131 1686 1163 et
1715 1125 1882 1162 biennio
1913 1130 2004 1174 post

292 1183 440 1220 electus
464 1181 644 1218 eiusdem
665 1181 774 1230 prior
794 1180 1056 1230 provincialis
1079 1180 1254 1230 capitulo
1276 1181 1460 1218 Romano
1486 1181 1613 1227 sedit,
1647 1187 1769 1231 atque
1792 1181 1830 1218 d.
1847 1181 1885 1217 4.
1902 1181 2002 1220 Dec.

293 1254 329 1276 a.
350 1238 469 1275 1524.
494 1237 610 1283 obiit,
652 1237 739 1286 ipse
777 1248 938 1286 quoque
977 1242 1116 1273 auctor
1147 1235 1536 1274 Commentariorum
1573 1238 1615 1273 in
1655 1243 1845 1287 quattuor
1880 1235 2004 1273 libros

293 1293 602 1339 sententiarum,
650 1292 700 1330 de
739 1305 817 1342 quo
850 1305 938 1342 quae
968 1291 1275 1329 Hartzhemius²
1304 1291 1447 1339 habet,
1488 1306 1538 1330 ex
1566 1290 1779 1330 Echardo3
1815 1293 2004 1330 transcri-

294 1356 361 1400 pta
393 1355 499 1386 sunt.

293 1406 357 1443 Ab
379 1412 549 1455 utroque
570 1403 778 1441 Everardo
812 1403 994 1441 diversus
1017 1410 1076 1441 est
1096 1404 1173 1440 Ev.
1198 1403 1247 1441 de
1268 1403 1564 1451 Amersfordia,
1598 1418 1717 1455 quem
1748 1417 1837 1441 cum
1857 1403 2006 1441 Iacobo

294 1462 460 1513 Tymaeo
482 1459 747 1497 Amersfortio
780 1459 954 1497 eundem
975 1460 1098 1497 fuisse
1120 1460 1309 1497 nonnulli
1332 1461 1486 1510 opinati
1514 1466 1620 1497 sunt.
1680 1459 2005 1497 Amersfordien-

295 1519 346 1554 sis
378 1517 539 1554 bursam
559 1516 879 1553 Laurentianam
910 1516 1014 1553 rexit
1044 1517 1148 1553 circa
1175 1530 1211 1553 a.
1233 1516 1373 1561 1490„
1407 1516 1660 1566 eandemque
1691 1522 1783 1566 post
1813 1529 1903 1553 eum
1923 1516 2006 1566 Ty-

295 1586 416 1611 maeus
454 1573 558 1610 circa
587 1585 623 1609 a.
649 1572 787 1620 1497.;
836 1577 1006 1622 uterque
1045 1572 1331 1610 commentaria
1369 1573 1410 1609 in
1446 1572 1708 1610 Aristotelem
1746 1568 2007 1622 cmnposuit⁴.

296 1629 426 1666 Huius
447 1627 647 1665 Everardi
674 1633 768 1665 sunt
792 1627 1091 1665 Commentaria
1112 1627 1302 1665 librorum
1327 1627 1397 1665 ‘dc
1426 1628 1511 1666 celo
1535 1633 1574 1666 et
1595 1627 1746 1665 mundo
1768 1627 2008 1665 Arestotelis

296 1686 407 1722 iuxta
435 1685 543 1722 viam
572 1683 816 1721 venerabilis
857 1683 1009 1721 domini
1039 1683 1198 1721 Alberti
1228 1684 1368 1733 Magni
1399 1690 1438 1721 et
1468 1696 1698 1734 processum
1727 1684 2009 1733 magistrorum

297 1741 523 1791 regentium
546 1739 715 1777 Colonie
746 1741 788 1777 in
821 1739 941 1777 bursa
961 1740 1205 1786 Laurentii',
1241 1740 1289 1777 (16
1311 1739 1455 1790 quibus
1476 1740 1570 1777 vide
1589 1740 1712 1779 Hain.
1732 1745 1790 1776 n0.
1810 1740 1931 1777 6756.
1949 1752 2008 1789 sq.

387 1817 419 1858 1)
439 1817 535 1851 Hist.
554 1817 609 1848 rei
630 1816 724 1849 liter.
745 1816 819 1848 ord.
838 1826 865 1848 s.
884 1817 1019 1850 Bened.
1049 1817 1142 1858 Aug.
1160 1816 1269 1849 Vind.
1290 1820 1325 1848 et
1343 1816 1495 1858 Herbip.
1515 1817 1612 1849 1754.
1638 1815 1701 1850 fol,
1724 1818 1816 1857 part,
1833 1816 1861 1850 Ι,
1878 1826 1912 1857 p.
1934 1816 2009 1849 102.

386 1873 421 1914 2)
440 1873 535 1907 Bibl.
554 1871 679 1905 Colon.
698 1883 731 1914 p.
751 1870 826 1906 75¹³.
929 1872 963 1914 3)
982 1871 1076 1904 Scrr.
1096 1872 1171 1906 ord.
1189 1871 1335 1914 praedic.
1354 1872 1400 1904 II.
1418 1873 1461 1904 58
1471 1870 1498 1904 b.
1602 1871 1638 1912 4)
1657 1871 1704 1903 cf.
1722 1872 1894 1913 Foppens
1913 1869 2009 1902 Bibl.

386 1928 489 1970 Belg.
509 1939 541 1970 p.
559 1928 635 1962 269.
655 1930 692 1960 et
709 1929 784 1960 540.

300 2015 599 2054 CAMPOFLOR,
641 2006 816 2058 Campus
847 2007 998 2054 Florae,
1037 2013 1082 2045 111
1111 2022 1135 2045 a.
1164 2008 1333 2058 Pompei
1363 2006 1538 2054 amata¹,
1579 2008 1663 2045 sive
1702 2021 1726 2044 a
1757 2007 1833 2045 dea
1862 2005 2010 2045 Flora²

301 2065 548 2115 appellatum
579 2064 647 2101 alii
678 2064 772 2101 olim
803 2070 1064 2114 putaverunt,
1096 2065 1230 2101 verius
1261 2064 1330 2101 alii
1361 2078 1449 2101 cum
1476 2063 1646 2101 Andrea
1675 2063 1821 2101 Fulvio
1853 2077 1876 2100 a
1906 2063 2010 2100 flori-

301 2121 391 2167 bus,
433 2120 578 2171 quibus
610 2121 787 2157 consitus
818 2120 951 2158 fuerat
983 2119 1136 2169 (campo
1166 2121 1222 2157 cle’
1252 2119 1357 2169 fiori)
1391 2126 1611 2171 antequam
1641 2133 1732 2157 eum
1762 2119 1894 2157 medio
1927 2119 2012 2156 fere

300 2176 443 2213 saeculo
464 2188 530 2214 xv.
554 2182 684 2223 „tunc
713 2177 904 2226 temporis
936 2176 1164 2226 neglectum
1194 2182 1316 2226 atque
1348 2177 1388 2213 in
1420 2189 1614 2226 equorum
1635 2189 1785 2226 pascua
1806 2175 2013 2213 redactum

300 2231 502 2282 lapidibus
540 2233 681 2269 stravit
719 2238 758 2269 et
796 2233 956 2270 ornavit
992 2232 1148 2269 aedibus
1186 2233 1298 2269 iuxta
1330 2231 1539 2269 basilicam
1568 2233 1699 2269 sancti
1728 2231 1940 2269 Laurentii
1969 2231 2012 2268 in

302 2288 476 2325 Damaso
509 2293 548 2325 et
577 2288 748 2325 maximo
779 2294 940 2338 sumptu
970 2288 1195 2325 instruxit“
1226 2288 1457 2325 Ludovicus
1489 2287 1706 2338 Scarampa
1743 2288 1828 2324 sive
1858 2286 2012 2324 Media-

301 2349 389 2381 rota
411 2343 626 2380 cardinalis
649 2357 693 2380 ac
714 2350 901 2381 strenuus
923 2349 1030 2381 terra
1050 2344 1230 2394 marique
1251 2343 1348 2381 belli
1371 2341 1487 2380 dux³.
1537 2343 1698 2380 Partem
1720 2343 1816 2380 facit
1836 2342 2013 2392 regionis

302 2399 482 2448 septimae
515 2398 645 2447 (rione
675 2401 774 2436 della
806 2398 979 2449 reyula).
1039 2400 1090 2437 In
1127 2400 1203 2437 hoc
1241 2412 1380 2449 campo
1417 2399 1597 2436 haeretici
1630 2412 1781 2436 summo
1813 2399 2013 2448 supplicio

304 2455 397 2491 olim
428 2454 726 2503 afficiebantur3
759 2468 847 2505 quae
878 2461 1012 2493 tamen
1040 2456 1162 2493 unica
1190 2468 1310 2493 causa
1338 2469 1421 2492 non
1449 2455 1543 2501 fuit,
1577 2468 1626 2493 ex
1647 2468 1726 2505 qua
1746 2454 2014 2492 Hochstratus

305 2524 393 2547 cum
422 2510 588 2561 Meyero
626 2524 698 2561 per
736 2524 827 2548 eum
866 2511 1124 2549 deambulare
1163 2511 1372 2559 amabantg
1416 2511 1489 2548 sed
1527 2511 1636 2561 quod
1674 2510 1730 2548 ibi
1767 2510 2013 2548 Teutonicos

305 2566 574 2616 expectabant
603 2567 724 2617 inque
754 2566 928 2617 hospitio
952 2568 1004 2605 ad
1025 2581 1262 2618 campanam
1282 2568 1323 2604 in
1346 2580 1485 2617 campo
1507 2567 1638 2604 Florae
1662 2566 1863 2604 deversati
1885 2572 2011 2612 erant,

304 2621 569 2659 Hochstratus
608 2622 700 2660 ideo
738 2623 914 2661 scribere
950 2624 1116 2674 fingitur
1148 2623 1204 2672 (Ι.
1227 2622 1339 2672 48.),
1380 2621 1489 2673 quod
1520 2632 1604 2660 tum
1633 2623 1829 2673 palatium
1859 2622 2013 2660 cancel-

303 2678 413 2714 lariae
445 2678 674 2728 apostolicae
712 2691 839 2729 prope
878 2679 985 2717 hunc
1016 2693 1198 2730 eampum
1230 2692 1253 2716 3
1284 2679 1490 2716 cardinale
1520 2678 1729 2729 Raphaele
1758 2678 1897 2716 Riario
1931 2677 2015 2728 (qui

287 2734 444 2782 procul
467 2733 587 2771 dubio
611 2740 671 2771 est
693 2733 922 2772 Cardinalis
944 2749 1070 2786 prope
1093 2748 1275 2785 campum
1296 2735 1403 2772 florae
1425 2735 1482 2772 ΙΙ.
1502 2736 1566 2772 66.
1583 2732 1842 2782 memoratus)
1867 2734 2014 2772 61166ᾶί-

305 2789 465 2826 ficatum
495 2795 534 2826 et
563 2790 759 2836 tribunal,
794 2791 902 2841 quod
933 2792 975 2828 in
1007 2792 1137 2829 causis
1160 2803 1320 2841 quoque
1341 2791 1435 2828 fidei
1462 2791 1735 2841 cognitionem
1757 2796 1797 2827 et
1816 2789 2015 2827 bullarum

307 2844 643 2893 plumbandarum
672 2846 1097 2897 dispensationumque
1127 2847 1327 2898 episcopis
1350 2847 1698 2885 decernendarum
1718 2846 1780 2883 ius
1801 2845 1939 2892 habet,
1972 2846 2014 2882 in

399 2976 431 3017 1)
451 2976 635 3008 Plutarch.
653 2978 775 3020 Pomp.
795 2990 874 3021 cap.
888 2982 942 3014 53.
961 2980 1008 3012 cf.
1027 2990 1106 3021 cap.
1121 2982 1152 3015 ⁶2,
1246 2979 1280 3020 2)
1299 2980 1473 3012 Lactant.
1490 2980 1580 3013 Inst.
1598 2979 1669 3011 div.
1688 2979 1715 3011 Ι.
1734 2980 1788 3011 20.
1882 2977 1915 3019 3)
1935 2977 2015 3010 Cia-

399 3032 495 3063 conii
510 3032 604 3064 Vitae
621 3034 760 3073 pontiff.
779 3034 824 3068 ΙΙ,
842 3045 873 3075 p.
892 3037 965 3066 919.
985 3045 1060 3076 sqq.
