<?xml version="1.0" encoding="UTF-8"?>
<!DOCTYPE html PUBLIC "-//W3C//DTD XHTML 1.0 Transitional//EN"
    "http://www.w3.org/TR/xhtml1/DTD/xhtml1-transitional.dtd">
<html xmlns="http://www.w3.org/1999/xhtml" xml:lang="en" lang="en">
 <head>
  <title>
</title>
<meta http-equiv="Content-Type" content="text/html;charset=utf-8" />
  <meta name='ocr-system' content='tesseract 3.04.00' />
  <meta name='ocr-capabilities' content='ocr_page ocr_carea ocr_par ocr_line ocrx_word'/>
</head>
<body>
  <div class='ocr_page' id='page_1' title='image "./operaquaereperir02huttuoft/operaquaereperir02huttuoft_0594.png"; bbox 0 0 2119 3522; ppageno 0'>
   <div class='ocr_carea' id='block_1_1' title="bbox 253 227 1441 273">
    <p class='ocr_par' dir='ltr' id='par_1_1' title="bbox 253 227 1441 273">
     <span class='ocr_line' id='line_1_1' title="bbox 253 227 1441 273; baseline -0.007 -6"><span class='ocrx_word' id='word_1_1' title='bbox 253 227 350 273; x_wconf 77' lang='grc'>580</span> <span class='ocrx_word' id='word_1_2' title='bbox 771 239 1034 263; x_wconf 77' lang='lat' dir='ltr'>COMMENTARIVS</span> <span class='ocrx_word' id='word_1_3' title='bbox 1059 239 1105 259; x_wconf 75' lang='lat' dir='ltr'>AD</span> <span class='ocrx_word' id='word_1_4' title='bbox 1130 239 1201 259; x_wconf 82' lang='lat' dir='ltr'>EPl’.</span> <span class='ocrx_word' id='word_1_5' title='bbox 1220 238 1249 260; x_wconf 92' lang='grc' dir='ltr'>Ο.</span> <span class='ocrx_word' id='word_1_6' title='bbox 1267 238 1300 259; x_wconf 89' lang='lat' dir='ltr'>V.</span> <span class='ocrx_word' id='word_1_7' title='bbox 1324 237 1400 259; x_wconf 64' lang='lat' dir='ltr'>vot„</span> <span class='ocrx_word' id='word_1_8' title='bbox 1419 237 1441 259; x_wconf 90' lang='grc' dir='ltr'>Ῐ.</span> 
     </span>
    </p>
   </div>
   <div class='ocr_carea' id='block_1_2' title="bbox 252 302 1962 396">
    <p class='ocr_par' dir='ltr' id='par_1_2' title="bbox 252 302 1962 396">
     <span class='ocr_line' id='line_1_2' title="bbox 252 302 1962 396; baseline -0.005 -7"><span class='ocrx_word' id='word_1_9' title='bbox 252 302 559 394; x_wconf 44' lang='grc' dir='ltr'>Ρᾶἔ1ἓ1ᾰίο3113,</span> <span class='ocrx_word' id='word_1_10' title='bbox 593 352 731 396; x_wconf 89' lang='lat' dir='ltr'>segnis,</span> <span class='ocrx_word' id='word_1_11' title='bbox 764 350 809 383; x_wconf 86' lang='lat' dir='ltr'>ab</span> <span class='ocrx_word' id='word_1_12' title='bbox 835 349 916 383; x_wconf 83' lang='lat' dir='ltr'>Ital.</span> <span class='ocrx_word' id='word_1_13' title='bbox 940 348 1117 382; x_wconf 83' lang='lat' dir='ltr'>Poltrone</span> <span class='ocrx_word' id='word_1_14' title='bbox 1137 351 1207 381; x_wconf 85' lang='lat'>..“.</span> <span class='ocrx_word' id='word_1_15' title='bbox 1255 348 1351 382; x_wconf 64' lang='lat' dir='ltr'>Dies:</span> <span class='ocrx_word' id='word_1_16' title='bbox 1376 347 1468 381; x_wconf 84' lang='lat' dir='ltr'>WB.</span> <span class='ocrx_word' id='word_1_17' title='bbox 1493 347 1650 389; x_wconf 81' lang='lat' dir='ltr'>„Poltro</span> <span class='ocrx_word' id='word_1_18' title='bbox 1675 348 1715 380; x_wconf 76' lang='lat' dir='ltr'>it.</span> <span class='ocrx_word' id='word_1_19' title='bbox 1733 351 1832 392; x_wconf 59' lang='grc' dir='ltr'><strong><em>Πᾶς),</em></strong></span> <span class='ocrx_word' id='word_1_20' title='bbox 1856 348 1962 392; x_wconf 69' lang='lat' dir='ltr'>fciye,</span> 
     </span>
    </p>
   </div>
   <div class='ocr_carea' id='block_1_3' title="bbox 247 403 1968 2401">
    <p class='ocr_par' dir='ltr' id='par_1_3' title="bbox 338 403 1965 674">
     <span class='ocr_line' id='line_1_3' title="bbox 341 403 1961 451; baseline -0.003 -10"><span class='ocrx_word' id='word_1_21' title='bbox 341 410 453 443; x_wconf 75' lang='lat' dir='ltr'>daher</span> <span class='ocrx_word' id='word_1_22' title='bbox 474 407 644 451; x_wconf 82' lang='lat' dir='ltr'>poltrone</span> <span class='ocrx_word' id='word_1_23' title='bbox 669 406 748 439; x_wconf 65' lang='grc' dir='ltr'>τινά</span> <span class='ocrx_word' id='word_1_24' title='bbox 771 415 809 439; x_wconf 76' lang='lat' dir='ltr'>so</span> <span class='ocrx_word' id='word_1_25' title='bbox 832 415 883 447; x_wconf 77' lang='lat' dir='ltr'>sp.</span> <span class='ocrx_word' id='word_1_26' title='bbox 901 404 1065 448; x_wconf 80' lang='lat' dir='ltr'>poltron‚</span> <span class='ocrx_word' id='word_1_27' title='bbox 1087 414 1148 448; x_wconf 68' lang='lat' dir='ltr'>pq.</span> <span class='ocrx_word' id='word_1_28' title='bbox 1166 405 1313 448; x_wconf 62' lang='lat' dir='ltr'>poti-aio,</span> <span class='ocrx_word' id='word_1_29' title='bbox 1339 403 1386 445; x_wconf 73' lang='lat' dir='ltr'>fr.</span> <span class='ocrx_word' id='word_1_30' title='bbox 1403 403 1567 448; x_wconf 77' lang='lat' dir='ltr'>poltron‚</span> <span class='ocrx_word' id='word_1_31' title='bbox 1593 413 1662 437; x_wconf 81' lang='lat' dir='ltr'>aus</span> <span class='ocrx_word' id='word_1_32' title='bbox 1685 403 1765 437; x_wconf 85' lang='lat' dir='ltr'>dem</span> <span class='ocrx_word' id='word_1_33' title='bbox 1787 404 1828 437; x_wconf 67' lang='lat' dir='ltr'>it.</span> <span class='ocrx_word' id='word_1_34' title='bbox 1845 404 1961 447; x_wconf 59' lang='grc' dir='ltr'><em>εὐφε-</em></span> 
     </span>
     <span class='ocr_line' id='line_1_4' title="bbox 339 458 1963 506; baseline -0.004 -9"><span class='ocrx_word' id='word_1_35' title='bbox 339 464 458 506; x_wconf 68' lang='lat' dir='ltr'>sfilzrt,</span> <span class='ocrx_word' id='word_1_36' title='bbox 486 491 490 496; x_wconf 94' lang='lat'>.</span> <span class='ocrx_word' id='word_1_37' title='bbox 513 491 517 496; x_wconf 94' lang='lat'>.</span> <span class='ocrx_word' id='word_1_38' title='bbox 539 491 544 495; x_wconf 97' lang='lat'>.</span> <span class='ocrx_word' id='word_1_39' title='bbox 571 463 631 496; x_wconf 70' lang='lat' dir='ltr'>hat</span> <span class='ocrx_word' id='word_1_40' title='bbox 657 462 754 495; x_wconf 74' lang='lat' dir='ltr'>scine</span> <span class='ocrx_word' id='word_1_41' title='bbox 779 461 892 504; x_wconf 72' lang='lat' dir='ltr'>quelle</span> <span class='ocrx_word' id='word_1_42' title='bbox 917 460 963 493; x_wconf 71' lang='lat' dir='ltr'>im</span> <span class='ocrx_word' id='word_1_43' title='bbox 991 460 1073 493; x_wconf 65' lang='lat' dir='ltr'>ancl.</span> <span class='ocrx_word' id='word_1_44' title='bbox 1091 459 1247 503; x_wconf 84' lang='lat' dir='ltr'>polstar⁷</span> <span class='ocrx_word' id='word_1_45' title='bbox 1279 459 1418 493; x_wconf 84' lang='lat' dir='ltr'>bolstar</span> <span class='ocrx_word' id='word_1_46' title='bbox 1436 458 1565 501; x_wconf 69' lang='lat' dir='ltr'>pffflzZ,</span> <span class='ocrx_word' id='word_1_47' title='bbox 1595 458 1719 493; x_wconf 68' lang='lat' dir='ltr'>classen</span> <span class='ocrx_word' id='word_1_48' title='bbox 1745 458 1963 493; x_wconf 74' lang='lat' dir='ltr'>deutschheit</span> 
     </span>
     <span class='ocr_line' id='line_1_5' title="bbox 338 513 1964 559; baseline -0.003 -7"><span class='ocrx_word' id='word_1_49' title='bbox 338 519 437 552; x_wconf 64' lang='lat' dir='ltr'>‘nicht</span> <span class='ocrx_word' id='word_1_50' title='bbox 463 528 509 551; x_wconf 66' lang='grc' dir='ltr'>εει</span> <span class='ocrx_word' id='word_1_51' title='bbox 532 517 733 558; x_wconf 65' lang='lat' dir='ltr'>bezwcifeln</span> <span class='ocrx_word' id='word_1_52' title='bbox 760 517 825 557; x_wconf 48' lang='lat' dir='ltr'>is&amp;</span> <span class='ocrx_word' id='word_1_53' title='bbox 851 516 1000 550; x_wconf 70' lang='lat' dir='ltr'>(Iieselbe</span> <span class='ocrx_word' id='word_1_54' title='bbox 1024 514 1473 559; x_wconf 65' lang='lat' dir='ltr'>beyrz&#39;ffsrerwawdtsclmft</span> <span class='ocrx_word' id='word_1_55' title='bbox 1495 514 1587 558; x_wconf 70' lang='lat' dir='ltr'>zeiyt</span> <span class='ocrx_word' id='word_1_56' title='bbox 1601 514 1647 557; x_wconf 79' lang='lat' dir='ltr'>ja</span> <span class='ocrx_word' id='word_1_57' title='bbox 1670 514 1763 548; x_wconf 76' lang='lat' dir='ltr'>auch</span> <span class='ocrx_word' id='word_1_58' title='bbox 1783 513 1964 556; x_wconf 78' lang='lat' dir='ltr'>fr.lodier</span> 
     </span>
     <span class='ocr_line' id='line_1_6' title="bbox 340 568 1965 615; baseline -0.004 -7"><span class='ocrx_word' id='word_1_59' title='bbox 340 573 514 608; x_wconf 68' lang='lat' dir='ltr'>bettdeclce</span> <span class='ocrx_word' id='word_1_60' title='bbox 538 573 617 607; x_wconf 72' lang='lat' dir='ltr'>und</span> <span class='ocrx_word' id='word_1_61' title='bbox 640 573 827 615; x_wconf 66' lang='lat' dir='ltr'>faulenzer</span> <span class='ocrx_word' id='word_1_62' title='bbox 852 600 858 605; x_wconf 96' lang='lat'>.</span> <span class='ocrx_word' id='word_1_63' title='bbox 878 599 884 605; x_wconf 83' lang='lat'>.</span> <span class='ocrx_word' id='word_1_64' title='bbox 905 599 910 604; x_wconf 96' lang='lat'>.</span> <span class='ocrx_word' id='word_1_65' title='bbox 931 574 967 604; x_wconf 46' lang='grc' dir='ltr'>ι’.</span> <span class='ocrx_word' id='word_1_66' title='bbox 994 571 1032 604; x_wconf 89' lang='lat' dir='ltr'>in</span> <span class='ocrx_word' id='word_1_67' title='bbox 1056 582 1133 614; x_wconf 87' lang='lat' dir='ltr'>sqq.</span> <span class='ocrx_word' id='word_1_68' title='bbox 1153 569 1322 604; x_wconf 85' lang='lat' dir='ltr'>Salmasii</span> <span class='ocrx_word' id='word_1_69' title='bbox 1354 569 1504 614; x_wconf 81' lang='lat' dir='ltr'>‘pollice</span> <span class='ocrx_word' id='word_1_70' title='bbox 1534 571 1706 603; x_wconf 84' lang='lat' dir='ltr'>truncus&#39;</span> <span class='ocrx_word' id='word_1_71' title='bbox 1738 570 1777 603; x_wconf 88' lang='lat' dir='ltr'>et</span> <span class='ocrx_word' id='word_1_72' title='bbox 1799 568 1965 614; x_wconf 85' lang='lat' dir='ltr'>Menagii</span> 
     </span>
     <span class='ocr_line' id='line_1_7' title="bbox 342 627 976 674; baseline -0.005 -11"><span class='ocrx_word' id='word_1_73' title='bbox 342 629 481 674; x_wconf 86' lang='lat' dir='ltr'>‘pullus</span> <span class='ocrx_word' id='word_1_74' title='bbox 490 656 498 671; x_wconf 80' lang='lat'>‚</span> <span class='ocrx_word' id='word_1_75' title='bbox 523 628 700 673; x_wconf 84' lang='lat' dir='ltr'>pullitrus</span> <span class='ocrx_word' id='word_1_76' title='bbox 710 629 717 644; x_wconf 86' lang='lat'><strong>⁷</strong></span> <span class='ocrx_word' id='word_1_77' title='bbox 744 627 976 661; x_wconf 83' lang='lat' dir='ltr'>refelluntur.</span> 
     </span>
    </p>

    <p class='ocr_par' dir='ltr' id='par_1_4' title="bbox 251 682 1225 727">
     <span class='ocr_line' id='line_1_8' title="bbox 251 682 1225 727; baseline -0.005 -7"><span class='ocrx_word' id='word_1_78' title='bbox 251 691 293 720; x_wconf 77' lang='lat'>14</span> <span class='ocrx_word' id='word_1_79' title='bbox 318 685 462 727; x_wconf 83' lang='lat' dir='ltr'>‘ambo‚</span> <span class='ocrx_word' id='word_1_80' title='bbox 489 684 583 726; x_wconf 75' lang='lat' dir='ltr'>onis,</span> <span class='ocrx_word' id='word_1_81' title='bbox 610 684 669 718; x_wconf 68' lang='lat' dir='ltr'>ein</span> <span class='ocrx_word' id='word_1_82' title='bbox 688 684 822 727; x_wconf 68' lang='lat' dir='ltr'>precliy</span> <span class='ocrx_word' id='word_1_83' title='bbox 845 683 969 717; x_wconf 70' lang='lat' dir='ltr'>stuol&#39;.</span> <span class='ocrx_word' id='word_1_84' title='bbox 1011 682 1168 716; x_wconf 81' lang='lat' dir='ltr'>Gemma</span> <span class='ocrx_word' id='word_1_85' title='bbox 1191 694 1225 727; x_wconf 86' lang='lat' dir='ltr'>g.</span> 
     </span>
    </p>

    <p class='ocr_par' dir='ltr' id='par_1_5' title="bbox 250 736 1963 784">
     <span class='ocr_line' id='line_1_9' title="bbox 250 736 1963 784; baseline -0.003 -10"><span class='ocrx_word' id='word_1_86' title='bbox 250 744 291 774; x_wconf 82' lang='lat' dir='ltr'>1ss</span> <span class='ocrx_word' id='word_1_87' title='bbox 310 740 547 783; x_wconf 71' lang='lat' dir='ltr'>pretenditur</span> <span class='ocrx_word' id='word_1_88' title='bbox 565 740 652 784; x_wconf 74' lang='lat' dir='ltr'>dici]</span> <span class='ocrx_word' id='word_1_89' title='bbox 673 739 739 773; x_wconf 86' lang='lat' dir='ltr'>Est</span> <span class='ocrx_word' id='word_1_90' title='bbox 755 740 820 773; x_wconf 83' lang='lat' dir='ltr'>aut</span> <span class='ocrx_word' id='word_1_91' title='bbox 835 749 901 782; x_wconf 87' lang='lat' dir='ltr'>pro</span> <span class='ocrx_word' id='word_1_92' title='bbox 921 738 1139 782; x_wconf 59' lang='lat' dir='ltr'>‘praetendit</span> <span class='ocrx_word' id='word_1_93' title='bbox 1154 738 1215 773; x_wconf 92' lang='lat' dir='ltr'>uel</span> <span class='ocrx_word' id='word_1_94' title='bbox 1232 738 1344 772; x_wconf 75' lang='lat' dir='ltr'>dixst’</span> <span class='ocrx_word' id='word_1_95' title='bbox 1367 739 1432 772; x_wconf 88' lang='lat' dir='ltr'>aut</span> <span class='ocrx_word' id='word_1_96' title='bbox 1446 749 1513 782; x_wconf 87' lang='lat' dir='ltr'>pro</span> <span class='ocrx_word' id='word_1_97' title='bbox 1533 737 1788 782; x_wconf 67' lang='lat' dir='ltr'>‘praetenditur</span> <span class='ocrx_word' id='word_1_98' title='bbox 1805 736 1963 770; x_wconf 85' lang='lat' dir='ltr'>dixisse&#39;.</span> 
     </span>
    </p>

    <p class='ocr_par' dir='ltr' id='par_1_6' title="bbox 251 794 1158 840">
     <span class='ocr_line' id='line_1_10' title="bbox 251 794 1158 840; baseline -0.002 -11"><span class='ocrx_word' id='word_1_99' title='bbox 251 800 291 829; x_wconf 79' lang='grc'>17</span> <span class='ocrx_word' id='word_1_100' title='bbox 319 797 408 840; x_wconf 82' lang='lat' dir='ltr'>eum]</span> <span class='ocrx_word' id='word_1_101' title='bbox 435 796 547 830; x_wconf 88' lang='lat' dir='ltr'>istum</span> <span class='ocrx_word' id='word_1_102' title='bbox 571 796 870 840; x_wconf 64' lang='lat' dir='ltr'>praedicatorem,</span> <span class='ocrx_word' id='word_1_103' title='bbox 896 794 1158 829; x_wconf 85' lang='lat' dir='ltr'>Decimarium.</span> 
     </span>
    </p>

    <p class='ocr_par' dir='ltr' id='par_1_7' title="bbox 296 848 1968 1509">
     <span class='ocr_line' id='line_1_11' title="bbox 296 848 1967 894; baseline -0.001 -11"><span class='ocrx_word' id='word_1_104' title='bbox 296 851 503 894; x_wconf 79' lang='lat' dir='ltr'>‘phariseus</span> <span class='ocrx_word' id='word_1_105' title='bbox 529 853 585 886; x_wconf 88' lang='lat' dir='ltr'>est</span> <span class='ocrx_word' id='word_1_106' title='bbox 609 852 746 886; x_wconf 84' lang='lat' dir='ltr'>divisus</span> <span class='ocrx_word' id='word_1_107' title='bbox 771 851 832 885; x_wconf 76' lang='lat' dir='ltr'>vel</span> <span class='ocrx_word' id='word_1_108' title='bbox 855 851 1050 885; x_wconf 85' lang='lat' dir='ltr'>hereticus.</span> <span class='ocrx_word' id='word_1_109' title='bbox 1084 850 1172 894; x_wconf 84' lang='lat' dir='ltr'>quia</span> <span class='ocrx_word' id='word_1_110' title='bbox 1194 850 1346 885; x_wconf 88' lang='lat' dir='ltr'>fuerunt</span> <span class='ocrx_word' id='word_1_111' title='bbox 1369 849 1479 884; x_wconf 80' lang='lat' dir='ltr'>divisi</span> <span class='ocrx_word' id='word_1_112' title='bbox 1503 849 1549 884; x_wconf 88' lang='lat' dir='ltr'>ab</span> <span class='ocrx_word' id='word_1_113' title='bbox 1574 849 1655 883; x_wconf 86' lang='lat' dir='ltr'>aliis</span> <span class='ocrx_word' id='word_1_114' title='bbox 1679 848 1899 883; x_wconf 83' lang='lat' dir='ltr'>hominibus.</span> <span class='ocrx_word' id='word_1_115' title='bbox 1925 849 1967 881; x_wconf 90' lang='lat' dir='ltr'>ut</span> 
     </span>
     <span class='ocr_line' id='line_1_12' title="bbox 338 903 1965 951; baseline -0.002 -11"><span class='ocrx_word' id='word_1_116' title='bbox 338 907 412 942; x_wconf 88' lang='lat' dir='ltr'>iam</span> <span class='ocrx_word' id='word_1_117' title='bbox 436 908 647 951; x_wconf 73' lang='lat' dir='ltr'>presbyteri</span> <span class='ocrx_word' id='word_1_118' title='bbox 677 919 696 941; x_wconf 83' lang='lat' dir='ltr'>a</span> <span class='ocrx_word' id='word_1_119' title='bbox 724 907 860 944; x_wconf 80' lang='lat' dir='ltr'>laicis&#39;.</span> <span class='ocrx_word' id='word_1_120' title='bbox 893 906 1050 941; x_wconf 81' lang='lat' dir='ltr'>Gemma</span> <span class='ocrx_word' id='word_1_121' title='bbox 1073 918 1107 950; x_wconf 87' lang='lat' dir='ltr'>g.</span> <span class='ocrx_word' id='word_1_122' title='bbox 1155 905 1284 939; x_wconf 88' lang='lat' dir='ltr'>Fusius</span> <span class='ocrx_word' id='word_1_123' title='bbox 1315 904 1799 949; x_wconf 85' lang='lat' dir='ltr'>B1·eviloq.V0cabularius:</span> <span class='ocrx_word' id='word_1_124' title='bbox 1841 903 1965 946; x_wconf 86' lang='lat' dir='ltr'>„Pha-</span> 
     </span>
     <span class='ocr_line' id='line_1_13' title="bbox 337 960 1965 1006; baseline -0.001 -10"><span class='ocrx_word' id='word_1_125' title='bbox 337 964 498 996; x_wconf 89' lang='lat' dir='ltr'>riseus..</span> <span class='ocrx_word' id='word_1_126' title='bbox 525 963 570 997; x_wconf 86' lang='lat' dir='ltr'>.i.</span> <span class='ocrx_word' id='word_1_127' title='bbox 595 963 733 997; x_wconf 87' lang='lat' dir='ltr'>divisus</span> <span class='ocrx_word' id='word_1_128' title='bbox 766 964 803 997; x_wconf 88' lang='lat' dir='ltr'>et</span> <span class='ocrx_word' id='word_1_129' title='bbox 834 962 969 996; x_wconf 86' lang='lat' dir='ltr'>dicitur</span> <span class='ocrx_word' id='word_1_130' title='bbox 999 973 1020 995; x_wconf 84' lang='lat' dir='ltr'>a</span> <span class='ocrx_word' id='word_1_131' title='bbox 1049 962 1184 1006; x_wconf 83' lang='lat' dir='ltr'>phares</span> <span class='ocrx_word' id='word_1_132' title='bbox 1214 962 1313 1006; x_wconf 85' lang='lat' dir='ltr'>quod</span> <span class='ocrx_word' id='word_1_133' title='bbox 1346 964 1402 996; x_wconf 83' lang='lat' dir='ltr'>est</span> <span class='ocrx_word' id='word_1_134' title='bbox 1431 961 1573 996; x_wconf 83' lang='lat' dir='ltr'>divisio.</span> <span class='ocrx_word' id='word_1_135' title='bbox 1620 961 1668 995; x_wconf 92' lang='lat' dir='ltr'>Et</span> <span class='ocrx_word' id='word_1_136' title='bbox 1695 961 1782 995; x_wconf 90' lang='lat' dir='ltr'>hinc</span> <span class='ocrx_word' id='word_1_137' title='bbox 1813 960 1965 1004; x_wconf 86' lang='lat' dir='ltr'>quidam</span> 
     </span>
     <span class='ocr_line' id='line_1_14' title="bbox 337 1013 1965 1063; baseline -0.001 -11"><span class='ocrx_word' id='word_1_138' title='bbox 337 1013 493 1053; x_wconf 82' lang='lat' dir='ltr'>heretici</span> <span class='ocrx_word' id='word_1_139' title='bbox 519 1019 608 1053; x_wconf 87' lang='lat' dir='ltr'>dicti</span> <span class='ocrx_word' id='word_1_140' title='bbox 632 1020 718 1053; x_wconf 88' lang='lat' dir='ltr'>sunt</span> <span class='ocrx_word' id='word_1_141' title='bbox 741 1018 921 1063; x_wconf 87' lang='lat' dir='ltr'>pharisei.</span> <span class='ocrx_word' id='word_1_142' title='bbox 937 1018 1001 1061; x_wconf 89' lang='lat' dir='ltr'>qui</span> <span class='ocrx_word' id='word_1_143' title='bbox 1026 1017 1135 1051; x_wconf 82' lang='lat' dir='ltr'>divisi</span> <span class='ocrx_word' id='word_1_144' title='bbox 1157 1018 1471 1062; x_wconf 81' lang='lat' dir='ltr'>interpretantur,</span> <span class='ocrx_word' id='word_1_145' title='bbox 1487 1019 1575 1061; x_wconf 85' lang='lat' dir='ltr'>quia</span> <span class='ocrx_word' id='word_1_146' title='bbox 1597 1017 1817 1051; x_wconf 71' lang='lat' dir='ltr'>traditiones</span> <span class='ocrx_word' id='word_1_147' title='bbox 1840 1017 1879 1051; x_wconf 89' lang='lat' dir='ltr'>et</span> <span class='ocrx_word' id='word_1_148' title='bbox 1902 1016 1965 1050; x_wconf 89' lang='lat' dir='ltr'>ob-</span> 
     </span>
     <span class='ocr_line' id='line_1_15' title="bbox 339 1072 1968 1120; baseline -0.002 -11"><span class='ocrx_word' id='word_1_149' title='bbox 339 1075 565 1110; x_wconf 79' lang='lat' dir='ltr'>servationes</span> <span class='ocrx_word' id='word_1_150' title='bbox 592 1075 687 1120; x_wconf 86' lang='lat' dir='ltr'>legis</span> <span class='ocrx_word' id='word_1_151' title='bbox 724 1086 814 1118; x_wconf 88' lang='lat' dir='ltr'>quas</span> <span class='ocrx_word' id='word_1_152' title='bbox 844 1074 898 1107; x_wconf 85' lang='lat' dir='ltr'>illi</span> <span class='ocrx_word' id='word_1_153' title='bbox 930 1073 1144 1107; x_wconf 77' lang='lat' dir='ltr'>deuterosas</span> <span class='ocrx_word' id='word_1_154' title='bbox 1175 1075 1311 1107; x_wconf 76' lang='lat' dir='ltr'>vocant</span> <span class='ocrx_word' id='word_1_155' title='bbox 1344 1073 1500 1107; x_wconf 85' lang='lat' dir='ltr'>iusticiae</span> <span class='ocrx_word' id='word_1_156' title='bbox 1530 1073 1742 1117; x_wconf 86' lang='lat' dir='ltr'>praeferunt.</span> <span class='ocrx_word' id='word_1_157' title='bbox 1795 1072 1903 1107; x_wconf 84' lang='lat' dir='ltr'>Unde</span> <span class='ocrx_word' id='word_1_158' title='bbox 1929 1073 1968 1106; x_wconf 88' lang='lat' dir='ltr'>et</span> 
     </span>
     <span class='ocr_line' id='line_1_16' title="bbox 339 1127 1968 1175; baseline -0.002 -10"><span class='ocrx_word' id='word_1_159' title='bbox 339 1131 447 1165; x_wconf 73' lang='lat' dir='ltr'>divisi</span> <span class='ocrx_word' id='word_1_160' title='bbox 472 1132 652 1165; x_wconf 86' lang='lat' dir='ltr'>vocantur</span> <span class='ocrx_word' id='word_1_161' title='bbox 683 1142 703 1165; x_wconf 78' lang='lat' dir='ltr'>a</span> <span class='ocrx_word' id='word_1_162' title='bbox 727 1130 865 1175; x_wconf 84' lang='lat' dir='ltr'>populo</span> <span class='ocrx_word' id='word_1_163' title='bbox 888 1158 892 1163; x_wconf 94' lang='lat'>.</span> <span class='ocrx_word' id='word_1_164' title='bbox 915 1129 1020 1173; x_wconf 79' lang='lat' dir='ltr'>quasi</span> <span class='ocrx_word' id='word_1_165' title='bbox 1044 1140 1111 1173; x_wconf 87' lang='lat' dir='ltr'>per</span> <span class='ocrx_word' id='word_1_166' title='bbox 1134 1129 1318 1162; x_wconf 81' lang='lat' dir='ltr'>iusticiam</span> <span class='ocrx_word' id='word_1_167' title='bbox 1345 1128 1405 1162; x_wconf 90' lang='lat' dir='ltr'>dei</span> <span class='ocrx_word' id='word_1_168' title='bbox 1428 1128 1488 1162; x_wconf 80' lang='lat' dir='ltr'>vel</span> <span class='ocrx_word' id='word_1_169' title='bbox 1517 1127 1606 1172; x_wconf 87' lang='lat' dir='ltr'>quia</span> <span class='ocrx_word' id='word_1_170' title='bbox 1629 1127 1850 1172; x_wconf 78' lang='lat' dir='ltr'>decalogum</span> <span class='ocrx_word' id='word_1_171' title='bbox 1871 1127 1968 1172; x_wconf 87' lang='lat' dir='ltr'>legis</span> 
     </span>
     <span class='ocr_line' id='line_1_17' title="bbox 337 1183 1968 1228; baseline -0.002 -8"><span class='ocrx_word' id='word_1_172' title='bbox 337 1187 375 1220; x_wconf 91' lang='lat' dir='ltr'>in</span> <span class='ocrx_word' id='word_1_173' title='bbox 406 1187 671 1221; x_wconf 80' lang='lat' dir='ltr'>membranulis</span> <span class='ocrx_word' id='word_1_174' title='bbox 709 1186 912 1220; x_wconf 68' lang='lat' dir='ltr'>scribentes</span> <span class='ocrx_word' id='word_1_175' title='bbox 951 1187 988 1219; x_wconf 86' lang='lat' dir='ltr'>et</span> <span class='ocrx_word' id='word_1_176' title='bbox 1019 1184 1283 1228; x_wconf 76' lang='lat' dir='ltr'>complicantes</span> <span class='ocrx_word' id='word_1_177' title='bbox 1315 1195 1377 1218; x_wconf 87' lang='lat' dir='ltr'>eas</span> <span class='ocrx_word' id='word_1_178' title='bbox 1407 1185 1445 1218; x_wconf 90' lang='lat' dir='ltr'>et</span> <span class='ocrx_word' id='word_1_179' title='bbox 1478 1184 1517 1217; x_wconf 92' lang='lat' dir='ltr'>in</span> <span class='ocrx_word' id='word_1_180' title='bbox 1547 1184 1668 1218; x_wconf 87' lang='lat' dir='ltr'>fronte</span> <span class='ocrx_word' id='word_1_181' title='bbox 1698 1183 1897 1228; x_wconf 81' lang='lat' dir='ltr'>gestabant</span> <span class='ocrx_word' id='word_1_182' title='bbox 1925 1185 1968 1217; x_wconf 90' lang='lat' dir='ltr'>ut</span> 
     </span>
     <span class='ocr_line' id='line_1_18' title="bbox 338 1239 1966 1287; baseline -0.002 -11"><span class='ocrx_word' id='word_1_183' title='bbox 338 1242 502 1287; x_wconf 84' lang='lat' dir='ltr'>religiosi</span> <span class='ocrx_word' id='word_1_184' title='bbox 531 1242 784 1276; x_wconf 76' lang='lat' dir='ltr'>iudica-rentur</span> <span class='ocrx_word' id='word_1_185' title='bbox 918 1241 1006 1274; x_wconf 83' lang='lat' dir='ltr'>Tres</span> <span class='ocrx_word' id='word_1_186' title='bbox 1039 1241 1144 1274; x_wconf 86' lang='lat' dir='ltr'>erant</span> <span class='ocrx_word' id='word_1_187' title='bbox 1173 1242 1281 1274; x_wconf 83' lang='lat' dir='ltr'>sectae</span> <span class='ocrx_word' id='word_1_188' title='bbox 1311 1239 1506 1285; x_wconf 70' lang='lat' dir='ltr'>iudeorum</span> <span class='ocrx_word' id='word_1_189' title='bbox 1539 1250 1561 1273; x_wconf 87' lang='lat' dir='ltr'>a</span> <span class='ocrx_word' id='word_1_190' title='bbox 1591 1240 1777 1274; x_wconf 88' lang='lat' dir='ltr'>communi</span> <span class='ocrx_word' id='word_1_191' title='bbox 1807 1239 1966 1283; x_wconf 88' lang='lat' dir='ltr'>reliquo-</span> 
     </span>
     <span class='ocr_line' id='line_1_19' title="bbox 338 1294 1967 1341; baseline -0.001 -11"><span class='ocrx_word' id='word_1_192' title='bbox 338 1309 419 1330; x_wconf 89' lang='lat' dir='ltr'>rum</span> <span class='ocrx_word' id='word_1_193' title='bbox 450 1297 529 1331; x_wconf 72' lang='lat' dir='ltr'>vita</span> <span class='ocrx_word' id='word_1_194' title='bbox 559 1299 597 1330; x_wconf 88' lang='lat' dir='ltr'>et</span> <span class='ocrx_word' id='word_1_195' title='bbox 627 1298 800 1341; x_wconf 83' lang='lat' dir='ltr'>opinione</span> <span class='ocrx_word' id='word_1_196' title='bbox 834 1296 1023 1330; x_wconf 83' lang='lat' dir='ltr'>distantes.</span> <span class='ocrx_word' id='word_1_197' title='bbox 1054 1295 1225 1341; x_wconf 74' lang='lat' dir='ltr'>pharisei.</span> <span class='ocrx_word' id='word_1_198' title='bbox 1257 1295 1407 1341; x_wconf 79' lang='lat' dir='ltr'>saducei</span> <span class='ocrx_word' id='word_1_199' title='bbox 1443 1296 1481 1330; x_wconf 90' lang='lat' dir='ltr'>et</span> <span class='ocrx_word' id='word_1_200' title='bbox 1511 1295 1614 1341; x_wconf 72' lang='lat' dir='ltr'>essei.</span> <span class='ocrx_word' id='word_1_201' title='bbox 1666 1294 1834 1341; x_wconf 71' lang='lat' dir='ltr'>Pharisei</span> <span class='ocrx_word' id='word_1_202' title='bbox 1865 1295 1967 1329; x_wconf 88' lang='lat' dir='ltr'>cultu</span> 
     </span>
     <span class='ocr_line' id='line_1_20' title="bbox 338 1350 1967 1396; baseline -0.002 -9"><span class='ocrx_word' id='word_1_203' title='bbox 338 1354 483 1387; x_wconf 85' lang='lat' dir='ltr'>austero</span> <span class='ocrx_word' id='word_1_204' title='bbox 505 1380 511 1386; x_wconf 97' lang='lat'>.</span> <span class='ocrx_word' id='word_1_205' title='bbox 533 1354 571 1386; x_wconf 89' lang='lat' dir='ltr'>et</span> <span class='ocrx_word' id='word_1_206' title='bbox 601 1353 702 1386; x_wconf 79' lang='lat' dir='ltr'>victu</span> <span class='ocrx_word' id='word_1_207' title='bbox 733 1364 852 1396; x_wconf 80' lang='lat' dir='ltr'>pauco</span> <span class='ocrx_word' id='word_1_208' title='bbox 884 1352 1086 1386; x_wconf 79' lang='lat' dir='ltr'>utebantur</span> <span class='ocrx_word' id='word_1_209' title='bbox 1106 1379 1112 1385; x_wconf 96' lang='lat'>.</span> <span class='ocrx_word' id='word_1_210' title='bbox 1132 1351 1352 1385; x_wconf 79' lang='lat' dir='ltr'>traditiones</span> <span class='ocrx_word' id='word_1_211' title='bbox 1383 1362 1466 1385; x_wconf 83' lang='lat' dir='ltr'>suas</span> <span class='ocrx_word' id='word_1_212' title='bbox 1487 1352 1693 1385; x_wconf 81' lang='lat' dir='ltr'>statuentes</span> <span class='ocrx_word' id='word_1_213' title='bbox 1711 1379 1716 1384; x_wconf 95' lang='lat'>.</span> <span class='ocrx_word' id='word_1_214' title='bbox 1736 1350 1870 1395; x_wconf 86' lang='lat' dir='ltr'>quibus</span> <span class='ocrx_word' id='word_1_215' title='bbox 1893 1351 1967 1384; x_wconf 83' lang='lat' dir='ltr'>tra-</span> 
     </span>
     <span class='ocr_line' id='line_1_21' title="bbox 337 1406 1967 1453; baseline -0.002 -11"><span class='ocrx_word' id='word_1_216' title='bbox 337 1408 495 1443; x_wconf 84' lang='lat' dir='ltr'>ditiones</span> <span class='ocrx_word' id='word_1_217' title='bbox 518 1408 637 1452; x_wconf 71' lang='lat' dir='ltr'>Moysi</span> <span class='ocrx_word' id='word_1_218' title='bbox 663 1408 965 1443; x_wconf 77' lang='lat' dir='ltr'>determinabant</span> <span class='ocrx_word' id='word_1_219' title='bbox 986 1438 992 1442; x_wconf 93' lang='lat'>.</span> <span class='ocrx_word' id='word_1_220' title='bbox 1016 1409 1170 1453; x_wconf 80' lang='lat' dir='ltr'>pictatia</span> <span class='ocrx_word' id='word_1_221' title='bbox 1195 1408 1406 1441; x_wconf 76' lang='lat' dir='ltr'>chartarum</span> <span class='ocrx_word' id='word_1_222' title='bbox 1430 1407 1469 1441; x_wconf 89' lang='lat' dir='ltr'>in</span> <span class='ocrx_word' id='word_1_223' title='bbox 1492 1407 1614 1441; x_wconf 73' lang='lat' dir='ltr'>fronte</span> <span class='ocrx_word' id='word_1_224' title='bbox 1639 1407 1822 1452; x_wconf 86' lang='lat' dir='ltr'>gerebant</span> <span class='ocrx_word' id='word_1_225' title='bbox 1840 1433 1847 1440; x_wconf 92' lang='lat'>.</span> <span class='ocrx_word' id='word_1_226' title='bbox 1868 1407 1906 1441; x_wconf 91' lang='lat' dir='ltr'>et</span> <span class='ocrx_word' id='word_1_227' title='bbox 1928 1406 1967 1439; x_wconf 86' lang='lat' dir='ltr'>in</span> 
     </span>
     <span class='ocr_line' id='line_1_22' title="bbox 337 1463 1830 1509; baseline -0.001 -11"><span class='ocrx_word' id='word_1_228' title='bbox 337 1465 484 1498; x_wconf 88' lang='lat' dir='ltr'>sinistro</span> <span class='ocrx_word' id='word_1_229' title='bbox 508 1464 659 1498; x_wconf 84' lang='lat' dir='ltr'>brachio</span> <span class='ocrx_word' id='word_1_230' title='bbox 686 1465 943 1509; x_wconf 78' lang='lat' dir='ltr'>circumligata</span> <span class='ocrx_word' id='word_1_231' title='bbox 962 1494 967 1499; x_wconf 86' lang='lat'>.</span> <span class='ocrx_word' id='word_1_232' title='bbox 990 1464 1123 1509; x_wconf 86' lang='lat' dir='ltr'>quibus</span> <span class='ocrx_word' id='word_1_233' title='bbox 1147 1463 1347 1508; x_wconf 83' lang='lat' dir='ltr'>decalogus</span> <span class='ocrx_word' id='word_1_234' title='bbox 1370 1463 1569 1507; x_wconf 84' lang='lat' dir='ltr'>inscriptus</span> <span class='ocrx_word' id='word_1_235' title='bbox 1593 1464 1674 1497; x_wconf 78' lang='lat' dir='ltr'>erat</span> <span class='ocrx_word' id='word_1_236' title='bbox 1699 1491 1704 1495; x_wconf 95' lang='lat'>.</span> <span class='ocrx_word' id='word_1_237' title='bbox 1724 1491 1730 1496; x_wconf 86' lang='lat'>.</span> <span class='ocrx_word' id='word_1_238' title='bbox 1750 1491 1756 1496; x_wconf 95' lang='lat'>.</span> <span class='ocrx_word' id='word_1_239' title='bbox 1777 1464 1830 1496; x_wconf 84' lang='lat'>.“.</span> 
     </span>
    </p>

    <p class='ocr_par' dir='ltr' id='par_1_8' title="bbox 250 1520 1289 1565">
     <span class='ocr_line' id='line_1_23' title="bbox 250 1520 1289 1565; baseline -0.001 -11"><span class='ocrx_word' id='word_1_240' title='bbox 250 1523 290 1555; x_wconf 82' lang='lat'>18</span> <span class='ocrx_word' id='word_1_241' title='bbox 315 1521 554 1564; x_wconf 54' lang='lat' dir='ltr'>nequitiosus]</span> <span class='ocrx_word' id='word_1_242' title='bbox 584 1520 621 1554; x_wconf 76' lang='lat' dir='ltr'>⁴i.</span> <span class='ocrx_word' id='word_1_243' title='bbox 641 1531 671 1555; x_wconf 93' lang='lat' dir='ltr'>e.</span> <span class='ocrx_word' id='word_1_244' title='bbox 689 1521 823 1564; x_wconf 88' lang='lat' dir='ltr'>plenus</span> <span class='ocrx_word' id='word_1_245' title='bbox 848 1521 1049 1565; x_wconf 80' lang='lat' dir='ltr'>nequicia&#39;.</span> <span class='ocrx_word' id='word_1_246' title='bbox 1075 1520 1232 1555; x_wconf 84' lang='lat' dir='ltr'>Gemma</span> <span class='ocrx_word' id='word_1_247' title='bbox 1256 1532 1289 1565; x_wconf 91' lang='lat' dir='ltr'>g.</span> 
     </span>
    </p>

    <p class='ocr_par' dir='ltr' id='par_1_9' title="bbox 248 1575 1527 1622">
     <span class='ocr_line' id='line_1_24' title="bbox 248 1575 1527 1622; baseline -0.002 -11"><span class='ocrx_word' id='word_1_248' title='bbox 248 1580 291 1611; x_wconf 89' lang='lat'>20</span> <span class='ocrx_word' id='word_1_249' title='bbox 317 1577 552 1620; x_wconf 74' lang='lat' dir='ltr'>comburetur]</span> <span class='ocrx_word' id='word_1_250' title='bbox 585 1576 636 1610; x_wconf 84' lang='lat' dir='ltr'>Cf.</span> <span class='ocrx_word' id='word_1_251' title='bbox 656 1577 786 1620; x_wconf 83' lang='lat' dir='ltr'>Consp.</span> <span class='ocrx_word' id='word_1_252' title='bbox 805 1577 967 1612; x_wconf 91' lang='lat' dir='ltr'>chronol.</span> <span class='ocrx_word' id='word_1_253' title='bbox 986 1590 1021 1622; x_wconf 86' lang='lat' dir='ltr'>p.</span> <span class='ocrx_word' id='word_1_254' title='bbox 1042 1581 1115 1611; x_wconf 79' lang='lat'>129.</span> <span class='ocrx_word' id='word_1_255' title='bbox 1134 1576 1167 1611; x_wconf 87' lang='lat' dir='ltr'>d.</span> <span class='ocrx_word' id='word_1_256' title='bbox 1188 1580 1239 1611; x_wconf 87' lang='lat'>10.</span> <span class='ocrx_word' id='word_1_257' title='bbox 1257 1575 1363 1610; x_wconf 88' lang='lat' dir='ltr'>Febr.</span> <span class='ocrx_word' id='word_1_258' title='bbox 1382 1587 1412 1610; x_wconf 88' lang='lat' dir='ltr'>a.</span> <span class='ocrx_word' id='word_1_259' title='bbox 1432 1580 1527 1611; x_wconf 88' lang='lat'>1514.</span> 
     </span>
    </p>

    <p class='ocr_par' dir='ltr' id='par_1_10' title="bbox 247 1630 1968 1956">
     <span class='ocr_line' id='line_1_25' title="bbox 247 1630 1966 1677; baseline -0.001 -11"><span class='ocrx_word' id='word_1_260' title='bbox 247 1636 290 1666; x_wconf 88' lang='lat'>23</span> <span class='ocrx_word' id='word_1_261' title='bbox 316 1633 444 1676; x_wconf 66' lang='lat' dir='ltr'>balivi]</span> <span class='ocrx_word' id='word_1_262' title='bbox 464 1632 591 1676; x_wconf 84' lang='lat' dir='ltr'>scripsi</span> <span class='ocrx_word' id='word_1_263' title='bbox 608 1644 674 1676; x_wconf 82' lang='lat' dir='ltr'>pro</span> <span class='ocrx_word' id='word_1_264' title='bbox 693 1633 809 1666; x_wconf 85' lang='lat' dir='ltr'>balini</span> <span class='ocrx_word' id='word_1_265' title='bbox 827 1633 910 1667; x_wconf 87' lang='lat' dir='ltr'>cdd.</span> <span class='ocrx_word' id='word_1_266' title='bbox 930 1640 959 1667; x_wconf 90' lang='lat'>1.</span> <span class='ocrx_word' id='word_1_267' title='bbox 977 1639 1025 1675; x_wconf 89' lang='grc'>3.,</span> <span class='ocrx_word' id='word_1_268' title='bbox 1043 1633 1162 1667; x_wconf 87' lang='lat' dir='ltr'>batini</span> <span class='ocrx_word' id='word_1_269' title='bbox 1181 1633 1236 1666; x_wconf 88' lang='lat' dir='ltr'>ed.</span> <span class='ocrx_word' id='word_1_270' title='bbox 1255 1636 1286 1667; x_wconf 89' lang='lat'>2.</span> <span class='ocrx_word' id='word_1_271' title='bbox 1303 1656 1346 1660; x_wconf 74' lang='lat'>—</span> <span class='ocrx_word' id='word_1_272' title='bbox 1371 1631 1549 1677; x_wconf 89' lang='lat' dir='ltr'>Ducange</span> <span class='ocrx_word' id='word_1_273' title='bbox 1568 1659 1588 1674; x_wconf 90' lang='lat'>„</span> <span class='ocrx_word' id='word_1_274' title='bbox 1600 1631 1769 1673; x_wconf 85' lang='lat' dir='ltr'>Balivus,</span> <span class='ocrx_word' id='word_1_275' title='bbox 1788 1630 1966 1673; x_wconf 85' lang='lat' dir='ltr'>Ballivus,</span> 
     </span>
     <span class='ocr_line' id='line_1_26' title="bbox 338 1687 1967 1733; baseline 0 -12"><span class='ocrx_word' id='word_1_276' title='bbox 338 1688 497 1730; x_wconf 82' lang='lat' dir='ltr'>Ballius,</span> <span class='ocrx_word' id='word_1_277' title='bbox 525 1687 675 1722; x_wconf 73' lang='lat' dir='ltr'>Baiulus</span> <span class='ocrx_word' id='word_1_278' title='bbox 702 1690 733 1731; x_wconf 57' lang='grc'>1)</span> <span class='ocrx_word' id='word_1_279' title='bbox 752 1690 963 1732; x_wconf 83' lang='lat' dir='ltr'>portator..</span> <span class='ocrx_word' id='word_1_280' title='bbox 995 1691 1030 1732; x_wconf 71' lang='lat'>2)</span> <span class='ocrx_word' id='word_1_281' title='bbox 1048 1688 1276 1733; x_wconf 82' lang='lat' dir='ltr'>paedagogus</span> <span class='ocrx_word' id='word_1_282' title='bbox 1291 1715 1297 1722; x_wconf 93' lang='lat'>.</span> <span class='ocrx_word' id='word_1_283' title='bbox 1313 1715 1320 1722; x_wconf 92' lang='lat'>.</span> <span class='ocrx_word' id='word_1_284' title='bbox 1352 1690 1386 1731; x_wconf 89' lang='lat'>3)</span> <span class='ocrx_word' id='word_1_285' title='bbox 1405 1689 1506 1723; x_wconf 89' lang='lat' dir='ltr'>tutor</span> <span class='ocrx_word' id='word_1_286' title='bbox 1521 1715 1528 1722; x_wconf 88' lang='lat'>.</span> <span class='ocrx_word' id='word_1_287' title='bbox 1543 1715 1550 1722; x_wconf 93' lang='lat'>.</span> <span class='ocrx_word' id='word_1_288' title='bbox 1576 1689 1611 1727; x_wconf 77' lang='lat'>4)</span> <span class='ocrx_word' id='word_1_289' title='bbox 1630 1715 1637 1722; x_wconf 92' lang='lat'>.</span> <span class='ocrx_word' id='word_1_290' title='bbox 1653 1715 1659 1722; x_wconf 95' lang='lat'>.</span> <span class='ocrx_word' id='word_1_291' title='bbox 1677 1687 1916 1732; x_wconf 86' lang='lat' dir='ltr'>magistratus</span> <span class='ocrx_word' id='word_1_292' title='bbox 1937 1714 1944 1721; x_wconf 93' lang='lat'>.</span> <span class='ocrx_word' id='word_1_293' title='bbox 1959 1713 1967 1721; x_wconf 86' lang='lat'>.</span> 
     </span>
     <span class='ocr_line' id='line_1_27' title="bbox 339 1743 1966 1788; baseline -0.001 -11"><span class='ocrx_word' id='word_1_294' title='bbox 339 1743 475 1785; x_wconf 81' lang='lat' dir='ltr'>CPoh·‚·</span> <span class='ocrx_word' id='word_1_295' title='bbox 493 1772 498 1776; x_wconf 94' lang='lat'>.</span> <span class='ocrx_word' id='word_1_296' title='bbox 515 1772 520 1776; x_wconf 92' lang='lat'>.</span> <span class='ocrx_word' id='word_1_297' title='bbox 547 1746 580 1786; x_wconf 61' lang='grc'>5)</span> <span class='ocrx_word' id='word_1_298' title='bbox 599 1744 743 1786; x_wconf 84' lang='lat' dir='ltr'>ballivi,</span> <span class='ocrx_word' id='word_1_299' title='bbox 771 1745 937 1788; x_wconf 74' lang='lat' dir='ltr'>praetoris</span> <span class='ocrx_word' id='word_1_300' title='bbox 963 1745 1084 1779; x_wconf 86' lang='lat' dir='ltr'>officio</span> <span class='ocrx_word' id='word_1_301' title='bbox 1110 1746 1148 1778; x_wconf 88' lang='lat' dir='ltr'>et</span> <span class='ocrx_word' id='word_1_302' title='bbox 1171 1744 1453 1778; x_wconf 83' lang='lat' dir='ltr'>nomenclatura</span> <span class='ocrx_word' id='word_1_303' title='bbox 1468 1744 1631 1778; x_wconf 79' lang='lat' dir='ltr'>illustres</span> <span class='ocrx_word' id='word_1_304' title='bbox 1649 1772 1655 1777; x_wconf 91' lang='lat'>.</span> <span class='ocrx_word' id='word_1_305' title='bbox 1672 1746 1727 1777; x_wconf 88' lang='lat'>.“.</span> <span class='ocrx_word' id='word_1_306' title='bbox 1765 1743 1857 1777; x_wconf 90' lang='lat' dir='ltr'>Diez</span> <span class='ocrx_word' id='word_1_307' title='bbox 1873 1743 1966 1777; x_wconf 89' lang='lat' dir='ltr'>WB.</span> 
     </span>
     <span class='ocr_line' id='line_1_28' title="bbox 339 1799 1968 1845; baseline 0 -13"><span class='ocrx_word' id='word_1_308' title='bbox 339 1799 474 1841; x_wconf 63' lang='lat' dir='ltr'>„Bailo</span> <span class='ocrx_word' id='word_1_309' title='bbox 504 1799 604 1833; x_wconf 76' lang='lat' dir='ltr'>balio</span> <span class='ocrx_word' id='word_1_310' title='bbox 631 1801 686 1835; x_wconf 69' lang='lat' dir='ltr'>it..</span> <span class='ocrx_word' id='word_1_311' title='bbox 717 1812 767 1843; x_wconf 74' lang='lat' dir='ltr'>sp.</span> <span class='ocrx_word' id='word_1_312' title='bbox 786 1801 914 1845; x_wconf 67' lang='lat' dir='ltr'>baylo,</span> <span class='ocrx_word' id='word_1_313' title='bbox 943 1812 1002 1845; x_wconf 68' lang='lat' dir='ltr'>pq.</span> <span class='ocrx_word' id='word_1_314' title='bbox 1021 1800 1152 1838; x_wconf 81' lang='lat' dir='ltr'>bailio,</span> <span class='ocrx_word' id='word_1_315' title='bbox 1180 1812 1239 1844; x_wconf 80' lang='lat' dir='ltr'>pr.</span> <span class='ocrx_word' id='word_1_316' title='bbox 1256 1800 1372 1841; x_wconf 77' lang='lat' dir='ltr'>baile,</span> <span class='ocrx_word' id='word_1_317' title='bbox 1404 1800 1504 1842; x_wconf 75' lang='lat' dir='ltr'>altfr.</span> <span class='ocrx_word' id='word_1_318' title='bbox 1522 1800 1599 1834; x_wconf 86' lang='lat' dir='ltr'>bail</span> <span class='ocrx_word' id='word_1_319' title='bbox 1623 1800 1770 1844; x_wconf 72' lang='lat' dir='ltr'>pfleycr,</span> <span class='ocrx_word' id='word_1_320' title='bbox 1802 1800 1968 1841; x_wconf 69' lang='lat' dir='ltr'>erzieher,</span> 
     </span>
     <span class='ocr_line' id='line_1_29' title="bbox 341 1855 1966 1900; baseline 0.001 -12"><span class='ocrx_word' id='word_1_321' title='bbox 341 1855 535 1896; x_wconf 67' lang='lat' dir='ltr'>cerzcalter,</span> <span class='ocrx_word' id='word_1_322' title='bbox 560 1860 745 1889; x_wconf 58' lang='lat' dir='ltr'>[ontimana</span> <span class='ocrx_word' id='word_1_323' title='bbox 766 1884 772 1889; x_wconf 90' lang='lat'>.</span> <span class='ocrx_word' id='word_1_324' title='bbox 789 1885 794 1889; x_wconf 90' lang='lat'>.</span> <span class='ocrx_word' id='word_1_325' title='bbox 811 1885 816 1889; x_wconf 88' lang='lat'>.</span> <span class='ocrx_word' id='word_1_326' title='bbox 834 1885 839 1890; x_wconf 85' lang='lat'>.</span> <span class='ocrx_word' id='word_1_327' title='bbox 860 1858 897 1890; x_wconf 75' lang='lat' dir='ltr'>it.</span> <span class='ocrx_word' id='word_1_328' title='bbox 916 1857 1056 1897; x_wconf 78' lang='lat' dir='ltr'>balivo,</span> <span class='ocrx_word' id='word_1_329' title='bbox 1078 1868 1135 1899; x_wconf 79' lang='lat' dir='ltr'>pr.</span> <span class='ocrx_word' id='word_1_330' title='bbox 1155 1857 1311 1898; x_wconf 75' lang='lat' dir='ltr'>bailieu,</span> <span class='ocrx_word' id='word_1_331' title='bbox 1337 1858 1384 1898; x_wconf 80' lang='lat' dir='ltr'>fr.</span> <span class='ocrx_word' id='word_1_332' title='bbox 1403 1856 1506 1891; x_wconf 84' lang='lat' dir='ltr'>bailli</span> <span class='ocrx_word' id='word_1_333' title='bbox 1532 1856 1706 1900; x_wconf 69' lang='lat' dir='ltr'>Iamlvoyt</span> <span class='ocrx_word' id='word_1_334' title='bbox 1724 1883 1730 1889; x_wconf 88' lang='lat'>.</span> <span class='ocrx_word' id='word_1_335' title='bbox 1747 1883 1752 1889; x_wconf 90' lang='lat'>.</span> <span class='ocrx_word' id='word_1_336' title='bbox 1769 1883 1775 1889; x_wconf 88' lang='lat'>.</span> <span class='ocrx_word' id='word_1_337' title='bbox 1807 1855 1888 1889; x_wconf 80' lang='lat' dir='ltr'>Aus</span> <span class='ocrx_word' id='word_1_338' title='bbox 1903 1855 1966 1889; x_wconf 89' lang='lat' dir='ltr'>ba-</span> 
     </span>
     <span class='ocr_line' id='line_1_30' title="bbox 335 1911 1182 1956; baseline 0 -11"><span class='ocrx_word' id='word_1_339' title='bbox 335 1911 432 1945; x_wconf 86' lang='lat' dir='ltr'>iulus</span> <span class='ocrx_word' id='word_1_340' title='bbox 457 1911 588 1956; x_wconf 81' lang='lat' dir='ltr'>baj‘lus</span> <span class='ocrx_word' id='word_1_341' title='bbox 614 1912 714 1946; x_wconf 66' lang='lat' dir='ltr'>&#39;rard</span> <span class='ocrx_word' id='word_1_342' title='bbox 739 1913 806 1947; x_wconf 75' lang='lat' dir='ltr'>das</span> <span class='ocrx_word' id='word_1_343' title='bbox 832 1924 968 1946; x_wconf 74' lang='lat' dir='ltr'>roman.</span> <span class='ocrx_word' id='word_1_344' title='bbox 985 1912 1084 1946; x_wconf 81' lang='lat' dir='ltr'>hailo</span> <span class='ocrx_word' id='word_1_345' title='bbox 1107 1916 1182 1945; x_wconf 80' lang='grc'>..“.</span> 
     </span>
    </p>

    <p class='ocr_par' dir='ltr' id='par_1_11' title="bbox 293 1967 1967 2125">
     <span class='ocr_line' id='line_1_31' title="bbox 293 1967 1967 2013; baseline 0.001 -14"><span class='ocrx_word' id='word_1_346' title='bbox 293 1967 467 2009; x_wconf 73' lang='lat' dir='ltr'>officiales</span> <span class='ocrx_word' id='word_1_347' title='bbox 492 1969 565 2011; x_wconf 58' lang='lat' dir='ltr'>etc]</span> <span class='ocrx_word' id='word_1_348' title='bbox 592 1967 640 2001; x_wconf 89' lang='lat' dir='ltr'>Hi</span> <span class='ocrx_word' id='word_1_349' title='bbox 665 1968 805 2002; x_wconf 84' lang='lat' dir='ltr'>iudices</span> <span class='ocrx_word' id='word_1_350' title='bbox 830 1980 851 2002; x_wconf 84' lang='lat' dir='ltr'>a</span> <span class='ocrx_word' id='word_1_351' title='bbox 876 1968 1048 2013; x_wconf 75' lang='lat' dir='ltr'>delegato</span> <span class='ocrx_word' id='word_1_352' title='bbox 1075 1969 1249 2013; x_wconf 84' lang='lat' dir='ltr'>episcopo</span> <span class='ocrx_word' id='word_1_353' title='bbox 1275 1968 1509 2012; x_wconf 80' lang='lat' dir='ltr'>subdelegati</span> <span class='ocrx_word' id='word_1_354' title='bbox 1535 1968 1686 2002; x_wconf 88' lang='lat' dir='ltr'>fuerunt</span> <span class='ocrx_word' id='word_1_355' title='bbox 1702 1968 1842 2003; x_wconf 80' lang='lat' dir='ltr'>domini</span> <span class='ocrx_word' id='word_1_356' title='bbox 1860 1978 1967 2002; x_wconf 86' lang='lat' dir='ltr'>cano-</span> 
     </span>
     <span class='ocr_line' id='line_1_32' title="bbox 337 2023 1967 2067; baseline 0.001 -11"><span class='ocrx_word' id='word_1_357' title='bbox 337 2023 410 2057; x_wconf 87' lang='lat' dir='ltr'>nici</span> <span class='ocrx_word' id='word_1_358' title='bbox 436 2023 625 2067; x_wconf 73' lang='lat' dir='ltr'>Spu-enses</span> <span class='ocrx_word' id='word_1_359' title='bbox 649 2024 810 2058; x_wconf 79' lang='lat' dir='ltr'>Thomas</span> <span class='ocrx_word' id='word_1_360' title='bbox 835 2025 1032 2066; x_wconf 81' lang='lat' dir='ltr'>Truchses,</span> <span class='ocrx_word' id='word_1_361' title='bbox 1067 2025 1301 2058; x_wconf 78' lang='lat' dir='ltr'>decretorum</span> <span class='ocrx_word' id='word_1_362' title='bbox 1328 2024 1473 2065; x_wconf 87' lang='lat' dir='ltr'>doctor,</span> <span class='ocrx_word' id='word_1_363' title='bbox 1501 2023 1755 2066; x_wconf 85' lang='lat' dir='ltr'>scholasticus,</span> <span class='ocrx_word' id='word_1_364' title='bbox 1791 2025 1830 2057; x_wconf 87' lang='lat' dir='ltr'>et</span> <span class='ocrx_word' id='word_1_365' title='bbox 1854 2023 1967 2057; x_wconf 86' lang='lat' dir='ltr'>Geor-</span> 
     </span>
     <span class='ocr_line' id='line_1_33' title="bbox 331 2078 1651 2125; baseline 0.001 -13"><span class='ocrx_word' id='word_1_366' title='bbox 331 2079 419 2123; x_wconf 80' lang='lat' dir='ltr'>gius</span> <span class='ocrx_word' id='word_1_367' title='bbox 444 2079 489 2113; x_wconf 90' lang='lat' dir='ltr'>de</span> <span class='ocrx_word' id='word_1_368' title='bbox 516 2078 726 2121; x_wconf 61' lang='lat' dir='ltr'>Swaffiach,</span> <span class='ocrx_word' id='word_1_369' title='bbox 754 2082 885 2115; x_wconf 82' lang='lat' dir='ltr'>custos.</span> <span class='ocrx_word' id='word_1_370' title='bbox 934 2080 1131 2115; x_wconf 77' lang='lat' dir='ltr'>chchlini</span> <span class='ocrx_word' id='word_1_371' title='bbox 1156 2080 1237 2114; x_wconf 86' lang='lat' dir='ltr'>Act.</span> <span class='ocrx_word' id='word_1_372' title='bbox 1254 2080 1424 2114; x_wconf 86' lang='lat' dir='ltr'>Iudicior.</span> <span class='ocrx_word' id='word_1_373' title='bbox 1441 2091 1526 2125; x_wconf 89' lang='lat' dir='ltr'>pag.</span> <span class='ocrx_word' id='word_1_374' title='bbox 1544 2079 1651 2124; x_wconf 66' lang='lat' dir='ltr'>Fiija.</span> 
     </span>
    </p>

    <p class='ocr_par' dir='ltr' id='par_1_12' title="bbox 295 2135 1922 2181">
     <span class='ocr_line' id='line_1_34' title="bbox 295 2135 1922 2181; baseline 0.001 -14"><span class='ocrx_word' id='word_1_375' title='bbox 295 2138 419 2168; x_wconf 73' lang='lat' dir='ltr'>contra</span> <span class='ocrx_word' id='word_1_376' title='bbox 438 2163 443 2167; x_wconf 93' lang='lat'>.</span> <span class='ocrx_word' id='word_1_377' title='bbox 461 2163 466 2168; x_wconf 94' lang='lat'>.</span> <span class='ocrx_word' id='word_1_378' title='bbox 483 2163 488 2168; x_wconf 88' lang='lat'>.</span> <span class='ocrx_word' id='word_1_379' title='bbox 509 2136 644 2180; x_wconf 56' lang='lat' dir='ltr'>afficit]</span> <span class='ocrx_word' id='word_1_380' title='bbox 675 2136 854 2170; x_wconf 72' lang='lat' dir='ltr'>Similiter</span> <span class='ocrx_word' id='word_1_381' title='bbox 878 2137 1146 2181; x_wconf 83' lang='lat' dir='ltr'>Pepericornus</span> <span class='ocrx_word' id='word_1_382' title='bbox 1170 2136 1208 2169; x_wconf 91' lang='lat' dir='ltr'>in</span> <span class='ocrx_word' id='word_1_383' title='bbox 1233 2135 1456 2170; x_wconf 89' lang='lat' dir='ltr'>Defensione</span> <span class='ocrx_word' id='word_1_384' title='bbox 1482 2148 1516 2180; x_wconf 87' lang='lat' dir='ltr'>p.</span> <span class='ocrx_word' id='word_1_385' title='bbox 1537 2140 1610 2170; x_wconf 89' lang='lat'>123.</span> <span class='ocrx_word' id='word_1_386' title='bbox 1629 2149 1658 2169; x_wconf 83' lang='lat' dir='ltr'>v.</span> <span class='ocrx_word' id='word_1_387' title='bbox 1672 2145 1714 2170; x_wconf 81' lang='lat'>27.</span> <span class='ocrx_word' id='word_1_388' title='bbox 1729 2149 1794 2178; x_wconf 85' lang='lat' dir='ltr'>sqq.</span> <span class='ocrx_word' id='word_1_389' title='bbox 1813 2135 1870 2170; x_wconf 87' lang='lat' dir='ltr'>ed.</span> <span class='ocrx_word' id='word_1_390' title='bbox 1887 2147 1922 2169; x_wconf 92' lang='lat' dir='ltr'>n.</span> 
     </span>
    </p>

    <p class='ocr_par' dir='ltr' id='par_1_13' title="bbox 248 2191 784 2235">
     <span class='ocr_line' id='line_1_35' title="bbox 248 2191 784 2235; baseline 0 -11"><span class='ocrx_word' id='word_1_391' title='bbox 248 2193 293 2224; x_wconf 89' lang='lat'>25</span> <span class='ocrx_word' id='word_1_392' title='bbox 317 2201 388 2224; x_wconf 79' lang='lat' dir='ltr'>esse</span> <span class='ocrx_word' id='word_1_393' title='bbox 406 2191 547 2235; x_wconf 62' lang='lat' dir='ltr'>proph]</span> <span class='ocrx_word' id='word_1_394' title='bbox 574 2191 784 2235; x_wconf 59' lang='lat' dir='ltr'>praedicere.</span> 
     </span>
    </p>

    <p class='ocr_par' dir='ltr' id='par_1_14' title="bbox 294 2246 1966 2349">
     <span class='ocr_line' id='line_1_36' title="bbox 294 2246 1966 2294; baseline 0.002 -16"><span class='ocrx_word' id='word_1_395' title='bbox 294 2246 377 2288; x_wconf 68' lang='lat' dir='ltr'>imp.</span> <span class='ocrx_word' id='word_1_396' title='bbox 399 2249 429 2280; x_wconf 80' lang='lat' dir='ltr'>et</span> <span class='ocrx_word' id='word_1_397' title='bbox 451 2258 517 2280; x_wconf 42' lang='lat' dir='ltr'>‘rm&#39;</span> <span class='ocrx_word' id='word_1_398' title='bbox 534 2247 599 2280; x_wconf 75' lang='lat' dir='ltr'>Fr.</span> <span class='ocrx_word' id='word_1_399' title='bbox 619 2251 650 2281; x_wconf 69' lang='lat' dir='ltr'>et</span> <span class='ocrx_word' id='word_1_400' title='bbox 675 2248 793 2292; x_wconf 71' lang='lat' dir='ltr'>duces]</span> <span class='ocrx_word' id='word_1_401' title='bbox 829 2247 881 2282; x_wconf 82' lang='lat' dir='ltr'>Cf.</span> <span class='ocrx_word' id='word_1_402' title='bbox 901 2248 1031 2292; x_wconf 87' lang='lat' dir='ltr'>Consp.</span> <span class='ocrx_word' id='word_1_403' title='bbox 1049 2248 1211 2294; x_wconf 79' lang='lat' dir='ltr'>chronol.</span> <span class='ocrx_word' id='word_1_404' title='bbox 1229 2260 1264 2292; x_wconf 90' lang='lat' dir='ltr'>p.</span> <span class='ocrx_word' id='word_1_405' title='bbox 1286 2253 1359 2283; x_wconf 75' lang='lat'>134.</span> <span class='ocrx_word' id='word_1_406' title='bbox 1379 2253 1452 2283; x_wconf 89' lang='lat'>132.</span> <span class='ocrx_word' id='word_1_407' title='bbox 1472 2248 1506 2282; x_wconf 88' lang='lat' dir='ltr'>d.</span> <span class='ocrx_word' id='word_1_408' title='bbox 1524 2252 1576 2283; x_wconf 86' lang='lat'>23.</span> <span class='ocrx_word' id='word_1_409' title='bbox 1596 2248 1674 2282; x_wconf 77' lang='lat' dir='ltr'>Oct.</span> <span class='ocrx_word' id='word_1_410' title='bbox 1693 2259 1724 2282; x_wconf 84' lang='lat' dir='ltr'>a.</span> <span class='ocrx_word' id='word_1_411' title='bbox 1741 2252 1854 2290; x_wconf 87' lang='lat'>1514.,</span> <span class='ocrx_word' id='word_1_412' title='bbox 1880 2247 1966 2282; x_wconf 80' lang='lat' dir='ltr'>Mai.</span> 
     </span>
     <span class='ocr_line' id='line_1_37' title="bbox 340 2301 1563 2349; baseline 0.003 -15"><span class='ocrx_word' id='word_1_413' title='bbox 340 2301 452 2335; x_wconf 85' lang='lat' dir='ltr'>eiusd.</span> <span class='ocrx_word' id='word_1_414' title='bbox 473 2313 522 2343; x_wconf 65' lang='grc'>3.,,</span> <span class='ocrx_word' id='word_1_415' title='bbox 554 2303 587 2336; x_wconf 85' lang='lat' dir='ltr'>d.</span> <span class='ocrx_word' id='word_1_416' title='bbox 609 2308 659 2337; x_wconf 84' lang='grc'>19.</span> <span class='ocrx_word' id='word_1_417' title='bbox 678 2303 755 2337; x_wconf 87' lang='lat' dir='ltr'>Iun.</span> <span class='ocrx_word' id='word_1_418' title='bbox 775 2315 806 2337; x_wconf 89' lang='lat' dir='ltr'>a.</span> <span class='ocrx_word' id='word_1_419' title='bbox 827 2308 922 2338; x_wconf 76' lang='lat'>1514.</span> <span class='ocrx_word' id='word_1_420' title='bbox 941 2307 979 2338; x_wconf 88' lang='lat' dir='ltr'>et</span> <span class='ocrx_word' id='word_1_421' title='bbox 1001 2304 1242 2349; x_wconf 86' lang='lat' dir='ltr'>Pepericorni</span> <span class='ocrx_word' id='word_1_422' title='bbox 1265 2304 1414 2339; x_wconf 86' lang='lat' dir='ltr'>Defens.</span> <span class='ocrx_word' id='word_1_423' title='bbox 1435 2316 1469 2348; x_wconf 89' lang='lat' dir='ltr'>p.</span> <span class='ocrx_word' id='word_1_424' title='bbox 1490 2308 1563 2338; x_wconf 87' lang='lat'>149.</span> 
     </span>
    </p>

    <p class='ocr_par' dir='ltr' id='par_1_15' title="bbox 248 2358 1428 2401">
     <span class='ocr_line' id='line_1_38' title="bbox 248 2358 1428 2401; baseline 0.003 -11"><span class='ocrx_word' id='word_1_425' title='bbox 248 2360 291 2391; x_wconf 85' lang='lat'>28</span> <span class='ocrx_word' id='word_1_426' title='bbox 316 2367 360 2390; x_wconf 51' lang='lat' dir='ltr'>¹ne</span> <span class='ocrx_word' id='word_1_427' title='bbox 378 2384 384 2389; x_wconf 86' lang='lat'>.</span> <span class='ocrx_word' id='word_1_428' title='bbox 401 2385 406 2389; x_wconf 94' lang='lat'>.</span> <span class='ocrx_word' id='word_1_429' title='bbox 423 2384 428 2389; x_wconf 96' lang='lat'>.</span> <span class='ocrx_word' id='word_1_430' title='bbox 447 2358 584 2401; x_wconf 65' lang='lat' dir='ltr'>scand]</span> <span class='ocrx_word' id='word_1_431' title='bbox 614 2369 659 2392; x_wconf 91' lang='lat' dir='ltr'>ne</span> <span class='ocrx_word' id='word_1_432' title='bbox 685 2359 761 2393; x_wconf 79' lang='lat' dir='ltr'>haec</span> <span class='ocrx_word' id='word_1_433' title='bbox 787 2371 897 2393; x_wconf 79' lang='lat' dir='ltr'>causa</span> <span class='ocrx_word' id='word_1_434' title='bbox 921 2360 1026 2393; x_wconf 72' lang='lat' dir='ltr'>vobis</span> <span class='ocrx_word' id='word_1_435' title='bbox 1050 2360 1117 2393; x_wconf 80' lang='lat' dir='ltr'>fiat</span> <span class='ocrx_word' id='word_1_436' title='bbox 1140 2360 1177 2393; x_wconf 91' lang='lat' dir='ltr'>in</span> <span class='ocrx_word' id='word_1_437' title='bbox 1203 2360 1428 2394; x_wconf 85' lang='lat' dir='ltr'>scandalum.</span> 
     </span>
    </p>
   </div>
   <div class='ocr_carea' id='block_1_4' title="bbox 432 2446 1772 2486">
    <p class='ocr_par' dir='ltr' id='par_1_16' title="bbox 432 2446 1772 2486">
     <span class='ocr_line' id='line_1_39' title="bbox 432 2446 1772 2486; baseline 0.004 -7"><span class='ocrx_word' id='word_1_438' title='bbox 432 2446 667 2481; x_wconf 74' lang='lat' dir='ltr'>EPISTULA</span> <span class='ocrx_word' id='word_1_439' title='bbox 694 2451 755 2486; x_wconf 70' lang='lat'>28.</span> <span class='ocrx_word' id='word_1_440' title='bbox 799 2448 1059 2483; x_wconf 72' lang='lat' dir='ltr'>CONRADVS</span> <span class='ocrx_word' id='word_1_441' title='bbox 1084 2448 1516 2483; x_wconf 82' lang='lat' dir='ltr'><strong>DOLLENKOPFFIVS</strong></span> <span class='ocrx_word' id='word_1_442' title='bbox 1543 2449 1772 2484; x_wconf 78' lang='lat' dir='ltr'>ORTVINO.</span> 
     </span>
    </p>
   </div>
   <div class='ocr_carea' id='block_1_5' title="bbox 248 2523 1964 3074">
    <p class='ocr_par' dir='ltr' id='par_1_17' title="bbox 249 2523 1964 2851">
     <span class='ocr_line' id='line_1_40' title="bbox 249 2523 1964 2573; baseline 0.003 -16"><span class='ocrx_word' id='word_1_443' title='bbox 249 2528 289 2558; x_wconf 89' lang='lat'>31</span> <span class='ocrx_word' id='word_1_444' title='bbox 314 2523 619 2569; x_wconf 84' lang='lat' dir='ltr'>Dollenkopffius.</span> <span class='ocrx_word' id='word_1_445' title='bbox 662 2526 793 2560; x_wconf 85' lang='lat' dir='ltr'>Nescio</span> <span class='ocrx_word' id='word_1_446' title='bbox 819 2526 900 2570; x_wconf 86' lang='lat' dir='ltr'>quis</span> <span class='ocrx_word' id='word_1_447' title='bbox 918 2526 1106 2561; x_wconf 83' lang='lat' dir='ltr'>Conradus</span> <span class='ocrx_word' id='word_1_448' title='bbox 1131 2528 1207 2561; x_wconf 76' lang='lat' dir='ltr'>sive</span> <span class='ocrx_word' id='word_1_449' title='bbox 1226 2527 1458 2572; x_wconf 85' lang='lat' dir='ltr'>Audaciceps</span> <span class='ocrx_word' id='word_1_450' title='bbox 1482 2530 1546 2562; x_wconf 85' lang='lat' dir='ltr'>aut</span> <span class='ocrx_word' id='word_1_451' title='bbox 1570 2529 1727 2563; x_wconf 85' lang='lat' dir='ltr'>stultum</span> <span class='ocrx_word' id='word_1_452' title='bbox 1751 2530 1865 2573; x_wconf 86' lang='lat' dir='ltr'>caput</span> <span class='ocrx_word' id='word_1_453' title='bbox 1887 2529 1964 2563; x_wconf 83' lang='lat' dir='ltr'>sive</span> 
     </span>
     <span class='ocr_line' id='line_1_41' title="bbox 338 2579 1963 2631; baseline 0.004 -18"><span class='ocrx_word' id='word_1_454' title='bbox 338 2579 561 2625; x_wconf 82' lang='lat' dir='ltr'>Scalmiceps</span> <span class='ocrx_word' id='word_1_455' title='bbox 586 2581 644 2615; x_wconf 88' lang='lat' dir='ltr'>hic</span> <span class='ocrx_word' id='word_1_456' title='bbox 669 2581 900 2626; x_wconf 83' lang='lat' dir='ltr'>flagelletur:</span> <span class='ocrx_word' id='word_1_457' title='bbox 929 2594 974 2616; x_wconf 85' lang='lat' dir='ltr'>an</span> <span class='ocrx_word' id='word_1_458' title='bbox 1000 2582 1188 2617; x_wconf 85' lang='lat' dir='ltr'>Conradus</span> <span class='ocrx_word' id='word_1_459' title='bbox 1211 2583 1335 2618; x_wconf 89' lang='lat' dir='ltr'>Kollin</span> <span class='ocrx_word' id='word_1_460' title='bbox 1358 2583 1560 2626; x_wconf 78' lang='lat' dir='ltr'>Ulmensis,</span> <span class='ocrx_word' id='word_1_461' title='bbox 1588 2585 1652 2628; x_wconf 83' lang='lat' dir='ltr'>qui</span> <span class='ocrx_word' id='word_1_462' title='bbox 1678 2584 1963 2631; x_wconf 69' lang='lat' dir='ltr'>‘Heidelberge’</span> 
     </span>
     <span class='ocr_line' id='line_1_42' title="bbox 338 2636 1964 2685; baseline 0.003 -16"><span class='ocrx_word' id='word_1_463' title='bbox 338 2647 368 2670; x_wconf 82' lang='lat' dir='ltr'>a.</span> <span class='ocrx_word' id='word_1_464' title='bbox 389 2640 484 2670; x_wconf 84' lang='grc'>1507.</span> <span class='ocrx_word' id='word_1_465' title='bbox 505 2636 681 2679; x_wconf 78' lang='lat' dir='ltr'>decanus,</span> <span class='ocrx_word' id='word_1_466' title='bbox 715 2649 744 2671; x_wconf 87' lang='lat' dir='ltr'>a.</span> <span class='ocrx_word' id='word_1_467' title='bbox 767 2643 860 2672; x_wconf 85' lang='lat'>1511.</span> <span class='ocrx_word' id='word_1_468' title='bbox 886 2638 1071 2683; x_wconf 84' lang='lat' dir='ltr'>generalis</span> <span class='ocrx_word' id='word_1_469' title='bbox 1108 2639 1394 2684; x_wconf 70' lang='lat' dir='ltr'>praedicatorum</span> <span class='ocrx_word' id='word_1_470' title='bbox 1426 2640 1561 2683; x_wconf 86' lang='lat' dir='ltr'>factus,</span> <span class='ocrx_word' id='word_1_471' title='bbox 1600 2641 1708 2675; x_wconf 88' lang='lat' dir='ltr'>brevi</span> <span class='ocrx_word' id='word_1_472' title='bbox 1742 2641 1830 2685; x_wconf 84' lang='lat' dir='ltr'>post</span> <span class='ocrx_word' id='word_1_473' title='bbox 1861 2640 1964 2675; x_wconf 85' lang='lat' dir='ltr'>Colo-</span> 
     </span>
     <span class='ocr_line' id='line_1_43' title="bbox 337 2691 1964 2740; baseline 0.002 -15"><span class='ocrx_word' id='word_1_474' title='bbox 337 2691 436 2726; x_wconf 90' lang='lat' dir='ltr'>niam</span> <span class='ocrx_word' id='word_1_475' title='bbox 469 2693 586 2735; x_wconf 78' lang='lat' dir='ltr'>venit,</span> <span class='ocrx_word' id='word_1_476' title='bbox 620 2693 683 2727; x_wconf 85' lang='lat' dir='ltr'>ubi</span> <span class='ocrx_word' id='word_1_477' title='bbox 711 2693 810 2728; x_wconf 84' lang='lat' dir='ltr'>inter</span> <span class='ocrx_word' id='word_1_478' title='bbox 835 2694 1201 2737; x_wconf 83' lang='lat' dir='ltr'>Antireuchlinistas,</span> <span class='ocrx_word' id='word_1_479' title='bbox 1232 2697 1366 2740; x_wconf 85' lang='lat' dir='ltr'>postea</span> <span class='ocrx_word' id='word_1_480' title='bbox 1397 2695 1510 2730; x_wconf 86' lang='lat' dir='ltr'>etiam</span> <span class='ocrx_word' id='word_1_481' title='bbox 1537 2696 1634 2731; x_wconf 87' lang='lat' dir='ltr'>inter</span> <span class='ocrx_word' id='word_1_482' title='bbox 1657 2696 1964 2730; x_wconf 84' lang='lat' dir='ltr'>Antilutheranos</span> 
     </span>
     <span class='ocr_line' id='line_1_44' title="bbox 338 2747 1964 2797; baseline 0.004 -17"><span class='ocrx_word' id='word_1_483' title='bbox 338 2747 510 2790; x_wconf 87' lang='lat' dir='ltr'>eminuit,</span> <span class='ocrx_word' id='word_1_484' title='bbox 537 2759 567 2782; x_wconf 86' lang='lat' dir='ltr'>a.</span> <span class='ocrx_word' id='word_1_485' title='bbox 588 2753 683 2783; x_wconf 79' lang='grc'>1536.</span> <span class='ocrx_word' id='word_1_486' title='bbox 701 2751 868 2784; x_wconf 87' lang='lat' dir='ltr'>mortuus</span> <span class='ocrx_word' id='word_1_487' title='bbox 894 2752 958 2785; x_wconf 89' lang='lat' dir='ltr'>est.</span> <span class='ocrx_word' id='word_1_488' title='bbox 982 2771 1023 2774; x_wconf 85' lang='lat'>——</span> <span class='ocrx_word' id='word_1_489' title='bbox 1048 2750 1150 2785; x_wconf 85' lang='lat' dir='ltr'>Inter</span> <span class='ocrx_word' id='word_1_490' title='bbox 1174 2752 1335 2786; x_wconf 86' lang='lat' dir='ltr'>rectores</span> <span class='ocrx_word' id='word_1_491' title='bbox 1352 2751 1560 2797; x_wconf 86' lang='lat' dir='ltr'>Lipsienses</span> <span class='ocrx_word' id='word_1_492' title='bbox 1586 2753 1642 2787; x_wconf 90' lang='lat' dir='ltr'>est</span> <span class='ocrx_word' id='word_1_493' title='bbox 1666 2763 1696 2787; x_wconf 86' lang='lat' dir='ltr'>a.</span> <span class='ocrx_word' id='word_1_494' title='bbox 1719 2756 1816 2787; x_wconf 83' lang='lat'>1474.</span> <span class='ocrx_word' id='word_1_495' title='bbox 1834 2751 1964 2787; x_wconf 88' lang='lat' dir='ltr'>Iohan-</span> 
     </span>
     <span class='ocr_line' id='line_1_45' title="bbox 337 2802 938 2851; baseline 0.008 -15"><span class='ocrx_word' id='word_1_496' title='bbox 337 2814 402 2837; x_wconf 90' lang='lat' dir='ltr'>nes</span> <span class='ocrx_word' id='word_1_497' title='bbox 427 2802 591 2848; x_wconf 86' lang='lat' dir='ltr'>Tolhopf</span> <span class='ocrx_word' id='word_1_498' title='bbox 611 2805 655 2839; x_wconf 89' lang='lat' dir='ltr'>de</span> <span class='ocrx_word' id='word_1_499' title='bbox 681 2805 869 2851; x_wconf 84' lang='lat' dir='ltr'>Kempnat</span> <span class='ocrx_word' id='word_1_500' title='bbox 891 2807 938 2840; x_wconf 85' lang='lat' dir='ltr'>M.</span> 
     </span>
    </p>

    <p class='ocr_par' dir='ltr' id='par_1_18' title="bbox 249 2858 1929 2908">
     <span class='ocr_line' id='line_1_46' title="bbox 249 2858 1929 2908; baseline 0.003 -15"><span class='ocrx_word' id='word_1_501' title='bbox 249 2862 290 2893; x_wconf 82' lang='lat'>35</span> <span class='ocrx_word' id='word_1_502' title='bbox 315 2858 344 2892; x_wconf 84' lang='lat' dir='ltr'>b.</span> <span class='ocrx_word' id='word_1_503' title='bbox 362 2859 428 2892; x_wconf 71' lang='lat' dir='ltr'>hab</span> <span class='ocrx_word' id='word_1_504' title='bbox 447 2886 452 2891; x_wconf 95' lang='lat'>.</span> <span class='ocrx_word' id='word_1_505' title='bbox 469 2886 474 2891; x_wconf 94' lang='lat'>.</span> <span class='ocrx_word' id='word_1_506' title='bbox 490 2886 495 2891; x_wconf 95' lang='lat'>.</span> <span class='ocrx_word' id='word_1_507' title='bbox 514 2861 665 2905; x_wconf 72' lang='lat' dir='ltr'>ayendo]</span> <span class='ocrx_word' id='word_1_508' title='bbox 692 2863 780 2896; x_wconf 74' lang='lat' dir='ltr'>wohl</span> <span class='ocrx_word' id='word_1_509' title='bbox 803 2863 1021 2908; x_wconf 70' lang='lat' dir='ltr'>u·z&#39;clzte&#39;9c1·cs</span> <span class='ocrx_word' id='word_1_510' title='bbox 1045 2874 1087 2898; x_wconf 72' lang='grc' dir='ltr'>Ξιι</span> <span class='ocrx_word' id='word_1_511' title='bbox 1114 2865 1203 2898; x_wconf 72' lang='lat' dir='ltr'>them</span> <span class='ocrx_word' id='word_1_512' title='bbox 1228 2864 1329 2907; x_wconf 74' lang='lat' dir='ltr'>habt,</span> <span class='ocrx_word' id='word_1_513' title='bbox 1355 2875 1441 2898; x_wconf 83' lang='lat' dir='ltr'>sane</span> <span class='ocrx_word' id='word_1_514' title='bbox 1466 2865 1608 2899; x_wconf 86' lang='lat' dir='ltr'>maiora</span> <span class='ocrx_word' id='word_1_515' title='bbox 1631 2864 1702 2898; x_wconf 87' lang='lat' dir='ltr'>tibi</span> <span class='ocrx_word' id='word_1_516' title='bbox 1726 2876 1821 2899; x_wconf 86' lang='lat' dir='ltr'>curae</span> <span class='ocrx_word' id='word_1_517' title='bbox 1847 2865 1929 2899; x_wconf 87' lang='lat' dir='ltr'>sint.</span> 
     </span>
    </p>

    <p class='ocr_par' dir='ltr' id='par_1_19' title="bbox 248 2915 414 2956">
     <span class='ocr_line' id='line_1_47' title="bbox 248 2915 414 2956; baseline 0 -9"><span class='ocrx_word' id='word_1_518' title='bbox 248 2917 333 2956; x_wconf 87' lang='lat' dir='ltr'>Pag.</span> <span class='ocrx_word' id='word_1_519' title='bbox 350 2915 414 2950; x_wconf 76' lang='lat'>42.</span> 
     </span>
    </p>

    <p class='ocr_par' dir='ltr' id='par_1_20' title="bbox 250 2969 1307 3013">
     <span class='ocr_line' id='line_1_48' title="bbox 250 2969 1307 3013; baseline 0.009 -12"><span class='ocrx_word' id='word_1_520' title='bbox 250 2972 267 3001; x_wconf 94' lang='lat'>1</span> <span class='ocrx_word' id='word_1_521' title='bbox 288 2969 493 3013; x_wconf 74' lang='lat' dir='ltr'>procedere]</span> <span class='ocrx_word' id='word_1_522' title='bbox 520 2970 671 3007; x_wconf 83' lang='lat' dir='ltr'>adsidue</span> <span class='ocrx_word' id='word_1_523' title='bbox 695 2973 830 3008; x_wconf 86' lang='lat' dir='ltr'>litteris</span> <span class='ocrx_word' id='word_1_524' title='bbox 855 2976 894 3008; x_wconf 87' lang='lat' dir='ltr'>et</span> <span class='ocrx_word' id='word_1_525' title='bbox 918 2975 1058 3009; x_wconf 80' lang='lat' dir='ltr'>artibus</span> <span class='ocrx_word' id='word_1_526' title='bbox 1082 2975 1307 3010; x_wconf 87' lang='lat' dir='ltr'>incumbere.</span> 
     </span>
    </p>

    <p class='ocr_par' dir='ltr' id='par_1_21' title="bbox 249 3024 1262 3074">
     <span class='ocr_line' id='line_1_49' title="bbox 249 3024 1262 3074; baseline 0.007 -16"><span class='ocrx_word' id='word_1_527' title='bbox 249 3028 268 3058; x_wconf 77' lang='lat'>:2</span> <span class='ocrx_word' id='word_1_528' title='bbox 293 3024 324 3057; x_wconf 75' lang='lat'>71.</span> <span class='ocrx_word' id='word_1_529' title='bbox 345 3024 419 3058; x_wconf 67' lang='lat' dir='ltr'>bon.</span> <span class='ocrx_word' id='word_1_530' title='bbox 439 3025 637 3071; x_wconf 51' lang='lat' dir='ltr'>livoniam]</span> <span class='ocrx_word' id='word_1_531' title='bbox 663 3028 759 3062; x_wconf 76' lang='lat' dir='ltr'>bona</span> <span class='ocrx_word' id='word_1_532' title='bbox 785 3030 909 3064; x_wconf 88' lang='lat' dir='ltr'>indole</span> <span class='ocrx_word' id='word_1_533' title='bbox 934 3031 1112 3074; x_wconf 83' lang='lat' dir='ltr'>praeditus</span> <span class='ocrx_word' id='word_1_534' title='bbox 1137 3042 1262 3065; x_wconf 80' lang='lat' dir='ltr'>essem.</span> 
     </span>
    </p>
   </div>
  </div>
 </body>
</html>
