2119 3522
331 251 428 296 590
849 264 1114 288 COMMENTARIVS
1141 264 1188 286 An
1212 265 1285 286 EPP.
1303 264 1334 286 o.
1351 265 1384 287 v.
1409 264 1487 287 vor..
1504 265 1527 287 1.

329 324 498 421 Pag·l‡r‘{·
509 376 659 418 docens,
693 376 731 409 et
762 375 906 419 concipi
935 374 1182 419 intelligendo
1214 374 1405 408 notionem
1434 374 1530 408 hanc
1562 385 1607 408 ex
1637 374 1791 419 singulis
1821 375 2042 420 quibusdam

418 432 638 466 existentem
669 431 780 474 atque
812 431 1056 473 contractam,
1088 440 1210 474 neque
1235 430 1386 464 naturas
1416 440 1494 464 esse
1524 430 1589 464 has
1620 440 1688 474 per
1717 441 1754 464 se
1778 431 1876 474 ipsas
1900 431 2042 475 priores

417 486 580 531 singulis,
606 497 727 530 neque
751 496 791 520 re
816 486 880 520 sed
904 486 1054 520 nomine
1078 486 1225 520 tantum
1250 486 1466 520 consistere:
1492 485 1709 520 Nominales
1734 486 1914 530 appellati
1937 486 2041 520 fuere

417 542 456 576 et
484 541 663 575 Moderni.
717 540 933 585 Habuitque
963 542 1162 585 utrumque
1200 541 1305 584 quasi
1340 553 1475 586 agmen
1506 552 1589 576 suos
1621 541 1791 576 ductores
1822 542 1860 576 et
1894 543 2041 576 autores

418 607 574 641 quorum
604 598 743 631 sectam
773 597 877 641 sequi
906 596 1109 640 placuerat.
1157 596 1281 640 Atque
1312 607 1383 631 non
1419 597 1537 631 solum
1569 597 1824 631 contentiones
1855 598 1894 631 et
1921 598 2043 642 iurgia

416 653 513 686 inter
538 652 807 694 dissentientes,
834 652 899 686 sed
924 652 1180 686 dimicationes
1205 652 1318 686 etiam
1343 663 1384 686 ac
1409 664 1544 697 pugnae
1569 652 1772 687 commissae
1796 653 1962 695 fuerunt,
1988 653 2042 685 in-

415 707 563 741 terdum
594 707 930 741 concertationibus
961 718 1034 741 non
1065 708 1211 742 tautum
1242 708 1494 752 pertinacibus
1524 708 1740 751 verborum,
1772 708 1837 742 sed
1866 719 2043 742 manuum

417 774 563 807 quoque
589 763 771 798 violentis.
804 763 890 798 Haec
916 763 1067 797 dissidia
1092 765 1129 798 et
1152 763 1429 808 Tubingensem
1446 763 1687 798 Academiam
1710 764 1933 806 invaserant,
1960 774 2043 797 con-

416 818 590 853 tubernio
614 819 795 853 bonarum
821 819 957 853 artium
983 820 1021 853 et
1043 819 1291 863 Philosophiae
1316 820 1448 854 studiis
1473 819 1670 862 destinato,
1696 821 1734 853 in
1759 820 1832 854 duo
1857 820 1962 864 quasi
1986 830 2043 854 ca-

418 874 526 908 stella
550 874 684 917 diviso,
713 886 758 909 ex
782 875 916 919 quibus
942 875 987 909 de
1013 875 1187 919 opinione
1219 886 1286 909 sua
1308 875 1488 910 factiones
1517 876 1590 910 illae
1624 875 1802 910 acerrime
1832 875 2044 920 praeliantes

418 929 630 964 inimicitias
654 942 787 975 graves
812 930 1036 964 exercebant
1053 958 1060 964 .
1079 933 1115 964 .“
1136 951 1175 954 —
1201 931 1281 965 Der
1298 931 1385 965 Sata
1402 932 1462 966 cles
1477 932 1726 966 Nomz'nalz'sm
1750 932 1798 966 ist
1823 932 1907 975 (sec.
1924 930 2043 964 Buhle

419 986 551 1020 Lelirb.
570 985 636 1019 der
659 985 788 1020 Gesch.
807 986 873 1020 der
895 986 1031 1020 Philos.
1058 991 1088 1020 5.
1106 986 1186 1020 Thl.
1213 986 1379 1031 Gotting.
1400 991 1496 1022 1800.
1520 990 1566 1022 8⁰.
1588 999 1623 1032 p.
1644 989 1750 1031 191.):
1787 987 1874 1021 Nm·
1901 987 1945 1020 in
1974 987 2046 1021 den

416 1042 685 1076 imlividuellen
711 1041 863 1086 Dc'nyen
893 1045 1011 1086 cmsser
1041 1053 1112 1076 mis
1143 1042 1392 1085 ·2·st11²ealitcit,
1439 1043 1515 1077 Die
1543 1043 1797 1078 Universalien
1826 1043 1913 1077 sind
1943 1043 2046 1086 blosse

422 1097 788 1141 Verstmzdesbeffliffe
813 1098 904 1132 ohne
926 1098 1110 1139 Realz'tc‘it,
1137 1098 1196 1131 (lie
1220 1109 1294 1132 nur
1319 1098 1434 1132 durch
1457 1099 1517 1133 (lie
1540 1099 1700 1142 Sprache
1723 1099 1868 1142 objectiv
1894 1099 2045 1133 bezeich-

415 1156 476 1188 ‘net
506 1153 668 1194 werden,
698 1153 778 1186 und
809 1153 976 1188 dccclurch
1006 1155 1076 1188 (len
1100 1153 1231 1188 Scheiu
1260 1165 1330 1188 von
1354 1154 1520 1189 Reazitat
1544 1155 1762 1197 bekommen,
1792 1155 1833 1189 ob
1857 1155 1909 1189 sie
1931 1155 2046 1199 yleich

416 1209 521 1243 selbst
544 1209 660 1242 τεθεῖεν
685 1209 765 1242 eine
788 1208 955 1243 Reamcit
980 1210 1175 1252 enthcclten,
1200 1211 1290 1245 noch
1315 1211 1413 1245 einer
1437 1211 1603 1245 Realitcit
1627 1211 1935 1253 correspondiren.
1967 1210 2046 1245 Der

417 1264 504 1299 Sata
528 1265 589 1299 cles
612 1264 820 1299 Realismus
851 1265 901 1298 im
928 1264 1156 1310 Geqentheile
1180 1266 1246 1300 ist:
1275 1266 1326 1300 In
1358 1267 1428 1301 den
1457 1267 1729 1301 indz'viduellen
1754 1266 1905 1311 Dinaea
1928 1269 2046 1310 ausser

417 1326 488 1355 um
510 1321 558 1354 ist
581 1320 685 1354 Reme
707 1320 885 1354 Realitc'tt.
932 1320 1008 1355 Die
1036 1321 1289 1356 Universalien
1318 1323 1404 1357 siml
1436 1323 1496 1357 die
1523 1323 1643 1357 wahre
1667 1322 1851 1365 Realitcct,
1882 1323 1961 1357 und
1986 1322 2046 1357 die

417 1377 648 1411 Indivessduen
671 1377 728 1411 als
750 1377 864 1411 solche
890 1376 963 1420 [elie
987 1377 1173 1412 einzelnen
1191 1377 1327 1423 Diome]
1353 1379 1628 1413 unterscheicleoz
1651 1379 1726 1413 sich
1749 1389 1823 1413 mm·
1847 1379 1962 1413 durch
1986 1378 2046 1413 die

416 1433 685 1467 Accidenzenss
732 1432 811 1466 Iam
836 1432 879 1465 cf.
898 1432 1004 1477 impr.
1023 1433 1162 1467 Prantl
1195 1434 1315 1468 Gesclz.
1334 1435 1398 1469 der
1423 1435 1540 1479 Loffl'k
1564 1435 1608 1468 Π.
1626 1447 1660 1479 p.
1680 1439 1732 1469 35.
1750 1446 1828 1478 sqq.
1848 1435 1886 1468 et
1914 1446 1950 1478 p.
1970 1437 2044 1468 116.

418 1488 525 1531 „dass
548 1487 717 1521 moderni
743 1488 802 1521 (lie
820 1515 826 1521 .
846 1514 852 1521 .
870 1489 1172 1524 verdienstvollen
1190 1490 1346 1534 [σαῦρον
1367 1491 1586 1534 (Anselnms,
1615 1490 1724 1525 Wizh.
1743 1501 1773 1524 v.
1796 1490 2045 1533 Glmmpeaux,

417 1544 529 1588 Huyo
552 1554 583 1578 v.
602 1543 638 1578 S.
662 1543 797 1585 Victor,
821 1543 954 1577 Robert
970 1544 1106 1579 Pullus
1129 1557 1164 1579 u«.
1182 1546 1257 1588 A),
1283 1549 1422 1588 erstere,
1449 1546 1524 1589 (die
1547 1547 1705 1590 antiqui)
1732 1547 1815 1581 aber
1829 1546 1914 1589 jene
1937 1547 2045 1589 spitz-

417 1600 582 1644 findi-qen
614 1599 806 1643 Sophisten
837 1600 902 1634 der
932 1600 1243 1645 vorlwryehemlen
1268 1602 1348 1636 Zeit
1373 1603 1459 1636 siml
1478 1629 1485 1636 .
1504 1605 1544 1637 .“
1569 1606 1646 1637 tum
1676 1603 1786 1646 „class
1817 1603 1876 1637 die
1900 1603 2045 1647 antiqui

416 1656 493 1690 sich
517 1656 572 1690 bei
596 1656 660 1690 der
684 1656 823 1690 cilteren
846 1655 1153 1691 Boetlm'am'schen
1180 1657 1380 1692 Tradz'tz'ooz,
1405 1658 1469 1693 der
1493 1659 1611 1704 Loyik
1641 1659 1858 1703 beym'iyten,
1884 1659 1943 1693 die
1967 1669 2044 1693 mo-

418 1712 523 1746 derni
546 1712 722 1756 lufozyeyen
747 1713 826 1747 clem
850 1712 1148 1747 A're'stotelsischen
1176 1714 1350 1758 Orycmosn
1374 1715 1488 1749 ozc'iher
1511 1715 1708 1749 standeffl.

329 1771 368 1801 17
394 1768 504 1802 bursa
529 1794 536 1801 .
554 1794 561 1801 .
580 1794 587 1801 .
612 1769 834 1812 processum]
867 1767 921 1802 De
954 1769 1021 1803 hac
1053 1769 1164 1804 bursa
1188 1771 1226 1804 et
1257 1770 1303 1804 de
1333 1770 1403 1805 hoc
1434 1782 1608 1815 processu
1640 1771 1683 1805 cf.
1702 1771 1750 1805 ad
1780 1772 1956 1816 superior.
1974 1785 2004 1806 v.
2019 1782 2043 1806 1.

417 1824 493 1857 citt.
513 1824 598 1858 artt.

330 1883 369 1914 18
393 1890 548 1924 yrcware
570 1881 612 1914 in
636 1891 679 1914 m.
691 1880 743 1924 μ]
769 1880 917 1925 gravari
941 1892 1008 1925 per
1032 1892 1079 1915 m.
1097 1893 1144 1926 p.‚
1171 1883 1213 1916 ut
1236 1883 1385 1917 veniam
1410 1883 1474 1918 des
1498 1884 1680 1928 quaerenti
1702 1883 1805 1918 mihi.

327 1940 369 1969 ‘20
396 1936 638 1970 cletermz'mcre
662 1936 754 1979 disp.
773 1939 806 1970 et
830 1937 953 1981 com-L]
986 1937 1008 1971 i.
1028 1948 1058 1971 e.
1076 1938 1342 1982 magistr-aliter
1371 1940 1532 1974 tractare
1562 1939 1724 1983 primum
1755 1938 1945 1983 arguendo
1976 1950 2044 1983 per

416 1992 545 2026 contra
569 1993 607 2026 et
630 1992 765 2034 utrum,
793 1993 873 2026 turn
899 1993 1153 2028 concludendo
1178 1995 1444 2029 sentimentum
1470 1995 1604 2030 dicere.

369 2058 434 2082 sec.
452 2052 555 2082 vestr.
568 2049 684 2093 posse]
713 2049 854 2092 ‘posse’
881 2049 1112 2083 substantive
1144 2052 1230 2095 (pro
1262 2051 1464 2095 potestate,
1491 2051 1691 2095 facultate)
1722 2052 1829 2085 vetus
1858 2063 1944 2085 usus
1975 2052 2041 2094 est,

417 2105 454 2137 et
478 2104 689 2148 antiquiora
713 2104 885 2148 exempla
908 2116 967 2139 me
992 2105 1119 2150 legere
1144 2107 1299 2140 memini
1323 2118 1435 2151 quam
1459 2107 1618 2152 protulit
1640 2107 1854 2152 Ducangius
1878 2108 1912 2141 h.
1930 2119 1963 2142 v.

325 2163 366 2193 21
394 2161 541 2203 quaestio
564 2161 654 2205 ista]
697 2160 814 2202 Quam
839 2161 1101 2195 Willibrordus
1132 2163 1202 2196 sibi
1232 2163 1311 2207 ipse
1343 2163 1485 2198 solvere
1516 2164 1681 2208 poterat,
1712 2163 1742 2197 si
1772 2162 2041 2198 Clementinam

416 2220 446 2250 3.
464 2212 575 2260 supra
591 2217 638 2250 ad
654 2220 697 2250 46
706 2219 743 2250 25.
762 2217 822 2251 cit.
839 2217 1005 2262 legisset,
1033 2228 1077 2251 ex
1102 2229 1176 2262 qua
1199 2218 1277 2253 haec
1302 2221 1469 2253 enotasse
1494 2220 1660 2253 iuvabit:
1687 2219 1779 2262 „Ad
1802 2220 1968 2253 nostrum
1988 2247 1996 2254 .
2010 2247 2018 2254 .
2034 2247 2042 2254 .

416 2272 589 2314 pervenit
619 2272 805 2314 auditum,
837 2272 937 2316 quod
968 2274 1069 2307 secta
1098 2274 1268 2317 quaedam
1300 2275 1559 2310 abominabilis
1590 2276 1821 2320 quorundam
1850 2275 2042 2310 hominum

415 2327 679 2370 malignorum,
706 2329 770 2371 qui
787 2328 974 2373 Beguardi
993 2329 1050 2374 [al.
1068 2330 1260 2375 Begardfl,
1289 2332 1328 2364 et
1351 2332 1583 2375 quarundam
1607 2331 1813 2366 infidelium
1831 2331 2040 2374 mulierum,

416 2393 496 2425 quae
514 2382 691 2427 Beguinae
716 2384 923 2428 vulgariter
947 2385 1198 2428 appellantur,
1224 2386 1262 2419 in
1285 2397 1401 2431 regno
1418 2387 1648 2422 Alemanniae
1673 2388 1895 2431 procurante
1921 2388 2041 2422 satore

415 2437 598 2472 malorum
629 2450 783 2483 operum
814 2440 1076 2474 damnabiliter
1108 2442 1324 2485 insurrexit,
1359 2444 1490 2477 tenens
1521 2445 1559 2478 et
1588 2454 1753 2477 asserens
1784 2443 1953 2478 doctrina
1976 2455 2043 2478 sua

416 2494 596 2539 sacrilega
628 2496 666 2529 et
696 2506 872 2539 perversa
900 2496 1053 2530 inferius
1081 2497 1294 2542 designatos
1319 2509 1481 2533 errores:
1516 2501 1564 2543 10)
1586 2526 1594 2534 .
1615 2526 1621 2533 .
1641 2499 1741 2543 quod
1764 2499 1875 2534 homo
1899 2499 1938 2533 in
1963 2500 2042 2534 vita

415 2551 589 2594 praesenti
613 2551 760 2585 tantum
794 2553 831 2585 et
854 2552 969 2586 talem
992 2552 1231 2597 perfectionis
1261 2555 1419 2599 gradum
1442 2556 1567 2599 potest
1594 2556 1802 2599 acquirere,
1835 2555 1935 2599 quod
1959 2556 2039 2590 red—

416 2607 524 2640 detur
553 2607 702 2651 penitus
726 2608 995 2652 impeccabilis,
1029 2611 1067 2643 et
1097 2609 1254 2653 amplius
1284 2611 1322 2643 in
1347 2611 1468 2655 gratia
1491 2611 1670 2655 proficere
1695 2622 1769 2646 non
1794 2611 1937 2645 valebit
1959 2639 1965 2645 .
1993 2639 2000 2646 .
2025 2639 2033 2646 .

415 2665 465 2706 20)
491 2663 590 2706 quod
614 2663 779 2697 ieiunare
804 2675 878 2698 non
904 2665 1053 2709 oportet
1075 2665 1281 2708 hominem,
1308 2677 1376 2700 nec
1402 2677 1523 2710 orare,
1553 2668 1751 2711 postquam
1776 2667 1933 2712 gradum
1957 2678 2038 2711 per—

414 2719 583 2753 fectionis
607 2719 818 2754 huiusmodi
842 2720 957 2754 fuerit
980 2722 1168 2755 assecutus
1188 2748 1194 2754 .
1217 2748 1224 2754 .
1245 2750 1252 2755 .
1291 2724 1341 2765 3⁰)
1368 2723 1467 2766 quod
1491 2722 1547 2756 illi
1571 2750 1578 2756 .
1597 2750 1605 2757 .
1625 2750 1632 2757 .
1655 2734 1730 2757 non
1761 2724 1847 2757 sunt
1870 2723 2039 2757 humanae

415 2775 569 2809 subiecti
595 2775 832 2818 obedientiae,
859 2787 927 2810 nec
952 2777 999 2810 ad
1024 2777 1149 2821 aliqua
1172 2780 1360 2823 praecepta
1377 2779 1539 2813 ecclesiae
1557 2779 1771 2823 obligantur
1788 2805 1796 2814 .
1811 2806 1819 2813 .
1834 2805 1841 2812 .
1871 2780 1922 2823 4⁰)
1939 2779 2039 2823 quod

414 2829 523 2864 honio
548 2832 673 2875 potest
696 2833 750 2866 ita
773 2832 922 2867 finalem
946 2834 1219 2868 beatitudinem
1243 2862 1250 2869 .
1266 2862 1273 2869 .
1288 2862 1295 2869 .
1316 2835 1477 2878 assequi,
1509 2835 1604 2870 sicut
1628 2845 1710 2869 eam
1733 2835 1772 2868 in
1797 2835 1876 2869 vita
1899 2835 2039 2869 obtine-

414 2885 471 2918 bit
494 2886 614 2920 beata.
661 2890 711 2931 50)
738 2889 837 2932 quod
862 2889 1040 2933 quaehbet
1062 2890 1326 2925 intellectualis
1354 2892 1488 2925 natura
1511 2891 1549 2924 in
1573 2902 1611 2925 se
1635 2891 1717 2936 ipsa
1740 2890 1959 2925 naturaliter
1983 2891 2039 2924 est

414 2941 525 2975 beata
546 2969 575 2976 ..
591 2970 599 2977 .
636 2946 686 2987 60)
711 2944 811 2988 quod
836 2956 873 2979 se
898 2945 936 2979 in
961 2946 1104 2979 actibus
1136 2957 1307 2981 exercere
1338 2948 1519 2981 virtutum
1545 2948 1601 2981 est
1628 2947 1788 2981 hominis
1814 2946 2036 2990 imperfecti,

416 2998 454 3030 et
477 2998 643 3041 perfecta
672 3000 796 3033 anima
824 3000 995 3036 licentiat
1025 3013 1046 3036 a
1073 3013 1110 3036 se
1135 3002 1302 3037 virtutes.
1350 3004 1398 3045 7⁰)
1425 3003 1525 3046 quod
1549 3003 1714 3037 mulieris
1738 3002 1920 3044 osculum,
1952 3012 2036 3035 cum

416 3053 463 3086 ad
492 3053 561 3087 hoc
591 3056 724 3089 natura
755 3067 828 3090 non
858 3057 1028 3099 inclinet,
1067 3059 1123 3091 est
1152 3059 1308 3093 mortale
1339 3060 1552 3102 peccatum,
1578 3060 1680 3093 actus
1710 3059 1836 3092 autem
1867 3057 2034 3100 carnalis,
