2119 3522
273 217 367 261 518
791 227 1055 251 COMMENTARIVS
1078 227 1124 249 AD
1149 228 1221 249 EPP.
1239 227 1269 249 o.
1285 228 1318 250 v.
1343 227 1421 250 VOL.
1439 228 1461 249 1.

272 293 357 333 Pag.
377 291 412 325 3.

272 349 290 378 2
318 344 350 377 T
348 344 435 377 hom.
454 342 682 386 Lanyschw]
724 340 862 374 Verum
893 349 1107 383 praenomen
1139 338 1247 371 huius
1273 337 1429 372 Sartoris
1454 337 1701 372 Obscurorum
1732 339 1883 373 chorum
1915 338 1980 372 du-

361 397 475 432 centis
499 396 705 431 Ludovicus
729 395 809 429 fuit.
854 394 898 428 cf.
916 393 994 427 Ind.
1012 393 1129 438 biogr.
1147 405 1182 437 p.
1200 397 1275 428 405.
1293 405 1345 437 sq.
1364 394 1430 427 art.
1449 393 1757 438 Langschneider.

271 461 290 489 :3
316 454 570 488 &wadum-ius·
600 452 782 496 theologice
817 450 1013 494 formatus]
1054 449 1098 483 cf.
1123 449 1201 483 Ind.
1224 449 1341 494 biogr.
1365 450 1449 483 artt.
1468 448 1735 484 Baccalaureus
1769 451 1807 484 et
1838 449 1979 492 Gauda,

360 508 608 543 Theodoricus
634 507 690 542 de.

270 570 290 600 4
315 565 479 609 quamvis
498 564 686 608 indignus]
713 562 894 598 Solemnis
921 562 1216 606 superbientium
1240 561 1479 605 praelatorum
1503 561 1604 605 piam
1629 561 1848 596 modestiam
1873 561 1981 595 simu-

359 619 517 654 lantium
542 619 702 653 formula
725 619 842 653 vetus.

271 682 289 711 5
313 675 626 719 superexcellenti]
667 675 745 708 Hoc
770 675 884 709 verbo
910 674 984 708 iam
1010 673 1203 707 Salvianus
1228 684 1314 706 usus
1339 674 1408 715 est,
1440 672 1522 707 adv.
1542 673 1670 707 avarit.
1689 678 1720 715 3,
1740 682 1781 708 18.

315 744 380 766 ozee
403 732 493 775 ozon]
535 731 666 765 Adhuc
696 730 804 764 multi
836 730 1005 775 magistri
1035 728 1151 764 nostri
1179 728 1249 763 hoc
1282 728 1426 763 doctius
1458 728 1739 773 elegantiusque
1771 739 1847 763 esse
1873 740 1984 773 quam

361 787 518 831 simplex
544 787 617 821 ‘et'
643 787 788 831 putant.

316 843 631 886 scientz'flcissinzo]
660 843 682 876 i.
707 854 736 877 e.
763 841 1019 876 eruditissimo.
1078 841 1174 875 Tum
1205 841 1310 875 verbi
1341 841 1547 875 monstrum
1578 840 1848 883 ‘scientificus',
1886 841 1985 885 quod

362 900 459 934 foret
484 899 672 933 ‘scientias
697 898 864 940 faciens’,
891 899 971 932 tum
990 897 1208 942 superlativi
1226 896 1361 942 gradus
1379 896 1622 931 deridiculam
1641 895 1888 932 obscurorum
1913 897 1985 932 ele-

362 955 528 1001 gantiam
553 954 702 1000 egregie
727 955 901 999 produnt.

275 1016 292 1046 7
319 1012 409 1045 (lom.
431 1011 469 1046 O.
492 1011 555 1055 G.]
603 1010 655 1045 Cf.
672 1010 751 1045 Ind.
768 1010 885 1055 biogr.
902 1022 937 1054 p.
956 1014 1031 1045 383.
1050 1010 1116 1044 art.
1135 1008 1294 1044 Gratius.

273 1074 293 1103 S
312 1072 426 1111 poeste
449 1067 605 1111 oratori]
638 1067 679 1100 ut
712 1067 937 1101 ‘oratoream
968 1065 1227 1110 poeticamque
1264 1063 1413 1099 Colonie
1445 1064 1593 1108 publice
1626 1064 1778 1099 docens’
1813 1063 1988 1099 Ortvinus

365 1123 574 1167 adpellatur
597 1122 643 1156 ad
668 1135 702 1167 p.
724 1128 750 1156 l.
771 1132 901 1156 v.2...4.

320 1183 351 1214 et
369 1180 457 1223 plus
480 1180 512 1213 si
536 1179 655 1222 vellet]
696 1178 779 1212 Non
806 1189 849 1212 ex
874 1177 1027 1211 Luciani
1051 1176 1206 1210 Timone
1232 1187 1262 1210 c.
1280 1180 1349 1218 52„
1379 1176 1443 1210 ubi
1468 1175 1627 1210 Demeas
1651 1176 1842 1211 decretum
1866 1177 1904 1210 in
1929 1176 1987 1211 Ti—

363 1236 481 1269 monis
505 1235 682 1268 honorem
712 1233 995 1278 proponendum
1019 1233 1151 1267 recitat
1177 1234 1257 1268 ‘nal
1284 1230 1355 1277 γὰρ
1381 1230 1501 1276 ῥήτωρ
1527 1228 1676 1276 ἄριστος
1701 1229 1720 1268 ὁ
1752 1233 1898 1277 Τίμων,
1922 1234 1987 1267 καὶ

364 1290 408 1325 τὰ
435 1286 531 1325 ἄλλα
557 1286 681 1325 πάντα
706 1287 828 1325 ὁπόσα
853 1285 901 1323 ἂν
927 1286 1088 1331 ἐθέλοι’,
1116 1288 1180 1323 sed
1206 1299 1250 1323 ex
1272 1288 1387 1332 ipsius
1406 1287 1551 1322 Ortvini
1574 1288 1752 1323 iactantia
1774 1288 1852 1323 haec
1877 1299 1988 1323 vano-

363 1359 445 1381 rum
462 1347 653 1381 nominum
671 1346 872 1380 ostentatio
891 1345 1079 1390 pungitur.
1114 1345 1158 1379 cf.
1177 1344 1347 1386 Quadum
1364 1343 1700 1379 Kinkelbacensem
1717 1344 1821 1379 Hutt.
1836 1343 1930 1389 Opp.
1944 1344 1989 1379 ΙΙ.

366 1415 401 1447 p.
420 1407 495 1438 4T4.
513 1415 547 1436 n.
567 1414 689 1436 eccon.

275 1464 294 1494 9
322 1459 500 1504 Quoniam
529 1459 608 1502 eta]
651 1458 728 1492 Hoc
756 1458 922 1502 epistula}
948 1457 1096 1491 initium
1122 1468 1166 1491 ex
1183 1457 1340 1491 Andreae
1357 1455 1537 1491 Delitiani
1557 1456 1616 1500 (cf.
1633 1456 1712 1490 Ind.
1730 1457 1847 1502 biogr.
1865 1468 1900 1501 p.
1914 1461 1991 1492 357.

366 1516 431 1549 art.
450 1514 651 1558 Delitzsch)
670 1514 794 1558 aliquo
811 1513 938 1548 libello
956 1514 1145 1557 sumptum
1163 1524 1239 1547 esse
1258 1512 1457 1547 Zarnckius
1474 1512 1635 1557 scripsit,
1654 1512 1719 1546 sed
1743 1523 1787 1546 ex
1804 1523 1877 1556 quo
1894 1524 1991 1547 nunc

366 1582 402 1605 se
428 1571 568 1605 nescire
595 1570 777 1615 quaerenti
800 1569 1009 1614 respondit,
1039 1580 1160 1613 neque
1187 1580 1255 1614 ego
1280 1569 1439 1613 repperi.

321 1627 549 1670 Aristoteles]
592 1626 717 1671 Categ.
736 1638 761 1660 S.
779 1625 993 1660 Praedicam.
1012 1629 1041 1660 7.
1067 1626 1089 1659 i.
1107 1625 1130 1659 f.
1163 1625 1234 1667 „td
1266 1624 1396 1669 μέντοι
1430 1622 1708 1669 διαπορηκέναι
1741 1620 1806 1668 ἐφ’
1833 1621 1992 1659 ἕκοὶστου

368 1680 492 1717 αὐτῶν
518 1679 586 1718 οὐκ
605 1678 793 1727 ἄχρηστόν
811 1679 947 1717 ἐστιν.“
989 1681 1032 1716 cf.
1050 1681 1258 1725 Metaphys.
1275 1680 1320 1715 II.
1340 1685 1368 1714 1.
1395 1708 1414 1722 „
1427 1679 1503 1715 ἔστι
1522 1679 1564 1715 δὲ
1583 1685 1661 1721 τοῖς
1681 1676 1891 1725 εὐπορῆσαι
1909 1681 1993 1725 βου·

368 1737 539 1782 λομένοις
569 1733 758 1783 προῦργου
791 1735 831 1773 τὸ
858 1739 1089 1781 διαπορῆσαι
1117 1738 1274 1777 καλῶς.“
1323 1735 1497 1771 Ceterum
1519 1747 1593 1770 non
1619 1747 1663 1770 ex
1687 1736 1767 1781 ipso
1792 1736 1992 1771 Aristotele

369 1795 432 1829 sed
457 1806 500 1828 ex
523 1795 646 1829 nescio
672 1805 744 1838 quo
779 1795 856 1828 eius
888 1794 1178 1828 commentatore
1203 1791 1442 1826 Aristotelem
1472 1791 1531 1826 hic
1557 1792 1595 1825 et
1623 1791 1719 1826 infra
1742 1804 1776 1837 p.
1795 1793 1862 1827 5²³-
1884 1795 1992 1828 185²&

367 1850 511 1884 laudari
537 1850 644 1884 facile
671 1850 807 1884 viderit
830 1850 893 1894 qui
919 1849 1008 1893 quid
1033 1849 1102 1883 sibi
1127 1848 1246 1883 velint
1268 1848 1324 1882 hae
1351 1847 1519 1892 epistulae
1543 1847 1782 1882 intellexerit.

281 1912 319 1941 10
345 1907 580 1950 Ecclesiaste]
607 1906 632 1940 I.
654 1911 704 1940 10.
753 1905 876 1940 Semel
907 1906 950 1939 iis
975 1905 1039 1949 qui
1064 1905 1109 1939 de
1134 1915 1308 1949 perverso
1334 1914 1444 1937 sacrae
1470 1904 1660 1948 scripturae
1685 1903 1723 1937 in
1747 1903 1804 1937 his
1829 1904 1995 1948 epistolis

368 1962 466 1996 facto
485 1974 551 1995 usu
570 1963 791 2006 queruntur,
824 1961 917 1995 illud
934 1961 1162 1995 Erasmicum
1178 1971 1396 2005 responsum
1415 1960 1508 1993 esto:
1543 1959 1664 2003 ‘quasi
1682 1959 1892 1994 sacerdotes
1916 1960 1995 2004 qui-

370 2019 454 2052 dam
473 2019 511 2052 et
527 2017 697 2052 monachi
716 2029 841 2052 omnes
858 2029 963 2062 paene
981 2017 1135 2052 facetias
1159 2027 1241 2051 suas
1265 2027 1338 2050 non
1364 2015 1560 2050 desumant
1577 2026 1622 2049 ex
1638 2015 1750 2049 sacris
1765 2015 1869 2049 libris
1879 2016 1900 2050 ’.
1939 2015 1997 2050 Ita

370 2074 543 2109 Ortvinus
561 2086 644 2108 cum
662 2085 727 2108 sua
740 2074 1067 2110 Dominicanorum
1084 2074 1244 2108 factione
1264 2073 1301 2107 et
1316 2072 1426 2117 longe
1444 2072 1575 2116 postea
1586 2071 1854 2116 Weislingerus
1870 2082 1996 2107 recen-

369 2132 555 2174 tioresque
581 2130 733 2164 Obscuri
759 2131 944 2175 praecipue
970 2130 1015 2165 de
1041 2129 1197 2175 epistola
1220 2129 1247 2163 Ι.
1265 2132 1318 2163 28.
1341 2127 1536 2162 lamentati
1560 2128 1660 2169 sunt,
1698 2127 1769 2172 ipsi
1791 2127 1997 2162 nescientes

372 2198 453 2221 eam
470 2186 546 2220 fere
572 2187 689 2220 totam
716 2197 759 2220 ex
784 2187 878 2220 libro
897 2186 1047 2221 Thomae
1065 2186 1110 2220 de
1129 2185 1300 2227 Walleis‚
1328 2184 1392 2229 qui
1416 2183 1554 2218 ordinis
1575 2195 1600 2218 s.
1618 2182 1803 2218 Dominici
1818 2183 1897 2228 ipse
1914 2183 1996 2225 fuit,

373 2242 611 2287 compositam
632 2253 719 2276 esse.
758 2241 903 2285 Crotus,
924 2243 983 2277 cui
998 2242 1075 2276 haec
1095 2241 1255 2286 epistula
1271 2251 1356 2275 cum
1373 2239 1504 2274 ceteris
1521 2239 1632 2284 primi
1650 2239 1812 2284 exempli
1828 2239 1998 2274 omnibus

373 2297 613 2333 adscribenda
640 2309 717 2332 esse
742 2298 906 2340 videtur,
932 2299 971 2331 in
988 2297 1169 2332 imitando
1187 2296 1514 2331 Dominicanorum
1532 2295 1616 2329 stilo
1634 2295 1747 2328 mirus
1765 2294 1898 2328 artifex
1914 2294 1997 2336 fuit,

372 2354 559 2388 Huttenus
577 2355 700 2387 autem
711 2381 718 2395 ,
745 2354 972 2397 reliquarum
990 2365 1073 2397 epp.
1090 2352 1129 2387 O.
1144 2353 1187 2387 V.
1204 2354 1353 2386 tantum
1369 2362 1443 2386 non
1461 2351 1626 2385 omnium
1643 2350 1800 2395 scriptor
1817 2351 1855 2384 et
1870 2350 1909 2384 in
1929 2350 1998 2384 hoc

373 2420 519 2454 quoque
545 2409 719 2443 doctrinae
744 2420 880 2454 genere
904 2409 1103 2453 discipulus
1132 2408 1242 2443 amici
1265 2408 1321 2442 sui
1339 2407 1454 2450 Croti,
1486 2407 1572 2441 inde
1597 2406 1643 2440 ab
1668 2406 1798 2440 harum
1824 2406 1999 2450 epistula-

373 2478 454 2500 rum
473 2465 654 2507 editione,
680 2476 753 2499 non
771 2466 850 2499 tum
869 2465 1035 2506 demum,
1062 2476 1146 2499 cum
1163 2464 1317 2498 Lutheri
1334 2474 1481 2498 causam
1498 2463 1802 2508 amplecteretur,
1828 2462 1998 2506 frequen-

373 2523 506 2556 tiorem
531 2532 716 2556 sacrarum
740 2521 1005 2565 scripturarum
1029 2521 1066 2554 in
1091 2520 1285 2555 scribendo
1310 2531 1416 2553 usum
1445 2519 1544 2553 fecit.

287 2583 324 2613 11
353 2579 466 2623 [yitur
491 2578 571 2621 etc]
614 2576 794 2619 Quoniam
812 2604 819 2611 .
835 2604 858 2619 .,
885 2577 1015 2622 igitur,
1046 2577 1126 2611 weil
1151 2576 1226 2610 sive
1253 2577 1302 2611 da
1320 2603 1327 2610 .
1343 2603 1367 2618 .,
1400 2585 1437 2610 80
1456 2602 1463 2609 .
1479 2602 1504 2617 .‚
1538 2576 1581 2609 ut
1607 2574 1684 2609 fere
1709 2574 1747 2608 in
1773 2574 1999 2609 coniunctio—

374 2634 482 2668 nibus
508 2633 677 2667 omnibus
700 2644 775 2667 non
791 2632 965 2667 Latinum
983 2632 1047 2667 sed
1065 2631 1328 2667 Germanicum
1350 2642 1492 2666 morem
1516 2630 1714 2664 observant
1732 2629 1897 2664 Obscuri.
1943 2629 2002 2663 Ita

375 2689 610 2734 pronomina,
638 2689 702 2723 ubi
718 2688 852 2724 Latina
873 2689 1003 2734 lingua
1027 2699 1071 2723 ea
1092 2699 1166 2723 non
1189 2688 1346 2733 patitur,
1371 2687 1461 2732 poni
1484 2686 1620 2729 solent,
1650 2687 1694 2720 ut
1715 2686 1751 2720 h.
1767 2685 1791 2720 1.
1817 2688 1894 2730 ‘eqo
1917 2696 2000 2730 pro-

376 2746 518 2789 posui'3
557 2746 648 2779 item
670 2757 845 2780 numerus
868 2745 1064 2780 cardinalis
1087 2755 1154 2789 pro
1179 2744 1399 2779 Germanico
1429 2742 1585 2777 articulo
1606 2741 1819 2783 indefinito,
1852 2741 1895 2775 ut
1924 2741 1960 2775 h.
1977 2740 2000 2775 1.

379 2805 503 2834 ‘unam
531 2802 802 2844 quaestionem⁷.
856 2801 1182 2846 Praepositionibus
1210 2810 1357 2845 quoque
1387 2799 1537 2833 barbari
1564 2798 1680 2832 nostri
1706 2797 1863 2832 barbare
1892 2797 2001 2831 utun-

376 2858 453 2897 tur,
487 2858 528 2890 ut
551 2858 585 2891 h.
603 2858 626 2891 1.
654 2862 819 2892 ‘movere
843 2868 954 2891 unam
978 2858 1105 2902 quaest.
1131 2858 1170 2891 in
1193 2867 1268 2900 qua
1291 2856 1376 2890 dub.
1398 2855 1500 2897 hab„
1525 2855 1576 2888 ad
1593 2854 1688 2888 dom.
1707 2854 1840 2896 vestr.‘,
1871 2853 1895 2886 i.
1912 2863 1943 2886 e.
1964 2862 2002 2886 so

377 2913 446 2946 hab
473 2913 525 2947 ich
552 2914 621 2946 mir
643 2918 852 2957 vui-yesetzt,
877 2915 956 2948 eine
980 2913 1119 2958 Fraye,
1143 2913 1259 2947 worm
1283 2912 1341 2947 ich
1364 2911 1515 2953 Zwez'fel
1538 2911 1644 2952 habe,
1679 2921 1730 2944 an
1751 2909 1876 2950 Euch,
1906 2908 2003 2942 mein

378 2968 487 3010 Herr,
516 2971 581 3003 (an
601 2969 702 3004 Eure
718 2970 1100 3012 HerrschaftIz'clelseit)
1127 2968 1395 3012 achzzczcerfen,
1422 2969 1460 3001 et
1484 2981 1512 3001 v.
1532 2977 1571 3001 14.
1594 2966 1784 3000 instruatis
1812 2975 1870 2998 me
1894 2974 2003 3007 super

380 3023 533 3057 dubium
559 3026 627 3057 etc.
677 3025 763 3067 Quae
789 3025 912 3059 omnia
937 3025 1052 3059 semel
1076 3024 1259 3058 monuisse
1286 3022 1454 3057 sufficiat.
