2119 3522
262 203 357 247 814
660 216 824 238 ADDENDA
848 216 889 237 ET
914 215 1126 237 EMENDAXDA
1150 214 1196 236 AD
1220 215 1318 237 HVTT.
1337 215 1407 237 OPP.
1432 215 1509 237 VOL.
1526 213 1563 236 11.

259 348 282 371 a
310 332 564 382 benignitate
593 343 666 367 sua
697 330 830 366 omnia
861 328 1027 378 dirigat,
1068 329 1188 366 etiam
1218 334 1338 379 atque
1370 329 1489 366 etiam
1520 333 1714 377 optamus.
1771 327 1865 365 Non
1895 340 1964 378 pa-

258 402 345 425 rum
373 388 415 424 hi
444 385 635 423 tumultus
665 385 762 421 mihi
792 383 1104 421 incommodant.
1135 389 1271 421 tamen
1299 385 1466 434 triginta
1494 396 1603 420 nunc
1631 383 1819 428 iuuenes,
1853 396 1964 432 egre-

259 444 364 493 giam
392 443 599 479 literarum
628 438 758 490 spem,
792 446 952 486 nactus,
985 439 1264 477 molendinum
1293 452 1426 476 meum
1455 439 1573 476 molo.
1632 438 1845 489 Myconius
1864 438 1963 475 Ere-

258 512 363 535 mum
402 498 617 542 concessit,
658 496 828 533 honesta
864 501 908 532 ut
945 495 1066 532 audio
1104 494 1355 541 conditione,
1397 508 1487 532 eum
1523 494 1723 532 aduocare
1757 495 1801 530 in
1831 494 1964 531 animo

258 553 473 598 habebam,
520 552 593 589 sed
632 551 821 602 abreptus
861 557 933 588 est.
997 550 1136 588 laboro
1175 556 1220 587 ut
1255 550 1479 587 modestum
1516 550 1710 600 aliquem,
1756 555 1964 595 moratum,

259 609 477 647 candidum
497 608 721 646 nanciscar.
768 607 817 643 In
840 607 977 656 primis
1005 619 1101 643 uero
1124 607 1194 656 qui
1216 605 1390 643 docendi
1409 605 1571 643 modum
1590 605 1754 651 habeat,
1789 611 1828 643 et
1848 618 1967 655 quem

258 667 448 702 iuuentus
485 677 574 701 mea
605 676 686 700 non
718 663 915 713 grauatim
945 662 1095 699 audiat.
1156 662 1221 699 Tu
1251 663 1285 699 si
1315 674 1434 712 quem
1463 661 1586 699 talem
1614 661 1796 699 indicare
1827 673 1964 711 queaS,

258 734 354 769 rogo
394 720 533 757 facias.
599 719 782 768 Zinglius
820 717 1023 768 quendam
1058 731 1106 755 ex
1136 718 1301 767 Brugis,
1341 716 1450 767 quod
1489 716 1681 766 oppidum
1718 722 1763 753 ut
1799 717 1875 754 scis
1915 716 1967 754 ad

258 776 423 813 Arolam
451 776 599 812 flumen
624 781 700 820 est,
735 774 1075 811 commonstrauit.
1135 773 1219 810 Alii
1240 779 1375 811 tamen
1395 785 1596 810 morosum
1615 772 1819 810 hominem
1839 772 1965 818 aiunt,

259 832 368 882 quod
399 831 586 881 equidem
611 830 761 867 nescio.
794 830 871 866 fuit
891 830 923 866 is
946 829 1167 879 aliquando
1190 829 1350 866 auditor
1370 841 1500 874 meus,
1534 834 1654 878 atque
1677 841 1766 865 cum
1787 841 1834 865 eo
1855 828 1969 864 nulla

258 888 354 924 mihi
388 887 638 924 familiaritas
669 885 909 923 intercessit.
969 884 1012 922 Si
1043 885 1166 922 alium
1196 885 1382 922 inuenire
1413 896 1590 934 nequeo,
1624 889 1730 921 certe
1753 897 1843 921 eum
1865 883 1966 922 acci—

258 945 378 994 piam.
441 943 521 992 Qui
550 942 622 979 has
653 942 803 992 parteis
833 947 1062 991 sumpturus
1092 946 1170 986 est,
1205 940 1365 977 doctum
1393 952 1479 977 esse
1501 945 1671 989 oportet.
1729 939 1836 977 Nam
1856 940 1967 976 iuue-

258 1013 330 1036 nes
368 998 498 1037 habeo
546 998 700 1048 aliquot
740 997 900 1047 egregie
939 996 1131 1034 eruditos
1197 996 1257 1032 Ac
1298 1008 1372 1045 ego
1411 994 1576 1045 quidem
1612 994 1860 1045 stipendium
1895 1008 1967 1045 pro

260 1054 413 1092 duabus
444 1054 571 1099 horis,
615 1053 785 1103 singulis
816 1066 900 1089 non
931 1053 1044 1090 festis
1077 1051 1236 1097 diebus,
1276 1058 1415 1087 XXIIII
1445 1056 1726 1088 coronatorum
1755 1051 1968 1088 constituo.

257 1111 430 1148 Multum
468 1110 538 1147 otii
576 1115 804 1159 superesset
842 1108 919 1154 illi,
960 1114 1004 1144 ut
1044 1107 1230 1145 officinae
1267 1107 1436 1144 alicuius
1473 1106 1657 1156 praelum
1692 1106 1812 1144 facile
1841 1111 1968 1156 regat.

259 1166 339 1204 Sed
362 1180 470 1202 nunc
493 1165 541 1202 de
562 1165 737 1202 Daniele
761 1163 914 1201 Cassio.
945 1164 1041 1201 satis
1070 1162 1205 1200 studet
1234 1163 1409 1209 iuuenis,
1443 1162 1516 1199 sed
1536 1162 1669 1199 nullos
1690 1161 1814 1200 habet
1833 1162 1970 1199 libros.

256 1222 419 1259 Liuium
441 1234 549 1258 nunc
568 1221 677 1270 lego.
715 1221 748 1257 si
769 1226 883 1270 potes
904 1232 1090 1256 succurre
1112 1218 1183 1255 illi.
1242 1218 1544 1256 Matrimonium
1563 1231 1696 1255 meum
1714 1218 1811 1255 satis
1833 1218 1969 1256 etiam-

260 1291 354 1314 num
386 1277 503 1315 dulce
533 1277 787 1326 benignitate
811 1274 978 1321 Christi,
1013 1289 1036 1312 a
1066 1274 1220 1312 ciuibus
1252 1287 1379 1320 amor,
1413 1274 1604 1312 accrescit
1634 1273 1822 1310 nonnihil
1851 1273 1970 1311 rebus

258 1335 370 1371 meis.
402 1333 502 1370 haec
533 1332 641 1382 apud
671 1339 709 1369 te
741 1331 976 1369 iuueniliter
1005 1332 1127 1377 iacto,
1161 1329 1232 1367 sed
1264 1331 1305 1366 in
1335 1330 1444 1367 hunc
1464 1343 1597 1375 usum,
1630 1335 1675 1366 ut
1697 1329 1876 1367 laetitiae
1898 1329 1968 1367 ali-

261 1389 357 1439 quid
396 1389 583 1426 adferant
620 1389 762 1425 literae
800 1393 974 1425 nostrae.
1043 1386 1133 1423 Scio
1173 1386 1280 1423 enim
1316 1399 1378 1423 me
1423 1386 1465 1422 in
1502 1386 1639 1435 primis
1680 1385 1755 1422 tibi
1793 1385 1968 1431 charum,

261 1445 418 1495 gaudeo
459 1458 552 1494 ergo
590 1444 753 1481 fortuna
792 1456 893 1481 mea.
966 1441 1210 1480 Exorandus
1259 1447 1318 1478 est
1360 1440 1542 1479 Christus
1584 1448 1629 1478 ut
1668 1455 1741 1478 nos
1781 1442 1838 1479 ita
1877 1454 1969 1478 con-

260 1507 406 1538 seruet.
463 1501 565 1537 Vale
598 1499 883 1537 iucundissime
914 1498 1114 1537 Vadiane.
1174 1497 1360 1535 Basileae
1392 1511 1442 1534 ex
1471 1496 1640 1535 aedibus
1670 1497 1817 1534 nostris
1847 1497 1969 1534 Anno

264 1556 411 1594 Christi
441 1556 688 1594 ῖΙᾸλΧΧΙΙΙ.
717 1563 790 1593 XV.
826 1553 966 1592 Galen.
998 1553 1146 1592 Febru.

375 1612 498 1650 Salua
528 1612 577 1648 sit
608 1625 708 1648 uxor
737 1617 823 1656 tua,
858 1610 1001 1647 fratres
1033 1608 1406 1658 consanguineique
1436 1608 1488 1645 In
1518 1609 1655 1659 primis
1675 1614 1768 1646 tuus
1788 1609 1863 1646 iste
1885 1608 1970 1646 affi-

374 1669 435 1705 nis
473 1668 540 1717 qui
579 1667 643 1704 hic
682 1674 815 1704 tecum
845 1672 931 1703 erat
959 1666 1012 1702 D.
1041 1665 1218 1702 Ioannes
1247 1663 1365 1713 Vogl.
1402 1664 1640 1702 Dominicus
1672 1670 1712 1701 et
1740 1665 1774 1701 si
1804 1665 1872 1715 qui
1903 1664 1971 1701 alii

375 1724 502 1760 amici.
562 1723 676 1760 Abiit
704 1723 780 1759 hoc
812 1721 875 1759 die
906 1721 1129 1767 Huttenus,
1162 1720 1286 1769 longa
1316 1726 1421 1758 esset
1452 1733 1574 1757 causa
1612 1720 1694 1758 Sed
1724 1720 1840 1760 Vale.

465 1775 742 1828 [susm-[ptim]
784 1778 835 1816 D.
866 1777 1071 1814 Ioachimo
1109 1775 1298 1814 Vadiano
1337 1775 1436 1813 Viro

792 1833 1019 1870 doctissimo
1049 1832 1418 1881 humanissimoquc

810 1889 1039 1926 Medicinae
1072 1888 1242 1933 doctori,
1276 1888 1402 1925 amico

847 1951 983 1982 nostro
1014 1952 1207 1995 tanquam
1238 1943 1354 1981 fratri

264 2045 468 2077 CCCIIHss.
509 2044 781 2086 Autographum
806 2044 843 2075 in
869 2043 1085 2075 collectione
1110 2042 1342 2084 epistolarum
1367 2042 1600 2075 bibliothecae
1625 2043 1782 2085 publieae
1799 2044 1969 2076 Bremen-

262 2097 311 2128 sis
338 2095 442 2137 (plut.
461 2095 490 2129 1.
508 2096 555 2135 8.)
582 2097 768 2127 inventum
792 2094 1024 2135 transcripsit
1048 2094 1116 2126 III.
1135 2092 1216 2126 Kal.
1236 2092 1349 2133 April.
1368 2103 1399 2126 a.
1420 2093 1516 2124 1865.
1534 2093 1730 2125 Mauricius
1753 2102 1886 2128 HAUPT.

263 2197 351 2237 Pag.
367 2198 442 2228 372.
459 2199 543 2228 ante
570 2194 867 2227 CCCXXXXIII.
893 2197 1012 2227 insere
1039 2194 1108 2227 vol.
1124 2194 1190 2226 III.
1211 2205 1245 2236 p.
1260 2194 1453 2227 550...560.
1472 2194 1664 2235 repetitum
1688 2194 1834 2226 Nicolai
1851 2194 1971 2226 Ascle—

352 2247 403 2288 pii
427 2247 580 2278 Barbati
605 2246 883 2287 Panegyricum.

264 2299 353 2339 Pag.
371 2299 447 2330 412.
466 2308 496 2328 v.
514 2304 557 2331 29.
577 2297 708 2337 corrige
736 2295 880 2327 Scottus
907 2294 984 2337 (pro
1011 2295 1167 2335 Scotus).

265 2349 352 2389 Pag.
367 2348 445 2379 466.
464 2348 486 2380 i.
507 2347 531 2378 f.
552 2346 641 2377 adde
669 2345 862 2386 epistolam
887 2345 1093 2386 Rottingeri
1119 2355 1224 2386 quam
1249 2345 1319 2379 vol.
1336 2345 1402 2379 III.
1421 2356 1454 2387 p.
1473 2345 1549 2377 561.
1568 2354 1619 2386 sq.
1638 2344 1876 2377 exhibuimus.

265 2399 353 2439 Pag.
372 2398 449 2429 480.
490 2397 650 2427 Litteras
674 2395 852 2426 Ioachimi
878 2396 920 2426 de
946 2395 1126 2434 Moltzan,
1160 2395 1289 2435 quibus
1315 2395 1510 2437 respondet
1534 2405 1596 2426 rex
1620 2395 1840 2426 Franciscus
1865 2395 1898 2427 (1.
1918 2396 1972 2428 27.

352 2448 458 2480 Mart.
480 2458 511 2478 a.
530 2447 626 2478 1519.
648 2444 713 2485 (n0.
732 2447 762 2479 5.
785 2445 896 2476 Lisch
922 2456 954 2479 n.
975 2445 1064 2484 198.)
1093 2445 1296 2486 publicavit
1322 2445 1370 2476 M.
1390 2446 1420 2475 Ie
1447 2444 1549 2485 Glay,
1574 2445 1812 2485 Neyociatz'ons
1837 2445 1970 2485 diplom.

354 2502 448 2529 entre
476 2499 506 2528 Iu
533 2496 664 2527 Franee
689 2500 720 2527 et
745 2496 870 2531 l'Antr.
918 2497 1019 2528 Tom.
1038 2495 1085 2528 II.
1135 2495 1236 2526 Paris
1262 2495 1358 2526 1845.
1397 2493 1449 2525 40.
1489 2503 1597 2535 pagg.
1615 2495 1804 2526 329...333.

603 2572 800 2603 IOACHIM
822 2572 884 2600 DE
905 2572 1126 2602 MOLTZAN
1147 2571 1207 2600 AU
1228 2569 1307 2600 ROI
1328 2569 1552 2612 FRANQOIS
1574 2567 1634 2599 1⁹¹]

354 2636 383 2668 Il
409 2636 496 2668 rend
522 2640 664 2678 compte
690 2636 733 2668 de
759 2645 816 2667 ses
835 2634 1044 2667 demarches
1069 2635 1159 2666 dans
1184 2633 1346 2666 l'inte'ret
1363 2634 1404 2665 de
1430 2632 1615 2665 l'e'lection
1640 2633 1686 2664 du
1703 2633 1774 2675 roi,
1801 2636 1837 2665 et
1855 2633 1972 2665 donne

357 2692 422 2713 son
447 2682 526 2713 avis
551 2691 611 2712 sur
635 2691 676 2712 ce
703 2682 764 2722 qui
787 2684 883 2712 reste
910 2680 931 2711 ἐι
956 2680 1063 2713 faire.
1112 2679 1324 2711 Conditions
1350 2677 1530 2720 impose'es
1553 2688 1619 2719 par
1643 2677 1698 2710 les
1724 2676 1902 2710 e'lecteurs
1928 2678 1972 2709 de

355 2727 532 2766 Mayence
559 2729 595 2757 et
626 2725 669 2757 de
695 2725 967 2766 Brandebourg.
1017 2725 1183 2766 (Original
1206 2724 1414 2764 autoyraplze
1439 2741 1482 2745 —
1507 2722 1612 2754 d’une
1642 2723 1783 2755 lecture
1808 2722 1972 2761 difficile,

357 2767 439 2802 d'un
476 2770 569 2812 style
607 2770 763 2802 barbare
797 2774 833 2802 et
869 2770 1097 2811 quelquefois
1134 2768 1393 2810 inintelligible
1424 2785 1468 2789 —
1497 2767 1669 2801 Biblioth.
1695 2767 1742 2799 du
1770 2767 1853 2805 Roi,
1891 2767 1974 2802 coll,

355 2816 503 2857 Dupuy,
529 2814 599 2848 vol.
616 2816 707 2855 264.)
757 2814 844 2856 (Les
869 2818 960 2847 mots
985 2826 1026 2846 en
1050 2816 1184 2856 italique
1209 2817 1292 2846 sont
1316 2823 1361 2845 en
1386 2812 1531 2844 chiffres
1556 2812 1645 2843 dans
1669 2811 1882 2854 l'original.)

955 2872 1006 2902 12.
1025 2880 1132 2901 mars.
1153 2868 1267 2910 [1519.
1285 2868 1349 2900 sed
1368 2879 1424 2910 ap.
1441 2868 1495 2900 Le
1521 2867 1617 2909 Glay
1641 2868 1738 2899 1518.
1758 2867 1843 2898 anni
1867 2867 1972 2898 initio

1110 2925 1131 2945 a
1155 2914 1351 2956 paschate,
1378 2913 1412 2944 d.
1427 2914 1459 2944 4.
1477 2913 1562 2954 Apr.
1581 2910 1814 2953 computato]

268 2970 527 3010 Invietissime,
559 2971 810 3012 potentissime
843 2981 885 3003 ac
910 2970 1184 3002 cristianissime
1209 2980 1272 3001 rex
1303 2979 1346 3000 ac
1373 2968 1515 3000 domine
1547 2968 1840 3000 clementissime.
1885 2968 1974 2999 Post

270 3020 488 3052 hnmilimam
521 3023 628 3062 atque
659 3021 880 3052 humilimam
913 3021 1277 3054 commendacionem.
1327 3019 1500 3059 Quamvis
1524 3018 1588 3050 alii
1619 3021 1780 3051 oratores
1805 3016 1912 3050 simul
1937 3018 1974 3048 et
