2119 3522
300 195 394 240 622
728 207 995 231 COMMENTARIVS
1017 207 1064 228 AD
1090 207 1161 228 EPP.
1180 207 1211 228 O.
1228 207 1260 228 V.
1286 206 1363 228 VOL.
1380 206 1403 227 1.
1428 205 1573 227 APPEND.

296 268 592 365 {ggdussasstiowem
615 320 673 363 m.]
700 329 812 362 quam
836 317 928 350 mihi
953 327 997 350 ex
1021 316 1086 350 illo
1110 316 1271 361 rapiario
1297 315 1589 350 enucleaveram.
1615 316 1704 349 63²3.

297 381 340 411 38
363 380 439 410 tam
461 375 615 409 multum
638 378 680 408 ut
705 374 786 417 eta]
818 383 893 406 non
923 373 1001 406 tam
1035 371 1206 416 insignis,
1244 372 1460 416 praeeellens
1491 372 1547 405 est
1581 382 1692 414 quam
1723 371 1858 413 fertur,
1897 382 1932 405 es
1960 371 2009 405 ist

385 431 487 465 wicht
509 440 547 465 so
570 431 641 464 ‘viel
665 429 812 473 (saepius
837 439 871 463 es
894 429 941 462 ist
966 428 1066 462 wicht
1089 438 1127 462 so
1148 428 1230 462 weit
1255 428 1330 471 her)
1355 428 1420 461 mit
1444 427 1531 469 ihm,
1555 427 1612 461 als
1633 427 1686 461 sie
1708 436 1778 460 von
1800 427 1875 461 ihm
1898 437 2009 471 sayen

388 487 458 529 (als
480 487 532 521 sie
560 485 707 520 Wesens
729 494 799 519 von
824 485 897 518 ihm
920 484 1098 526 macheu).

295 546 382 587 Pag.
401 544 465 580 65.

296 603 316 633 2
339 598 585 641 speculativis]
611 607 684 631 non
707 596 924 630 formalibus
949 596 1106 629 tantum.

297 659 316 689 3
340 654 538 698 theoloyus]
570 652 622 686 Ut
645 652 705 686 vel
734 652 772 685 in
802 651 891 696 ipsis
921 651 1101 685 librorum
1126 661 1273 684 suorum
1305 650 1608 694 inscriptionibus
1636 661 1714 685 sese
1739 650 1929 684 nominare
1954 660 2008 684 so-

385 709 489 743 lebat
514 708 696 742 Erasmus.

340 766 505 810 simpleoe]
531 766 574 798 ut
597 764 661 808 qui
686 763 807 798 adhuc
824 764 862 797 in
886 763 1010 806 trivio,
1036 763 1074 797 in
1099 763 1317 797 formalibus
1342 763 1546 807 disciplinis
1569 762 1696 805 haeret,
1722 762 1887 796 nondum
1912 773 2008 797 eom-
2054 779 2061 781 ’

384 821 503 866 plevit
538 831 605 865 pro
642 820 814 854 realibus.
868 819 1044 854 Nondum
1078 819 1296 864 prodierant
1330 818 1602 853 Annotationes
1640 818 1679 852 in
1718 829 1857 852 novum
1896 819 2009 853 testa-

384 878 563 912 mentum.
601 876 652 911 Cf.
670 876 774 910 Hutt.
794 876 888 920 Opp.
906 875 933 909 I.
950 887 986 920 p,
1006 880 1080 910 103.

296 939 316 969 6
340 933 520 969 comedere
547 933 690 977 nucem]
725 931 845 976 Supra
874 932 920 966 ab
950 932 1031 976 ipso
1064 931 1259 966 enucleata
1289 932 1459 975 quaestio,
1492 942 1604 975 quam
1635 930 1769 965 deinde
1794 931 2010 965 solvendam

385 989 506 1024 noluit
528 988 680 1022 Erasmo
705 998 931 1032 proponere,
957 988 1153 1022 Nicolaum
1177 998 1327 1021 movere
1352 986 1518 1029 videtur,
1544 988 1587 1020 ut
1609 998 1676 1031 per
1698 987 1795 1021 hane
1820 998 2008 1032 compara-

385 1046 527 1080 tionem
562 1044 754 1078 Erasmum
786 1043 833 1077 ad
869 1044 1089 1087 quaestiones
1125 1042 1374 1087 speculativas
1410 1042 1657 1076 enucleandas
1692 1042 1895 1077 inhabilem
1931 1053 2009 1077 esse

385 1100 579 1146 significet.

295 1161 316 1192 8
339 1168 403 1192 sec.
422 1184 429 1191 .
448 1185 455 1191 .
472 1157 600 1201 intell]
626 1158 668 1190 ut
685 1155 904 1191 Germanice
929 1156 1023 1190 nach
1046 1156 1197 1189 meinent
1221 1155 1427 1190 selme-acken
1445 1154 1693 1199 (einfdltiyeoz,
1717 1155 1900 1198 dummen)
1923 1154 2010 1190 Ver-

383 1213 513 1255 stand,
538 1214 718 1257 quantum
744 1223 813 1257 ego
838 1212 1009 1246 indoctus
1032 1211 1196 1245 iudicare
1221 1222 1381 1255 possum.

295 1274 315 1304 9
339 1270 450 1304 vultis
474 1280 546 1303 aec.
565 1269 639 1312 etc]
681 1268 719 1302 Si
741 1269 820 1303 haee
843 1279 917 1302 non
942 1267 1061 1302 solum
1084 1269 1263 1312 repetunt
1286 1279 1367 1312 quae
1399 1278 1512 1312 supra
1534 1279 1569 1312 p.
1588 1268 1668 1302 35²²
1683 1267 1877 1312 leguntur,
1910 1278 2009 1312 „pro

384 1327 552 1369 tempore
585 1324 791 1359 ascendetis
823 1325 935 1358 etiam
961 1351 994 1357 ..
1019 1323 1067 1357 ad
1098 1323 1234 1368 gradus
1263 1323 1303 1356 in
1328 1334 1431 1357 sacra
1454 1323 1694 1368 theologia“,
1728 1323 1864 1357 docent
1888 1322 2009 1358 Ortvi-

383 1393 473 1415 num
498 1392 528 1415 a.
548 1385 644 1415 1515.
662 1381 852 1415 doctorem
876 1379 1074 1424 theologiae
1099 1379 1239 1414 factum
1263 1390 1336 1413 11011
1362 1390 1450 1414 6666.

297 1443 335 1472 11
363 1438 443 1472 dico
461 1447 532 1480 pro
555 1438 620 1481 me]
646 1436 818 1470 mihimet
840 1436 918 1481 ipse
945 1435 1076 1478 dicam,
1102 1446 1176 1470 11011
1201 1435 1395 1470 scribendo
1421 1446 1620 1480 exponam,
1646 1436 1689 1469 ut
1712 1436 1839 1469 tamen
1863 1435 2009 1469 faciam.

297 1499 337 1528 13
362 1493 505 1528 Erasm.
523 1504 554 1527 v.
572 1493 620 1527 αῖ.
631 1494 753 1537 poeta]
780 1491 876 1526 Satis
900 1494 1030 1526 notum
1056 1493 1126 1534 est,
1152 1493 1233 1525 tum
1257 1491 1435 1535 temporis
1460 1493 1525 1526 aut
1547 1492 1658 1534 1111111,
1694 1492 1774 1533 aut,
1801 1491 1901 1535 quod
1926 1501 2008 1525 raro

385 1549 536 1591 accidit,
566 1548 726 1583 totidem
751 1549 842 1592 quot
865 1548 980 1582 nihilo
1007 1548 1213 1592 comparari
1238 1548 1370 1592 possit,
1403 1548 1590 1582 honorarii
1614 1547 1676 1581 vel
1701 1547 2009 1581 celebratissimos

385 1605 583 1650 scriptores
608 1605 809 1648 accepisse:
836 1604 932 1637 infra
956 1616 991 1648 p.
1010 1605 1111 1638 22730
1128 1604 1234 1647 quasi
1258 1603 1429 1637 mirabile
1455 1603 1545 1646 quid
1569 1604 1742 1637 narratur
1766 1602 1891 1647 „quod
1915 1614 2009 1636 unus

385 1661 584 1706 impressor
608 1660 727 1695 voluit
745 1659 898 1694 Ortvino
925 1660 1011 1694 dare
1035 1673 1081 1693 xx
1106 1660 1264 1694 florenos
1289 1659 1388 1703 quod
1412 1659 1581 1693 mitteret
1604 1659 1817 1703 imprimere
1843 1658 2009 1700 „Preno-

384 1718 593 1751 tamenta“.
641 1715 714 1750 Sed
738 1716 810 1749 alio
837 1715 1008 1759 exemplo
1033 1717 1198 1749 utamur:
1225 1727 1309 1749 cum
1333 1715 1505 1749 Erasmus
1530 1715 1676 1760 Adagia
1699 1725 1766 1748 sua
1788 1714 1884 1749 Aldo
1908 1714 2010 1758 typis

385 1773 625 1808 exscribenda
655 1772 742 1805 dare
774 1771 904 1813 vellet,
937 1771 1127 1806 Frobenus
1157 1783 1201 1806 ea
1225 1771 1295 1805 sibi
1324 1771 1485 1815 pecunia
1514 1771 1697 1805 redimere
1728 1770 1864 1813 voluit,
1897 1780 2009 1814 quam

384 1829 580 1874 pecuniam
604 1828 776 1862 Erasmus
806 1827 845 1861 in
870 1827 909 1861 id
938 1827 1229 1872 impendendam
1260 1838 1337 1861 esse
1368 1826 1576 1871 respondit,
1609 1827 1652 1860 ut
1680 1826 1777 1861 liber
1806 1827 1910 1860 tanto
1936 1826 2009 1860 616-

384 1885 532 1930 gantior
555 1884 782 1928 nitidior-que
806 1884 983 1927 prodiret.
1030 1884 1161 1927 Itaque
1186 1894 1260 1917 non
1290 1883 1447 1917 nimium
1472 1883 1562 1917 dicit
1585 1883 1711 1917 noster
1740 1882 2008 1917 medicinarum

383 1941 623 1985 practicator,
651 1951 707 1982 se,
734 1940 763 1973 si
786 1939 937 1974 fortuna
960 1940 1031 1984 ipsi
1055 1941 1168 1981 bene,
1201 1939 1298 1973 male
1323 1939 1450 1973 multis
1474 1939 1556 1973 aliis
1579 1938 1710 1981 vellet,
1741 1937 1841 1972 intra
1864 1938 2008 1982 septem

385 1997 462 2031 dies
491 1997 574 2041 plus
609 1996 776 2041 pecuniae
813 1996 883 2030 sibi
917 1996 1038 2030 facere
1070 2007 1193 2040 posse,
1232 2006 1344 2039 quam
1379 1995 1435 2028 illi
1470 1994 1751 2029 Federfuchseri
1786 2005 1853 2039 per
1887 1995 2009 2028 totum

386 2063 533 2086 annum.

297 2113 337 2144 16
362 2120 458 2144 maus
487 2109 605 2153 fenix]
637 2108 851 2143 Phoenicem
883 2109 1035 2152 eiusque
1068 2108 1154 2143 vitae
1184 2107 1458 2153 longitudinem
1488 2108 1526 2141 in
1562 2107 1644 2141 aliis
1679 2118 1827 2152 quoque
1863 2107 2009 2152 scriptis

384 2165 458 2198 suis
482 2165 520 2198 in
546 2166 862 2209 comparationem
887 2164 1072 2198 adducere
1098 2164 1284 2199 Huttenus
1309 2164 1470 2198 amabat.

341 2221 494 2254 ‘sancti'
520 2221 792 2254 nominativum
821 2220 1005 2265 pluralem
1031 2222 1069 2254 et
1094 2220 1190 2254 ‘dei’
1218 2220 1435 2264 genetivum
1460 2220 1686 2265 singularem
1712 2230 1805 2262 esse,
1840 2220 1892 2254 eis
1916 2219 2007 2253 utile

386 2277 457 2310 erit
481 2277 687 2318 adnotasse,
713 2276 777 2320 qui
801 2277 839 2309 in
864 2276 1070 2310 Arndtiano
1095 2276 1160 2310 illo
1185 2277 1324 2310 ‘soweit
1349 2277 1409 2310 die
1434 2277 1601 2311 deutsche
1623 2277 1753 2321 anye
1775 2276 1905 2320 klinyt,
1928 2275 2009 2309 ‘emcl

388 2333 473 2367 Gott
497 2333 547 2366 im
570 2333 728 2367 Himmel
754 2332 890 2366 Lieder
912 2333 1023 2376 sinyt,
1049 2332 1216 2366 dativum
1244 2332 1330 2366 Gott
1353 2343 1420 2376 pro
1444 2332 1674 2366 nominativo
1698 2332 1849 2365 habent.

451 2421 686 2456 EPISTOLA
711 2423 776 2460 43.
803 2421 926 2466 (APP.
947 2422 1002 2465 2.)
1039 2421 1227 2456 GALLVS
1252 2420 1594 2456 LINITEXTORIS
1620 2420 1850 2456 ORTVINO.

298 2506 337 2536 19
363 2500 413 2535 Ut
436 2501 680 2545 superiorem,
716 2501 769 2534 ita
801 2512 947 2545 quoque
979 2501 1073 2535 hanc
1098 2501 1322 2535 Lee'nweberi
1352 2501 1549 2545 epistolam
1579 2500 1789 2535 Huttenum
1821 2500 2007 2545 scripsisse

385 2569 555 2603 auguror.
580 2582 623 2586 —
655 2556 905 2602 Gundelfinga
934 2557 1115 2601 oppidum
1145 2557 1191 2591 ad
1216 2557 1406 2592 Brentiam
1430 2568 1503 2591 non
1531 2557 1642 2602 longe
1667 2567 1780 2601 supra
1802 2555 2007 2601 Lauingam

386 2614 432 2648 ad
449 2613 674 2656 Danubium,
700 2614 738 2646 in
757 2624 830 2656 qua
842 2613 1018 2647 Albertus
1034 2613 1083 2647 M.
1102 2615 1210 2648 natus
1228 2615 1293 2656 est,
1319 2614 1357 2647 in
1374 2613 1563 2648 hodiernae
1580 2612 1747 2647 Bavariae
1765 2612 1902 2646 circulo
1919 2612 2007 2646 Sue-

384 2671 465 2704 vico
490 2670 601 2704 situm
627 2670 692 2704 est.

296 2730 338 2760 20
366 2727 502 2760 Gcmtor
520 2753 527 2760 .
542 2754 548 2759 .
565 2753 571 2759 .
589 2726 713 2771 socios]
731 2726 753 2759 i.
773 2737 802 2760 e.
820 2725 918 2760 inter
941 2726 1057 2761 bonos
1082 2727 1215 2769 socios,
1241 2737 1315 2760 11011
1341 2737 1385 2760 ex
1409 2726 1531 2761 officio
1561 2725 1630 2760 sibi
1652 2726 1835 2768 iniuncto,
1868 2725 2006 2759 cantor.

296 2786 338 2816 ‘23
357 2782 602 2825 plnrifaricmz
627 2782 675 2827 eL]
700 2782 883 2827 vielft'iltiy
905 2783 1096 2828 yeliebtem
1121 2783 1211 2817 alias
1234 2783 1274 2816 in
1296 2783 1353 2816 his
1378 2782 1543 2827 epistolis
1558 2792 1633 2816 non
1657 2781 1806 2826 legitur.

341 2838 390 2871 (((Ζ
413 2838 630 2883 Εόενῖηινολ]
662 2837 766 2872 Η3116
791 2837 975 2873 Francisei
999 2839 1044 2873 de
1071 2838 1271 2884 Sickingen
1297 2849 1419 2873 arcem
1443 2849 1554 2883 supra
1578 2837 1740 2880 Navam‚
1769 2837 1809 2871 in
1833 2848 1908 2881 qua
1929 2837 2007 2872 haec

387 2893 543 2937 epistola
566 2894 702 2938 scripta
726 2893 895 2939 fingitur,
925 2906 965 2929 re
991 2906 1081 2929 vera
1104 2894 1313 2929 Huttenum
1337 2894 1521 2937 visitasse,
1548 2905 1632 2928 cum
1657 2894 1835 2928 autumno
1861 2904 1891 2927 a.
1910 2897 2006 2927 1515.

387 2948 517 2982 relicta
540 2950 661 2992 patria
685 2961 767 2984 arce
787 2949 1053 2995 Steckelberga
1074 2951 1211 2985 iterum
1228 2951 1375 2985 Italiam
1391 2951 1555 2995 peteret,
1581 2949 1681 2994 quod
1700 2949 1773 2984 iter
1792 2949 1902 2993 quale
1918 2947 2005 2983 inde

387 3015 408 3039 a
423 3003 631 3039 Wormatia
654 3005 781 3049 fuerit,
807 3006 884 3050 ipse
910 3007 1210 3050 sequentianno,
1238 3007 1280 3040 ut
1294 3006 1414 3041 facete
1431 3005 1673 3050 theologistas
1692 3004 1881 3047 irrideret,
1906 3003 2005 3038 iocu-
