2119 3522
270 357 318 387 §tn

254 572 268 601 ,ξ
288 574 328 597 lo.

340 213 434 257 &04
735 227 900 250 ADDENDA
924 227 966 249 ET
990 226 1201 250 EMENDANDA
1224 228 1270 249 An
1296 226 1393 251 nvrr.
1413 228 1483 249 οΡΡ.
1508 227 1584 250 von.
1602 226 1639 249 11.

338 342 418 381 bis.
481 340 551 379 Sic
587 339 807 379 Francisci
845 352 923 393 ope
963 338 1130 379 diffisus
1170 340 1234 380 es!
1301 338 1371 380 Sic
1409 339 1618 380 bonorum
1655 339 1842 379 omnium
1881 352 1958 393 pro
1997 344 2039 379 te

335 410 436 436 cura
467 395 724 447 desperasti!
774 393 925 449 Neque
948 395 983 434 si
1014 401 1060 434 tu
1087 395 1230 434 anima
1251 401 1293 435 et
1322 396 1531 448 sanguine
1553 394 1750 445 deficias,
1781 393 1904 435 nobis
1927 399 2040 434 esset

334 457 540 505 quantum
571 450 674 489 satis
706 450 836 490 fuerit
867 449 923 489 ad
953 456 995 489 te
1016 450 1278 490 seruandum
1299 449 1530 492 arbitratus
1562 464 1619 491 es.
1669 449 1810 490 Pudet
1837 463 1905 490 me
1926 448 2041 504 quod

333 505 468 546 multa
499 505 762 558 scripserim,
801 505 936 546 multa
965 505 1162 557 fecerim,
1194 519 1291 546 cum
1321 512 1368 545 tu
1398 520 1571 547 causam
1601 505 1733 558 hanc,
1764 506 1809 545 in
1838 519 1923 559 qua
1951 512 2039 545 tam

338 561 507 602 fortiter
529 561 707 601 exerciti
738 575 902 611 sumus,
936 561 997 601 sic
1018 561 1133 615 turpi
1162 560 1246 601 fine
1266 560 1511 602 concludas.
1559 560 1666 602 Haec
1694 559 1813 601 nolui
1841 562 2039 614 ignorare

335 625 389 657 te.
450 617 517 656 Tu
548 616 646 656 vide
677 616 780 671 quid
811 623 854 657 te
884 616 1055 665 deceat,
1094 631 1149 656 an
1178 616 1526 657 benefactoribus
1556 623 1728 670 gratum
1759 630 1870 666 esse,
1912 630 2040 670 quam

331 687 408 726 per
429 671 739 725 turpitudinem
761 671 968 712 demereri
991 686 1060 712 eos
1082 672 1182 723 tibi,
1215 672 1285 726 qui
1309 678 1351 712 te
1372 671 1588 726 perditum
1609 686 1778 727 semper
1798 670 2038 721 voluerunt,

331 729 538 782 praestet'.
595 727 667 767 Me
697 726 890 782 quidem,
928 741 1014 768 non
1050 734 1216 768 tantum
1254 728 1290 767 si
1328 727 1596 782 oppugnabis
1634 742 1824 782 unquam
1860 726 2041 767 Lutheri

331 797 525 834 causam,
566 782 641 823 sed
673 790 713 823 et
744 784 779 823 si
810 790 852 823 te
884 783 944 823 sic
974 783 1168 837 pontifici
1198 783 1276 823 Ro.
1309 783 1560 834 submittas,
1592 783 1771 824 habebis
1803 781 1930 824 valde
1962 781 2038 822 abs

333 847 375 878 te
407 839 744 880 dissentientem.
804 838 915 879 Vale
946 853 999 879 ex
1030 838 1317 892 Ebernburgo
1349 839 1424 880 viii
1446 837 1597 880 calend
1618 838 1765 879 Martii

423 918 455 959 1)
484 921 658 959 praestat.
685 917 759 949 MS.

334 982 573 1016 CCXXVIIss.
624 985 728 1015 Hanc
754 982 894 1026 quoque
921 983 1038 1016 adhuc
1065 984 1238 1016 ineditam
1264 984 1452 1026 epistolam
1479 986 1663 1026 egregiam
1699 984 1855 1025 egregiae
1880 983 2041 1015 comitati

335 1050 366 1071 v.
384 1039 449 1070 cei.
466 1040 608 1070 Baumii
626 1039 758 1079 debeo,
786 1041 848 1080 qui
867 1049 947 1070 eam
964 1040 1198 1080 transcripsit
1215 1050 1258 1071 ex
1276 1040 1399 1071 Archii
1415 1040 1608 1071 Bernensis
1624 1039 1698 1071 MS.
1716 1039 1897 1071 volumine
1916 1039 2039 1070 formae

334 1095 539 1136 quadratae,
565 1095 742 1136 inscripto
766 1095 884 1136 Epist.
903 1095 1015 1127 variae
1032 1095 1144 1126 XVII.
1169 1094 1217 1126 4⁰.
1244 1095 1269 1126 f.
1286 1096 1328 1126 22
1358 1095 1567 1136 adiecitque
1593 1095 1685 1127 haec:
1734 1094 1874 1134 „Manu
1896 1094 2038 1132 Buceri‚

334 1151 394 1190 qni
419 1154 494 1181 tum
519 1150 690 1192 temporis
707 1150 938 1192 Ebernburgi
963 1150 1131 1191 degebat.
1171 1151 1213 1182 In
1231 1160 1367 1182 summa
1385 1150 1464 1182 folii
1488 1154 1592 1192 parte
1611 1160 1726 1182 annus
1753 1148 1876 1182 ‘1521’
1902 1159 2038 1190 coaeva,

332 1205 514 1247 §palatini
545 1206 659 1248 forte,
691 1217 799 1238 manu
830 1206 1047 1248 adscriptus.
1097 1206 1140 1236 In
1164 1209 1266 1247 tergo
1294 1205 1458 1247 epistolae
1484 1205 1626 1247 eadem,
1658 1209 1699 1237 ut
1723 1204 1882 1246 videtur,
1913 1213 2041 1236 manus

332 1261 543 1303 adscripsit:
583 1261 658 1293 Vlr.
677 1262 833 1293 Hutteni
863 1261 960 1304 Epla
991 1262 1036 1293 ad
1068 1262 1118 1293 Io.
1139 1260 1361 1302 Capnionem
1392 1262 1601 1295 MDXXIJ‘
1648 1262 1726 1294 Non
1756 1269 1900 1302 possum
1933 1270 1954 1291 a
1984 1270 2040 1291 me

332 1318 526 1358 impetrare
553 1318 639 1358 quin
664 1327 742 1358 quae
766 1317 861 1349 idem
879 1317 1004 1349 doctus
1022 1317 1078 1349 vir
1102 1317 1188 1348 mihi
1214 1316 1258 1348 de
1276 1316 1455 1349 Bernensi
1480 1317 1660 1349 volumine
1685 1316 1857 1358 privatim
1882 1316 2039 1358 scripsit,

331 1373 467 1413 publici
493 1373 581 1404 iuris
606 1373 753 1404 faciam.
807 1372 898 1405 Sunt
925 1376 1045 1405 autem
1071 1373 1164 1405 haec:
1204 1373 1307 1414 „Der
1328 1383 1434 1414 yanze
1459 1372 1562 1404 Baua
1585 1373 1711 1404 enthdlt
1735 1383 1796 1404 nur·
1821 1371 2040 1412 Absclzris'ten

330 1430 500 1460 enta-eder
523 1440 584 1461 von
608 1428 782 1470 Spalatz'ns
813 1430 896 1460 oder·
919 1430 1067 1461 anderer
1090 1431 1123 1460 in
1148 1429 1202 1461 die
1227 1433 1317 1460 ers-te
1342 1428 1462 1468 Hdlfte
1487 1429 1546 1459 cles
1572 1428 1622 1459 16.
1634 1428 1882 1460 Jalzrlcunderts
1904 1427 2040 1469 yelzd‘ri-

329 1496 390 1525 [jer
415 1485 530 1516 Hand.
579 1484 640 1515 Ielz
669 1485 849 1522 vermutlze,
882 1485 954 1525 dass
986 1485 1177 1526 diejeniyen
1209 1484 1443 1524 Absclzriftmz,
1482 1483 1603 1515 welche
1635 1483 1790 1524 Spalatin
1821 1483 1911 1514 nicht
1938 1482 2040 1514 selbst

329 1540 494 1579 Meranda,
521 1540 605 1571 ‹loc-lc
623 1542 688 1580 anf
705 1542 776 1572 sein
796 1540 925 1581 Gel‘cez'ss
947 1541 1097 1581 gemacht
1119 1541 1255 1572 worden
1279 1540 1357 1571 siml
1362 1551 1374 1574 ;
1399 1540 1485 1570 deun
1502 1540 1554 1570 ielz
1573 1540 1665 1579 finde
1689 1541 1722 1571 in
1740 1540 1855 1570 diesen
1879 1540 2039 1570 letzteren

334 1597 556 1627 Correelm‘en
572 1608 634 1627 von
651 1600 762 1627 seiner
774 1596 891 1627 Hand.
924 1596 996 1627 Der
1009 1595 1115 1635 Brief
1126 1606 1181 1626 XII
1198 1594 1348 1626 Calend.
1364 1594 1481 1625 Maias
1502 1593 1565 1635 [cf.
1576 1594 1672 1626 infra
1688 1605 1722 1625 n.
1735 1590 2038 1635 CCXXXXIIII.]

329 1654 373 1682 ist
403 1653 476 1683 eine
504 1652 604 1692 Cupie
636 1662 697 1683 von
722 1651 897 1692 Spululins
921 1652 1043 1689 Haud,
1075 1652 1136 1683 der
1166 1652 1280 1682 :weile
1310 1650 1392 1681 aber
1418 1648 1465 1691 [i.
1485 1660 1514 1682 e.
1535 1650 1612 1681 haec
1637 1660 1670 1681 n.
1692 1647 1952 1691 CCXXVIIss]
1980 1660 2038 1681 un—

332 1707 539 1739 verleennhm·
563 1719 623 1738 von
642 1707 786 1738 Butzers
812 1708 931 1743 Hand,
960 1708 1027 1738 und
1049 1718 1139 1738 :war
1163 1717 1222 1738 aas
1245 1707 1307 1737 cler
1325 1707 1408 1742 Zeit,
1435 1708 1484 1737 als
1507 1706 1619 1737 dieser
1643 1706 1726 1737 auch
1751 1706 1815 1746 anf
1833 1706 1895 1737 der
1911 1705 2039 1737 Ebern-

329 1764 411 1804 burg]
441 1765 605 1794 vem-eille
636 1764 704 1793 11an
732 1763 814 1793 noch
848 1764 935 1793 nieht
964 1772 1002 1794 so
1033 1763 1169 1803 lczi'sslz'elz
1200 1763 1268 1794 und
1296 1762 1478 1803 nncltld'ssz'gy
1512 1762 1658 1798 sela-ieh,
1695 1762 1755 1792 wie
1787 1772 1824 1792 er
1852 1764 1971 1802 spfi‘ler
2001 1772 2039 1792 zu

331 1820 407 1849 llam
431 1821 554 1860 pslegylv
574 1845 580 1852 .
602 1844 606 1849 .
627 1818 662 1852 ,·”’

329 1929 541 1950 MOGVNTIAE.
1053 1916 1309 1951 CCXXVH&
1772 1925 1811 1966 16.
1831 1928 1942 1949 MART.
1961 1925 2037 1950 1521.

857 1985 1051 2037 [WOLFG.
1074 1994 1313 2025 FABRICIUS
1336 1984 1517 2038 CAPITO]

864 2055 1038 2092 Mai-tino
1069 2055 1262 2092 Lutherio
1293 2055 1503 2104 Theologo

831 2110 1171 2148 Christianissimo
1202 2118 1273 2148 suo
1305 2111 1542 2162 praeceptori

917 2173 956 2205 et
986 2168 1111 2204 amico
1141 2167 1448 2218 incomparabili

329 2246 369 2283 S.
391 2246 530 2283 Nescis
563 2246 614 2282 mi
635 2244 813 2282 Luthere
843 2251 1038 2295 quantum
1068 2246 1287 2295 profeceris
1317 2245 1436 2282 rebus
1468 2244 1663 2282 humanis.
1703 2244 1821 2282 modo
1852 2258 1876 2282 a
1905 2246 2035 2295 ponti-

326 2302 464 2339 ficibus
504 2309 543 2339 et
579 2301 773 2338 mendicis
812 2313 935 2350 queas
979 2301 1209 2339 subsistere.
1283 2301 1485 2351 Equidem
1524 2307 1568 2338 ut
1606 2299 1750 2338 Chusi¹
1789 2314 1860 2351 pro
1898 2301 2034 2338 David

327 2358 521 2394 hactenus
559 2355 766 2406 dissipavi‘2
799 2357 1010 2394 consilium
1030 2357 1248 2394 Achitofel.
1307 2357 1512 2406 Deinceps
1550 2369 1644 2394 vere
1674 2369 1817 2394 vereor
1845 2357 1914 2406 qui
1944 2369 2033 2407 pos-

326 2414 400 2450 sim
429 2412 567 2452 latere.
628 2412 973 2449 Virulentissimus
1012 2412 1176 2462 quidam
1204 2410 1386 2462 Anglus3
1423 2413 1465 2449 in
1494 2412 1708 2449 Erasmum
1740 2413 1916 2462 scripsit,
1956 2412 2032 2449 Lo-

326 2469 542 2506 vanienses
573 2474 612 2506 et
644 2467 907 2506 Colonienses
937 2468 1073 2506 Midae
1103 2469 1257 2518 aliquot
1293 2481 1342 2505 ex
1371 2469 1450 2505 tuis
1482 2468 1761 2506 conclusiones
1792 2467 2032 2505 condemna-

327 2531 431 2564 runt.
491 2524 541 2560 In
572 2537 736 2562 arenam
766 2524 890 2574 igitur
918 2524 1134 2574 producor,
1176 2523 1397 2574 quamlibet
1427 2524 1596 2570 invitus,
1636 2530 1679 2561 tu
1710 2537 1761 2561 ne
1791 2524 2031 2569 retrocedas,

326 2586 477 2630 quanta
507 2586 659 2630 quanta
689 2580 841 2617 fuerint
871 2581 1051 2629 pericula
1082 2580 1348 2630 expectanda.
1409 2580 1511 2618 Vale
1538 2580 1866 2617 Melanchtonem
1897 2586 1937 2617 et
1959 2578 2032 2617 Ca-

328 2635 586 2672 rolostadium
608 2636 862 2686 reliquosque
885 2636 1011 2673 bonos
1032 2636 1137 2672 viros
1159 2637 1322 2673 nomine
1343 2649 1430 2673 meo
1452 2635 1595 2673 saluta.
1627 2643 1707 2672 XVI
1722 2635 2032 2685 Kalend.Ap1·i-

325 2692 373 2727 lis
394 2692 642 2741 Moguntiae.
703 2691 874 2729 Scribito
905 2692 938 2728 si
969 2691 1067 2741 quid
1097 2705 1158 2729 mc
1190 2692 1291 2729 scire
1322 2692 1399 2737 vis,
1432 2691 1614 2729 Hutteno
1645 2696 1872 2742 praestaret
1900 2697 1939 2728 te
1961 2704 2034 2741 per

324 2747 460 2783 literas
491 2745 826 2785 commendares⁴.
1589 2781 1598 2792 ,

378 2830 593 2833 Ῠὴ--
1562 2781 1674 2818 'luus
1706 2781 1756 2819 V.
1778 2780 1824 2817 F.
1849 2779 1919 2818 Ca.

417 2867 447 2906 1)
475 2866 607 2909 Chusi]
637 2868 856 2909 cf.11.Reg.
876 2879 968 2900 xvn.
988 2870 1016 2900 7.
1055 2869 1132 2908 „Et
1156 2869 1247 2900 dixit
1272 2868 1407 2900 Chusai
1433 2868 1477 2900 ad
1502 2867 1674 2901 Absalom
1701 2868 1797 2899 ‘Non
1823 2870 1878 2899 est
1902 2867 2030 2898 bonum

413 2922 602 2954 consilium
628 2923 720 2964 quod
746 2923 846 2955 dedit
863 2923 1082 2965 Achitophel
1101 2947 1109 2956 .
1129 2925 1168 2955 .“
1261 2924 1296 2965 2)
1315 2923 1514 2966 dissipavi]
1535 2924 1607 2955 MS.
1630 2923 1834 2965 dissipanti.
1865 2922 2030 2954 Correxit

417 2978 538 3008 Baum.
632 2978 666 3017 3)
685 2978 843 3019 Anglus]
873 2979 1060 3011 Eduardns
1083 2979 1190 3011 Lens.
1281 2980 1317 3018 4)
1337 2977 1629 3019 commendares]
1656 2976 1734 3010 MS.
1749 2979 2027 3012 commendatos.

417 3032 581 3063 Correxit
605 3033 729 3066 Dauni.
