2119 3522
313 199 338 241 (j
347 200 408 243 64
829 211 1095 234 COMMENTAmvs
1118 211 1165 233 AD
1190 198 1262 234 11:131‘.
1280 212 1310 233 ο.
1327 213 1360 234 v.
1385 213 1462 235 vor..
1479 214 1503 234 1.

310 279 467 375 {1333
475 280 524 366 ξπ
547 341 577 364 0,
590 325 642 368 1)]
669 326 697 359 Ε
723 333 899 359 converso
916 322 1091 356 Antonin.
1108 321 1205 356 Flor.
1223 321 1417 356 Summula
1434 324 1527 362 conf.
1546 323 1608 358 fol.
1625 327 1679 358 58.
1697 325 1753 359 ed.
1771 337 1818 359 111.
1844 326 2025 370 „Ingrati-

400 387 492 421 tudo
516 385 702 430 reperitur
725 382 764 415 in
788 380 889 414 omni
912 380 1067 422 peccato
1092 378 1265 412 mortali.
1285 381 1342 412 .“.

314 446 354 476 15
374 452 444 485 pro
468 453 603 486 mamm
621 439 741 483 parte]
766 447 834 481 per
856 435 1004 479 longius
1026 435 1185 478 tempus,

316 502 352 532 19
379 499 510 542 excivit]
538 497 601 530 ‘de
626 495 717 536 me‘,
744 492 845 537 quod
869 491 925 525 ed.
942 490 1058 534 princ.
1077 491 1126 533 (n.
1142 492 1190 533 4.)
1214 490 1345 532 habet,
1379 502 1423 525 ex
1449 491 1505 525 ed.
1523 495 1553 526 5.
1570 503 1638 536 per
1662 493 1940 538 neglegentiam
1965 505 2025 529 ex-

400 553 506 596 cidit3
532 553 648 597 igitur
673 549 779 584 adde.
820 546 936 582 exivit
960 546 1005 581 de
1030 557 1107 588 me,
1133 547 1182 580 ist
1205 556 1274 580 von
1297 547 1369 580 mir
1393 547 1634 592 abgyeyanyen.

350 609 467 653 petia]
493 620 519 642 s.
537 607 645 652 pecia
669 586 698 639 s⁸.
713 604 847 649 pecies,
873 602 1022 644 Fetaen,
1038 601 1159 636 Stz'c'ck.
1184 601 1380 646 Ducange:
1405 601 1518 637 Pecia
1540 603 1601 637 vel
1624 604 1737 647 petia,
1761 605 2024 650 fragmentum,

399 664 568 705 frustum,
594 662 814 702 membrum,
842 658 936 693 Gall.
954 657 1070 702 piece.
1116 656 1327 691 Mammotr.
1344 657 1528 701 Frustum,
1552 670 1638 703 pars
1662 671 1688 694 s.
1705 661 1813 704 pecia
1829 687 1836 695 .
1856 664 1910 694 .“.
1935 660 2026 696 Diez

400 719 490 753 WB.
524 719 688 762 „Pezza-,
715 726 828 761 pezzo
856 716 912 756 it„
937 723 987 757 81).
1005 713 1129 757 pieza,
1156 724 1218 757 pq.
1235 724 1345 759 peca,
1374 724 1434 757 pr.
1452 725 1555 758 peza‚
1581 726 1704 759 pessa,
1737 716 1783 758 fr.
1800 716 1922 760 piece,
1955 717 2024 751 alb.

400 775 515 820 pjese.
563 774 639 808 Dic
663 772 907 817 allyemez'nste
931 770 1005 804 bed.
1024 769 1072 804 ist
1095 769 1225 811 fetzen,
1250 769 1396 812 Zappen,
1419 770 1522 804 stiick
1545 781 1649 815 Zeu-9,
1675 771 1788 806 daher
1811 773 1904 807 auch
1927 773 2028 807 strick

400 831 504 873 land,
528 841 635 874 soyar
658 828 758 864 stz'iclc
782 828 860 862 zeit.
897 825 973 860 Scit
999 829 1089 860 etwa
1113 825 1192 860 dem.
1214 825 1311 867 8972.
1328 826 1438 860 kannt
1462 837 1549 860 mem
1566 837 1601 861 es
1624 828 1666 861 in
1692 828 1756 862 der
1780 829 2025 863 latinisierten

400 887 494 929 form
523 886 685 931 petium,
716 883 819 929 petia
847 883 948 917 stzick
980 882 1071 916 lcmcl
1098 908 1211 915 .....
1236 881 1347 926 kymr.
1366 881 1457 925 peth
1480 883 1581 917 stzick
1604 911 1610 917 .
1633 914 1639 920 .
1658 883 1678 918 .9
1695 910 1702 917 .
1722 913 1729 919 .
1755 894 1806 927 qr.
1823 883 1918 926 πέζα
1943 884 2028 926 fuss,

399 953 522 984 saum,
547 942 644 976 'rand
663 968 670 975 .
689 968 696 975 .
715 944 730 973 Ῥ
751 967 757 974 .
777 942 814 973 .“
827 966 834 973 .
860 937 1030 972 Diefenb.
1049 937 1166 972 Gloss.
1185 937 1364 979 „Peci-eS,
1391 948 1427 971 -a
1450 938 1510 972 hcl.
1527 939 1590 973 ml.
1611 939 1739 973 stucke
1758 966 1766 973 .
1785 942 1840 973 .“.

313 1003 352 1033 ²21
380 990 519 1042 causat]
547 998 672 1039 efficit,
699 997 811 1038 creat,
836 994 1054 1029 verwsacht.
1096 993 1267 1035 „Notum
1293 993 1349 1026 est
1373 1003 1394 1026 a
1419 992 1653 1028 Scholasticis
1678 996 1848 1038 usurpari
1872 996 2026 1029 verbum

405 1054 567 1088 Causare
602 1064 669 1096 pro
702 1051 891 1086 efficere“.
930 1049 1109 1092 Ducange
1139 1048 1174 1082 h.
1198 1060 1249 1090 τη,
1288 1048 1352 1082 ubi
1383 1048 1474 1082 alias
1503 1049 1609 1083 verbi
1645 1049 1932 1094 significationes
1954 1062 2029 1086 ⁴ex-

401 1109 535 1153 posuit.

357 1166 429 1200 scio
453 1166 585 1199 iterum
609 1166 637 1199 b.
657 1166 698 1209 c.]
732 1164 787 1198 ich
817 1164 918 1197 kann
948 1161 1080 1195 wieder
1103 1164 1167 1205 yut
1192 1163 1298 1203 eſsum,
1330 1160 1403 1194 cibi
1433 1160 1624 1195 fastidium
1656 1161 1829 1195 abactum
1854 1163 1926 1204 est,
1958 1162 2029 1197 sto-

402 1220 553 1254 machus
578 1231 682 1254 meus
708 1219 831 1253 cibum
857 1219 1034 1262 appetere
1060 1217 1182 1261 coepit.

313 1280 355 1310 2⁶2
381 1277 412 1310 si
438 1286 562 1311 maneo
586 1276 711 1320 sanus]
738 1275 825 1317 Quae
851 1285 933 1318 spes
958 1273 1097 1307 bonum
1122 1272 1303 1307 Finckum
1335 1272 1511 1308 fefellisse
1536 1273 1700 1307 videtur:
1726 1285 1761 1318 p.
1779 1277 1855 1308 271.
1872 1274 2031 1319 legimus

405 1332 482 1365 eius
508 1332 750 1376 epitaphium.
1755 1368 1758 1370 q
1994 1367 1999 1370 ¹

314 1391 356 1422 ‘23
382 1387 505 1422 Sanct.
525 1392 573 1422 est
685 1387 724 1421 F
726 1388 865 1431 Iorent]
892 1398 926 1430 p.
946 1387 1056 1420 20920.
1090 1385 1181 1420 Cum
1207 1384 1398 1419 Gallorum
1429 1396 1493 1418 rex
1524 1384 1738 1419 Franciscus
1763 1385 1790 1419 Ι.
1812 1397 1859 1419 m.
1879 1385 1980 1430 Sept.
1998 1396 2029 1420 a.

407 1448 501 1477 1515.
533 1443 847 1477 Marinianensem
877 1441 1072 1475 victoriam
1102 1440 1250 1474 tulisset
1273 1439 1621 1484 Maximilianusque
1654 1440 1790 1475 Sfortia
1819 1441 2031 1476 Mediolano

407 1498 660 1543 Cremonaque
693 1499 876 1539 cessisset,
909 1497 984 1532 Leo
1008 1497 1077 1531 ΡΡ.
1095 1496 1137 1530 X.
1156 1508 1240 1530 cum
1271 1495 1464 1530 Francisco
1494 1507 1626 1540 pacem
1655 1496 1755 1539 iniit,
1788 1496 1964 1539 Viterbii,
1997 1497 2031 1531 d.

407 1560 458 1589 13.
477 1554 739 1596 Oct.a.1515.‚
773 1554 893 1597 deque
925 1554 1111 1587 conventu
1142 1552 1316 1587 Bononiae
1356 1552 1528 1586 habendo
1565 1553 1745 1586 statutum
1782 1554 1847 1587 est.
1900 1553 2031 1597 Itaque

405 1610 577 1644 Pontifex
603 1612 684 1645 octo
711 1609 959 1645 cardinalibus
985 1609 1139 1652 aliisque
1165 1609 1394 1652 principibus
1418 1607 1546 1641 multis
1571 1618 1613 1642 ac
1636 1609 1718 1642 tota
1741 1607 1843 1657 curia
1866 1608 2034 1643 Romana

406 1667 602 1700 comitatus
632 1667 793 1711 patriam
824 1665 1051 1699 Florentiam
1083 1665 1187 1699 (130.
1208 1664 1301 1698 Nov.
1326 1674 1357 1698 a.
1386 1668 1480 1698 1515.
1505 1674 1648 1697 summa
1682 1674 1822 1708 pompa
1857 1665 2034 1708 exceptus

406 1722 559 1756 introiit.
609 1722 815 1756 Bononiam
838 1722 1024 1765 ingressus
1051 1722 1107 1754 est
1131 1720 1166 1756 d.
1183 1724 1213 1754 8.
1232 1719 1338 1761 Dec.,
1368 1719 1482 1753 biduo
1512 1721 1596 1763 post
1622 1718 1813 1753 Gallorum
1838 1730 1920 1761 rex3
1953 1719 2033 1754 ‘tri-

408 1777 521 1810 duum
553 1778 839 1821 (Guicciardinii
871 1777 986 1811 verba
1017 1778 1120 1819 sunt)
1155 1776 1193 1809 in
1223 1775 1356 1810 iisdem
1387 1775 1526 1810 aedibus
1556 1775 1727 1809 maximis
1761 1775 2048 1810 benevolentiae·

407 1834 519 1878 signis
544 1834 674 1867 mutuo
700 1833 896 1867 declaratis
920 1833 1082 1875 fuerunt,
1109 1843 1181 1876 quo
1206 1832 1386 1876 tempore,
1413 1832 1548 1875 praeter
1573 1842 1683 1875 quam
1709 1831 1809 1875 quod
1833 1831 1956 1865 verbis
1981 1832 2033 1865 at-

407 1900 478 1933 que
503 1890 691 1933 promissis
721 1889 795 1923 iam
819 1889 935 1923 ictum
965 1888 1085 1922 foedus
1110 1887 1391 1929 confirmarunt,
1424 1887 1543 1921 multa
1567 1887 1613 1922 de
1644 1897 1759 1932 regno
1784 1886 2034 1931 Neapolitano

407 1945 516 1979 simul
547 1946 705 1990 egerunt
834 1944 1007 1979 Pontifex
1039 1943 1236 1978 Florentiae
1267 1942 1436 1977 Bononia
1473 1943 1661 1987 profectus
1692 1943 1838 1977 circiter
1869 1953 2034 1977 mensem

407 2013 522 2034 unum
554 2003 609 2035 est
639 2002 804 2035 moratus
830 2027 863 2034 ..
895 2000 974 2034 Rex
998 2000 1254 2034 Mediolanum
1283 2000 1482 2033 reversus’.
1531 1998 1599 2033 Die
1632 1999 1783 2033 demum
1807 2001 1860 2032 28.
1878 1997 1984 2033 Febr.
2003 2009 2033 2032 a.

410 2060 505 2091 1516.
525 2068 543 2091 e
568 2058 691 2101 patria
714 2057 871 2091 Romam
902 2057 1087 2100 petiturus
1117 2055 1284 2089 discessit
1314 2054 1497 2089 Pontifex.
1547 2054 1598 2089 Cf.
1622 2054 1773 2099 Ughelli
1803 2054 1841 2088 in
1873 2054 2036 2089 Ciaconii

407 2113 482 2147 Vit.
500 2113 647 2147 Pontiff.
665 2114 754 2146 tom.
773 2112 835 2146 111.
855 2112 981 2157 (Rom.
1004 2116 1099 2146 1677.
1115 2111 1193 2154 fol.)
1211 2111 1293 2145 coll.
1311 2115 1387 2145 320.
1404 2123 1457 2155 sq.
1495 2110 1746 2145 Guicciardini
1770 2110 1854 2144 hist.
1872 2110 1953 2145 Ital.
1971 2110 2034 2144 lib.

406 2169 486 2202 XII.
504 2170 589 2212 post
611 2169 707 2203 med.
740 2168 793 2203 Cf.
810 2168 967 2202 Hutteni
992 2169 1208 2212 epigramm.
1227 2171 1279 2202 65.
1299 2171 1351 2202 66.
1371 2166 1466 2212 Opp.
1484 2167 1548 2200 III.
1565 2178 1600 2210 p.
1620 2170 1694 2200 231.
1712 2178 1764 2210 sq.

319 2229 361 2258 '24
388 2235 460 2258 non
479 2235 573 2268 poss.
593 2252 599 2258 .
619 2252 625 2258 .
644 2227 736 2270 neq]
764 2224 873 2260 Curia
899 2224 1036 2258 aberat.
1070 2224 1113 2258 cf.
1132 2223 1300 2267 proxime
1325 2224 1555 2267 superiorem
1580 2224 1656 2257 not.

318 2284 360 2314 ’26
385 2284 472 2315 sunt
489 2281 563 2325 ecc]
583 2280 634 2315 Cf.
653 2292 682 2314 c.
703 2286 730 2314 1.
749 2281 792 2314 X.
811 2281 856 2314 de
875 2280 1066 2314 maledicis
1083 2291 1106 2312 v
1122 2282 1185 2313 26.
1204 2280 1243 2313 et
1260 2278 1380 2320 ⁷,Quia
1397 2279 1549 2313 cunctos
1566 2279 1645 2322 ipse
1665 2279 1788 2323 [papa]
1805 2278 2036 2313 iudicaturus

410 2347 431 2369 a
454 2336 603 2370 nemine
630 2338 685 2370 est
707 2336 927 2370 iudicandus
944 2363 950 2369 .
970 2338 1009 2369 .“
1035 2345 1113 2369 can.
1132 2338 1163 2368 6.
1180 2334 1273 2368 Dist.
1290 2347 1346 2368 XL.

319 2397 361 2426 :27
389 2393 484 2435 ιἰινα]
510 2391 665 2436 Proprie
690 2392 758 2425 hoc
782 2391 967 2436 significat
992 2391 1091 2425 locos
1115 2390 1205 2424 iuris
1227 2389 1434 2434 imperialis
1460 2389 1537 2423 sive
1562 2389 1737 2431 Romani,
1770 2389 1835 2424 sed
1860 2389 1893 2423 h.
1913 2390 1936 2427 l,
1953 2401 2036 2434 pro-

411 2447 551 2481 miscuo
577 2448 634 2481 est
656 2447 756 2482 locos
779 2447 869 2481 iuris
893 2447 970 2481 sive
996 2446 1154 2480 Romani
1179 2444 1256 2480 sive
1281 2445 1473 2490 pontificii.

368 2504 458 2537 cado
477 2530 484 2537 .
505 2532 510 2537 .
532 2531 538 2538 .
556 2503 656 2548 Sap]
681 2504 739 2538 ich
756 2504 839 2548 {fehe
854 2504 897 2537 in
914 2503 974 2537 (lie
991 2502 1158 2545 Sapienz.
1207 2501 1286 2536 Hoc
1304 2501 1468 2536 studium
1485 2501 1586 2535 urbis
1603 2501 1680 2535 sive
1699 2501 2036 2546 archigymnasium

410 2560 635 2601 Romanum,
662 2559 848 2603 hodieque
866 2559 1049 2602 Sctpienzcc
1074 2558 1231 2599 dictum,
1258 2568 1354 2591 anno
1375 2561 1471 2592 1303.
1489 2557 1680 2591 Bonifacio
1705 2556 1776 2591 ΡΡ.
1793 2557 1894 2591 VIII.
1912 2557 2036 2592 condi-

408 2616 500 2656 tum,
527 2625 623 2649 anno
643 2619 739 2650 1431.
756 2615 802 2649 ab
819 2614 987 2659 Eugenio
1005 2613 1074 2647 ΡΡ.
1093 2613 1175 2647 ΠΙΙ.
1192 2613 1424 2655 restitutum,
1450 2613 1489 2647 in
1512 2613 1602 2647 iuris
1626 2613 1757 2647 studiis
1774 2614 2038 2657 promovendis

409 2682 599 2715 nunquam
625 2671 811 2705 excelluit.
861 2670 912 2705 Cf.
930 2670 1097 2714 θαι-ἐφιῇ
1124 2669 1246 2703 Gesch.
1266 2669 1328 2704 des
1349 2669 1396 2704 R.
1413 2669 1459 2704 R.
1478 2669 1502 2703 i.
1519 2669 1609 2702 MA.
1628 2668 1685 2702 ed.
1703 2672 1733 2702 2.
1752 2668 1816 2703 ΙΙΙ.
1834 2672 1853 2711 ξ
1873 2673 1946 2703 119.

322 2731 363 2761 28
390 2727 428 2760 ίη
455 2737 525 2760 zeno
543 2753 550 2760 .
569 2754 576 2759 .
596 2754 602 2760 .
620 2727 706 2771 alio]
732 2727 886 2761 Poterat
909 2726 1023 2760 etiam
1040 2736 1106 2769 pro
1124 2735 1227 2759 more
1253 2725 1435 2759 sociorum
1452 2735 1602 2759 suorum
1619 2724 1741 2759 dicere
1769 2726 1824 2759 ‘et
1846 2735 1913 2769 pro
1931 2726 2037 2769 parte

410 2782 484 2815 iam
509 2794 589 2815 sum
614 2783 731 2816 bonus
755 2782 890 2827 legista
914 2783 953 2816 et
976 2793 1042 2826 pro
1067 2782 1173 2826 parte
1198 2781 1316 2815 bonus
1341 2775 1564 2815 canonista'.

322 2842 364 2872 29
388 2838 484 2872 oculi
508 2838 578 2872 dol.
596 2838 732 2882 Sanc-t]
763 2838 818 2872 De
843 2837 1083 2872 Sanctissimo
1112 2836 1158 2871 ab
1189 2836 1305 2870 oculis
1330 2836 1480 2871 dolente
1514 2837 1586 2871 vid.
1605 2837 1710 2871 Hutt.
1731 2836 1824 2881 Opp.
1843 2836 1887 2871 V.
1905 2849 1941 2881 p.
1965 2841 2036 2872 169.

411 2894 487 2927 not.
506 2897 537 2927 7.
583 2892 715 2938 Myops
740 2894 812 2928 fuit
834 2893 909 2928 Leo
934 2893 976 2927 X.

367 2949 552 2983 ambulare
571 2960 638 2992 per
662 2951 795 2994 aerem]
822 2949 987 2984 liberiori
1012 2949 1088 2983 aeri
1119 2960 1156 2983 se
1183 2959 1384 2992 exponere,
1416 2949 1457 2982 in
1487 2949 1547 2983 die
1576 2949 1668 2991 freie
1698 2948 1794 2991 Isaft
1824 2949 1952 2993 ychen,
1987 2948 2038 2982 im

413 3003 551 3038 Freicn
574 3006 762 3048 spazieren
786 3005 901 3049 (quod
926 3006 1071 3039 constat
1094 3003 1257 3038 Leonem
1281 3004 1405 3039 facere
1431 3005 1689 3047 consuevisse).
