2119 3522
296 217 368 238 EPP.
382 213 423 239 36.
437 214 479 239 37.
504 215 674 238 minimas
691 214 843 237 ARNOLm
860 204 1032 238 'om-vum.
1052 227 1093 232 -
1111 215 1284 238 Gnonfflvs
1301 215 1412 237 BLEGK
1429 215 1587 238 onrvmo.
1710 197 1734 241 7
1745 195 1803 241 15

1199 274 1284 315 Pag.
1299 274 1374 305 245.
1393 284 1422 305 v.
1437 280 1453 305 8
1470 298 1478 305 .
1493 299 1498 305 .
1515 299 1521 305 .
1539 273 1625 314 Pag.
1641 273 1716 305 247.
1734 283 1766 305 v.
1779 280 1805 304 4.

93 363 180 404 Pag.
200 362 290 399 246.
434 361 669 395 EPISTOLA
695 362 758 399 37.
799 360 1042 395 GEORGIVS
1068 360 1223 395 BLECK
1248 360 1477 395 ORTVINO.

94 443 113 473 2
139 438 320 483 Georgius
337 442 367 473 4.
389 443 542 473 1114.
564 443 716 474 18...24.
760 439 960 483 Gregorius
978 443 1007 473 5.
1028 442 1159 473 7...10.
1180 443 1230 473 16.
1251 443 1302 473 17.
1321 443 1373 474 25.
1392 443 1444 474 26.
1463 460 1506 463 —
1523 439 1656 481 Bleck,
1678 438 1806 473 fictum

182 505 334 536 nomen,
371 494 525 529 fortasse
556 495 746 529 balantem
771 495 998 539 significans,
1032 495 1075 529 cf.
1095 494 1376 537 Schafsmulius,
1402 494 1515 536 Ka1b3
1541 495 1617 529 sive
1642 511 1686 523 =
1710 495 1807 529 blech

183 550 361 593 (lamina)
386 550 533 594 signum
558 550 754 584 deridendi
779 562 889 585 causa
914 551 1024 585 alicui
1049 551 1212 585 adfixum
1238 550 1296 593 (cf.
1316 550 1457 585 Grimm
1483 550 1573 584 WB.
1591 562 1624 584 v.
1642 551 1781 593 Bloch).

92 610 112 640 9
136 606 300 649 simplex]
326 605 595 649 Pepericornus
618 617 692 640 non
719 607 774 640 est
796 607 984 651 magister,
1010 607 1052 640 ut
1075 605 1293 650 Lumplinus
1318 608 1368 650 (p.
1385 607 1490 650 442¹.)
1517 606 1664 640 erravit.

94 665 134 697 13
157 661 372 696 sollicitator
388 662 629 706 imperatoris]
649 662 692 696 cf.
708 662 875 706 Peperic.
892 662 972 696 Def.
991 666 1090 706 p.87.
1110 666 1151 696 92
1161 663 1199 695 ³⁰.
1218 663 1255 696 et
1271 662 1416 706 passim.
1441 662 1533 696 item
1550 673 1661 706 supra
1676 674 1710 706 p.
1733 666 1804 696 190.

93 720 134 750 14
159 717 345 760 episcopas
368 716 577 761 Moymztm.
590 728 628 761 p.
646 729 690 751 m.
709 718 794 762 clefi]
820 716 922 751 Uriel
948 717 994 751 de
1020 716 1267 762 Gemmingen
1292 720 1314 759 -Τ
1340 722 1369 752 3.
1388 717 1493 752 Febr.
1512 728 1542 751 a.
1563 721 1659 752 1514.

94 777 144 807 15.
163 784 214 817 sq.
234 773 406 816 promisit
522 774 666 817 viatico]
695 773 805 815 „Quo
837 772 935 806 facto
961 772 1270 817 Archiepiscopus
1301 773 1437 807 adiecit
1465 773 1544 817 ipse
1571 784 1648 808 sese
1675 776 1802 817 (quan-

180 829 259 862 tum
291 829 325 862 ei
356 829 530 872 possibile
568 830 684 872 esset)
721 839 779 861 me
812 828 878 872 [sic]
910 829 947 861 in
979 829 1149 862 omnibus
1182 828 1290 862 rebus
1328 828 1464 863 auxilio
1497 829 1681 871 futurum,
1714 829 1804 863 dans

180 884 272 917 mihi
294 884 420 928 magni
443 884 559 927 precii
582 896 776 917 nummum
799 895 866 928 pro
890 884 1062 918 viatico“.
1105 884 1253 918 Dcfens.
1271 884 1437 928 Peperic.
1456 896 1490 928 p.
1509 888 1567 926 87,
1587 894 1628 919 30.
1645 897 1720 929 sqq.
1760 886 1803 919 cf.

179 952 214 984 p.
234 944 306 975 109.
325 951 376 983 sq.
396 940 435 973 et
459 939 590 983 Consp.
608 940 770 974 chronol.
788 951 822 984 p.
844 944 916 973 121.
937 939 984 973 ad
1009 950 1039 973 a.
1061 943 1155 973 1511.

88 1000 127 1030 21
157 996 411 1030 inconveniens
442 996 516 1040 etc]
551 1006 795 1039 „quanquam
824 995 915 1028 mihi
951 995 1014 1029 illo
1051 996 1219 1039 tempore
1257 996 1405 1030 omnino
1443 996 1512 1030 hoc
1550 998 1646 1030 osset
1682 997 1803 1030 incon-

178 1052 342 1093 veniens,
369 1063 451 1085 cum
470 1062 621 1085 uxorem
648 1053 685 1086 et
700 1051 837 1086 liberos
853 1062 955 1086 meos
973 1051 1130 1085 educare
1149 1051 1260 1095 atque
1280 1051 1377 1085 alere
1397 1052 1648 1086 conveniret.“
1673 1051 1805 1095 Peper.

179 1107 261 1141 Def.
278 1119 312 1151 p.
333 1111 407 1150 102,
425 1117 450 1141 s.
466 1120 541 1151 sqq.

88 1168 131 1198 22
157 1163 309 1208 theologi
332 1162 495 1205 fecerunt
519 1165 636 1198 multa
660 1165 765 1208 bona]
793 1163 844 1198 Cf.
864 1164 911 1198 ad
937 1165 1026 1198 20²⁷.

89 1223 131 1253 ⁶24
157 1220 200 1254 cle
223 1220 441 1254 monasterio
465 1221 599 1264 lnostro]
626 1220 869 1254 Dominicani.

89 1279 130 1309 27
155 1275 348 1309 ‘modernus
373 1276 559 1318 episcopus
583 1276 892 1321 Moyzmtinensis]
919 1276 1094 1310 Albertus
1119 1276 1498 1320 Brandenburgensis.

88 1335 131 1365 ‘28
156 1331 298 1374 aliquos
322 1332 563 1375 consiliarios]
592 1333 690 1366 inter
714 1343 805 1375 quos
829 1332 907 1376 ipse
932 1331 1129 1366 Huttenus.

89 1391 131 1422 30
155 1397 229 1421 non
252 1387 368 1420 voluit
391 1387 594 1432 admittere]
621 1388 806 1421 Huttenus
822 1387 862 1421 in
880 1398 936 1431 ep.
955 1387 989 1421 d.
1008 1392 1037 1422 3.
1056 1388 1144 1431 Apr.
1163 1399 1194 1422 a.
1214 1392 1309 1423 1518.
1329 1392 1346 1430 ἕ
1365 1392 1417 1422 25.
1438 1388 1546 1433 (Opp.
1565 1389 1591 1423 1.
1609 1400 1694 1433 pag.
1715 1391 1804 1433 168.)

179 1453 288 1485 „cum
306 1443 361 1476 illi
376 1442 554 1488 [Alberto]
575 1443 768 1477 obtulisset
785 1443 950 1477 Stromer
967 1444 1067 1477 omni
1085 1444 1331 1478 convitiorum
1349 1455 1485 1488 genere
1503 1445 1682 1479 refertum
1698 1445 1804 1480 libel-

177 1499 255 1533 lum
279 1499 517 1543 Peperioorni
542 1499 738 1534 adversum
764 1498 962 1543 Capnionis
987 1499 1140 1541 amicos,
1167 1499 1260 1544 legit
1285 1500 1452 1543 quidem,
1486 1501 1550 1534 sed
1574 1501 1730 1543 lectum,
1764 1503 1807 1536 ut

179 1555 226 1588 ad
256 1555 382 1599 ignem
413 1554 508 1589 forte
541 1555 776 1598 consederat,
806 1554 1055 1599 impurissima
1079 1555 1194 1589 Iudaei
1217 1556 1412 1591 nebulonis
1444 1556 1649 1590 detestatus
1675 1558 1713 1591 et
1735 1557 1805 1591 hoc

180 1611 344 1645 omnium
382 1611 590 1645 seculorum
627 1612 808 1645 memoria
839 1611 993 1656 dignum
1025 1611 1304 1656 apophthegma
1333 1612 1508 1656 praefatus
1541 1612 1617 1646 ‘Sic
1649 1614 1806 1657 pereant

179 1667 242 1710 qui
267 1666 317 1700 sic
341 1666 578 1710 loquuntur’,
604 1667 762 1702 flammae
786 1667 950 1702 iniecit.“

88 1728 131 1758 33
155 1723 240 1757 olim
264 1723 350 1757 Iml.
369 1724 443 1767 etc]
470 1724 522 1757 ita
546 1723 820 1758 Pfefferkornus
845 1724 890 1758 de
916 1735 953 1758 se
979 1725 1059 1768 ipso
1084 1725 1120 1757 in
1147 1725 1318 1758 omnibus
1343 1725 1419 1759 fere
1446 1725 1519 1758 suis
1544 1724 1691 1759 libellis.

88 1783 131 1813 34
156 1779 200 1813 cle
224 1779 323 1813 tribu
346 1779 547 1823 Neptalim]
575 1780 619 1815 cf.
634 1790 745 1823 supra
768 1791 803 1823 p.
824 1783 919 1815 190⁸.
943 1780 1110 1824 Peperic.
1128 1780 1210 1814 Def.
1228 1792 1264 1824 p.
1285 1781 1395 1815 1702'.

89 1838 175 1879 Pag.
196 1836 288 1873 247.

89 1894 108 1924 2
135 1890 259 1925 Gencs.
277 1893 378 1936 sur]
405 1896 456 1926 21.

89 1951 109 1981 3
127 1957 197 1990 per
220 1951 333 1981 totum
351 1949 467 1993 leyen]
495 1949 569 1990 „de
589 1949 744 1983 articulo
763 1949 809 1983 ad
827 1949 1054 1983 articulum“
1074 1949 1346 1984 adnotaverant
1359 1950 1595 1984 Colonienses
1608 1950 1804 1985 Reuchlini

177 2003 322 2038 litteras
348 2005 386 2038 et
410 2004 609 2048 Speculum
636 2016 687 2039 oc.
716 2004 818 2048 (Pep.
837 2004 917 2038 Des.
935 2017 971 2049 p.
992 2007 1110 2049 12422)
1137 2007 1174 2040 et
1198 2007 1338 2049 quanta
1362 2006 1558 2050 diligentia
1582 2007 1621 2040 et
1643 2007 1803 2041 adsidui-

178 2059 256 2093 tate
280 2059 505 2094 Parisienses
531 2071 592 2095 eas
616 2061 899 2105 perpenderint,
932 2062 1002 2105 ipsi
1032 2062 1176 2106 magnis
1200 2062 1322 2096 verbis
1353 2063 1538 2096 testantur
1568 2062 1656 2095 ibid.
1674 2074 1709 2106 p.
1729 2067 1802 2104 140,

177 2124 219 2149 27.
234 2127 312 2159 sqq.
337 2120 417 2157 141,
438 2126 479 2150 14.
494 2128 571 2160 sqq.
621 2117 723 2150 Nihil
753 2117 879 2160 itaque
911 2117 1046 2150 mirum
1072 2118 1127 2151 est
1158 2118 1307 2152 eosdem
1332 2117 1571 2162 Pepericorni
1596 2118 1634 2152 et
1658 2118 1804 2153 Ortvini

178 2182 270 2215 opus
295 2172 558 2206 studiosissime
585 2172 782 2217 excepisse.

88 2230 109 2260 4
132 2228 384 2272 superior-ista]
411 2228 506 2262 Puto
533 2229 589 2272 (ut
606 2228 684 2262 Ind.
702 2229 818 2273 biogr.
837 2233 961 2273 p.3-18.
981 2231 1047 2264 art.
1068 2229 1223 2274 ‘Copus’
1250 2230 1340 2274 dixi)
1359 2230 1558 2275 significari
1577 2229 1803 2264 Guilelmum

179 2282 321 2328 Copum
352 2283 612 2326 Basiliensem,
645 2285 748 2318 cuius
774 2286 807 2318 d.
826 2289 878 2319 25.
897 2285 991 2330 Aug.
1010 2296 1040 2319 a.
1061 2289 1156 2320 1514.
1181 2286 1227 2320 ad
1256 2286 1503 2321 Reuchlinum
1530 2286 1617 2320 data
1648 2286 1805 2331 epistola

180 2349 264 2372 cum
287 2339 396 2373 huius
420 2340 651 2384 responsoria
676 2341 778 2374 extat
801 2342 839 2374 in
862 2341 997 2375 Illustr.
1015 2341 1100 2376 virr.
1119 2342 1166 2376 ad
1190 2342 1342 2376 Reuchl.
1361 2353 1444 2387 epp.
1465 2346 1561 2377 1519.
1577 2346 1624 2376 4⁰.
1647 2355 1683 2387 p.
1700 2342 1741 2386 xj
1755 2344 1804 2377 b...

179 2395 281 2430 xiiiss.
329 2395 396 2430 Ille
422 2395 469 2429 ad
494 2396 591 2430 hunc
618 2399 680 2430 ‘ex
697 2397 866 2431 Parisior.
884 2396 1074 2432 Lutecia':
1102 2397 1355 2442 „Quanquam
1381 2399 1467 2433 ante
1491 2399 1560 2433 hac
1585 2399 1687 2442 nulla
1713 2399 1804 2432 mihi

179 2451 250 2485 fuit
274 2463 358 2486 cum
384 2451 606 2486 excellentia
629 2453 695 2486 tua
717 2453 968 2496 necessitudo,
995 2481 1023 2488 ..
1043 2464 1116 2487 non
1141 2455 1247 2498 potui
1270 2455 1397 2489 tamen
1420 2465 1494 2489 11011
1520 2455 1662 2496 dolere,
1689 2462 1809 2499 quum'

178 2518 313 2541 nomen
344 2509 449 2541 tuum
476 2508 568 2542 adeo
594 2508 639 2542 ab
671 2509 830 2543 indoctis
855 2509 1073 2543 calumniari
1096 2510 1363 2555 intelligerem,
1396 2511 1498 2544 cuius
1530 2511 1583 2544 rei
1612 2511 1803 2545 historiam

179 2562 224 2596 ab
249 2563 306 2596 his
331 2564 394 2607 qui
419 2575 493 2598 una
517 2575 601 2598 cum
626 2565 937 2599 obtrectatoribus
961 2565 1034 2598 tuis
1058 2567 1138 2599 tum
1164 2565 1330 2608 aderant,
1355 2566 1579 2600 lucidissime
1605 2566 1803 2612 intelliges

178 2618 256 2663 Ego
282 2619 440 2664 agebam
470 2620 509 2653 in
540 2620 625 2653 aula
650 2619 951 2654 Christianissimi
981 2620 1206 2655 Francorum
1230 2622 1358 2666 Regis,
1392 2634 1506 2666 quum
1537 2623 1574 2656 te
1601 2622 1724 2657 aemuli
1753 2623 1804 2657 la-

179 2676 359 2716 cerarent,
385 2675 531 2709 interea
553 2676 774 2719 Episcopus,
802 2676 864 2719 qui
888 2676 1054 2710 hostibus
1079 2677 1152 2710 tuis
1176 2677 1343 2719 favebat,
1376 2689 1459 2711 cum
1484 2678 1603 2712 multa
1626 2678 1664 2711 in
1688 2679 1725 2712 te
1751 2678 1803 2712 di-

179 2732 291 2773 ceret,
316 2731 454 2765 famam
470 2732 574 2765 tuam
591 2731 776 2773 laniando,
802 2731 1054 2776 interrogatus
1078 2743 1099 2766 a
1115 2732 1234 2777 Regia
1249 2732 1456 2775 Maiestate,
1477 2744 1523 2767 an
1540 2734 1577 2768 te
1601 2745 1802 2776 noscerem,

179 2786 371 2830 respondi,
406 2799 451 2820 XL
474 2787 549 2820 iam
574 2787 679 2820 annis
702 2797 776 2820 non
800 2786 934 2821 vidisse
960 2798 1019 2821 me
1044 2790 1098 2830 te,
1132 2788 1196 2822 sed
1220 2789 1300 2822 tum
1327 2801 1441 2832 quum
1465 2789 1620 2824 Basileae
1645 2790 1804 2824 docebas

178 2841 451 2886 Praeceptorem
482 2853 606 2876 meum
637 2842 815 2877 Ioannem
839 2842 1046 2888 Heberling
1071 2843 1386 2885 Gamundensem,
1421 2844 1512 2879 scire
1536 2856 1613 2887 me,
1646 2846 1683 2879 te
1710 2846 1804 2880 cele-

179 2897 381 2931 bratissimi
397 2897 507 2932 fuisse
533 2898 701 2940 nominis,
729 2899 767 2932 et
789 2899 826 2931 in
843 2898 1059 2933 liberalibus
1084 2900 1225 2934 artibus
1243 2901 1281 2934 et
1304 2900 1421 2934 literis
1437 2901 1680 2935 humanitatis
1698 2901 1802 2943 adeo,

179 2955 221 2988 ut
246 2964 290 2988 ea
313 2954 536 2998 tempestate
561 2964 670 2988 nemo
695 2954 764 2988 tibi
789 2955 885 2988 esset
909 2956 1195 2999 comparandus,
1220 2967 1288 2990 nec
1314 2956 1463 2991 desiisse
1489 2958 1526 2991 te
1551 2957 1596 2991 ab
1622 2956 1686 2991 illo
1711 2958 1803 2991 tem-

178 3020 268 3054 pore
295 3007 508 3044 continuam
539 3009 577 3043 in
602 3009 720 3044 literis
745 3021 897 3055 operam
923 3011 1120 3054 collocare,
1144 3013 1256 3056 atque
1283 3012 1391 3047 huius
1415 3012 1469 3047 rei
1493 3012 1804 3056 locupletissimos
