2119 3522
281 207 375 251 340
769 221 876 242 INDEX
900 218 1151 240 BIOGRAPmcvs
1175 218 1216 239 ΕΤ
1241 217 1483 240 oxonmsncvs.

280 346 469 383 CASPAR,
514 335 771 386 ‘praedicator
809 347 858 370 ex
892 333 1114 382 Kempten,
1155 344 1276 369 Sacrae
1313 331 1526 383 theologiae
1555 333 1805 378 licentiatus,
1844 345 1987 383 prope-

279 395 382 432 diem
405 392 594 442 magister
615 389 878 427 nostrandus'
904 387 954 437 (p.
972 386 1112 437 25οΝ),
1145 388 1213 437 qui
1247 387 1388 425 ‘habet
1421 402 1582 426 causam
1612 389 1713 426 sacri
1744 388 1821 425 olei
1849 395 1988 426 contra

277 449 470 500 quosdam
508 446 723 484 monachos
763 447 831 495 qui
867 444 1052 481 habitant
1088 449 1199 480 extra
1238 457 1372 480 muros
1401 444 1607 494 Kempten
1649 446 1736 481 etc.)
1768 443 1824 493 (p.
1846 441 1986 491 25025),

276 506 338 542 De
369 505 444 541 hac
475 515 594 540 causa
624 500 884 538 memoranda
916 506 976 537 est
1007 499 1180 549 epistula
1200 499 1447 536 Adelmanni
1469 500 1520 537 ad
1541 500 1884 537 Pirckheimerum
1907 501 1986 536 Au-

276 567 400 610 gustae
432 559 469 596 d.
490 560 554 595 19.
572 558 671 595 Dec.
689 570 725 593 a.
748 558 865 594 1517.
887 553 1058 606 scripta¹
1079 571 1086 592 :
1133 555 1261 601 „Misi
1291 555 1366 592 tibi
1394 555 1605 593 ridiculam
1633 569 1679 593 ac
1709 555 1989 593 detestandam

276 615 558 653 monachorum
588 613 815 662 civiumque
837 613 879 649 in
904 611 1128 661 Chempten
1151 611 1452 649 contentionem
1481 612 1531 649 de
1551 611 1799 649 inoleatione
1823 610 1987 648 Christi-

273 671 452 708 fidelium
485 669 553 717 (ut
582 668 715 706 verbis
748 682 884 705 eorum
915 667 1030 716 utar)
1062 668 1169 704 inter
1211 680 1277 704 eos
1318 673 1514 714 exortam,
1562 668 1604 704 in
1641 680 1721 718 qua
1761 667 1854 704 dum
1883 680 1988 704 unus

275 728 444 777 quisque
475 739 517 763 se
548 739 618 775 pro
651 738 725 762 sua
755 724 925 761 libidine
959 738 1004 761 ac
1032 723 1245 761 affectione
1269 722 1472 769 defendit,
1505 723 1611 760 ultra
1631 724 1708 760 tria
1728 723 1854 760 millia
1875 736 1987 759 num·

275 796 425 819 morum
465 795 677 819 aureorum
716 781 896 831 impensa
938 793 1009 817 seu
1046 779 1179 829 potius
1219 779 1345 816 effusa
1383 786 1494 825 sunt,
1535 793 1581 816 ac
1620 779 1718 829 quid
1757 778 1888 815 adhuc
1919 779 1988 815 im·

275 838 538 888 pendendum
558 838 626 882 sit,
658 837 856 874 incertum
878 842 950 873 est.
1011 835 1134 880 Vide,
1165 835 1218 872 mi
1240 835 1481 882 Wilibalde,
1512 848 1601 885 quae
1621 835 1868 881 humanitas,
1901 847 1988 884 quae

275 895 435 944 religio,
478 906 566 944 quae
604 893 795 938 charitas,
838 892 1008 929 maxime
1046 891 1157 941 apud
1196 904 1263 928 eos
1299 892 1368 941 qui
1398 890 1475 928 sibi
1506 905 1553 929 ea
1584 892 1748 928 nomina
1778 896 1987 940 usurpant.

274 950 434 988 Fovent
463 950 568 986 hanc
600 948 839 986 discordiam
870 948 912 984 in
943 947 1080 997 primis
1111 946 1352 997 praedieator
1382 947 1423 983 in
1455 960 1501 984 eo
1529 947 1636 992 loco,
1669 952 1713 984 ut
1732 946 1910 992 videbis,
1943 959 1989 984 ac

273 1007 387 1043 multi
418 1006 487 1056 qui
517 1018 559 1042 se
589 1005 798 1054 theologos
830 1003 1061 1054 appellant,
1095 1003 1164 1052 qui
1194 1003 1349 1040 utinam
1379 1004 1482 1039 tanti
1514 1003 1769 1040 concordiam
1789 1008 1989 1052 rectaeque

273 1063 364 1099 vitae
396 1061 690 1099 institutionem
720 1061 919 1105 facerent,
953 1059 1095 1109 quanti
1116 1058 1290 1095 nominis
1312 1059 1507 1096 iacturam
1528 1072 1573 1095 ac
1595 1059 1780 1108 gloriam,
1815 1058 1986 1095 forsitan

273 1131 315 1155 se
347 1118 486 1155 melius
520 1115 751 1154 Christiana
781 1129 843 1153 res
874 1114 1036 1165 publica
1067 1113 1248 1151 haberet.
1269 1143 1276 1150 .
1296 1116 1346 1151 .“.

366 1194 397 1233 1)
418 1192 512 1234 apud
530 1193 734 1223 Heumann.
752 1192 902 1222 Doeum.
920 1190 1053 1222 literar.
1073 1201 1104 1231 p.
1124 1191 1198 1222 165.
1218 1200 1294 1231 sqq.

275 1291 413 1322 CAsvs
445 1289 588 1320 LONGI
621 1289 765 1320 SVPER
794 1288 1072 1327 INSTITVTIS,
1108 1293 1226 1330 quem
1250 1281 1414 1318 ‘librum
1434 1282 1600 1319 multum
1621 1282 1841 1332 praetieum
1863 1288 1902 1319 et
1924 1295 1988 1320 ex-

275 1341 506 1385 cellentem,
540 1339 764 1376 mirabilem
796 1344 833 1375 et
864 1337 984 1374 valde
1014 1336 1321 1374 declarativum'
1354 1337 1498 1375 Petrus
1521 1338 1744 1389 Steynhart
1764 1338 1899 1375 Romae
1929 1339 1988 1375 in-

274 1398 386 1434 venit
404 1395 454 1445 (p.
471 1393 696 1443 214¹‘·³‘1‘1·)‚
721 1400 815 1431 sunt
839 1393 1065 1443 ‘compositi
1088 1406 1160 1443 per
1184 1393 1467 1430 willehelmum
1489 1394 1691 1442 doctorem
1711 1394 1845 1444 legum
1865 1394 1990 1431 filium

275 1453 426 1490 domini
448 1452 630 1489 Accursii
659 1451 766 1488 bone
797 1450 986 1487 memorie
1019 1449 1172 1499 egregii
1198 1449 1332 1498 legum
1357 1449 1564 1496 (locteris',
1597 1456 1641 1487 ut
1663 1450 1990 1500 Moguntinensis

273 1522 343 1546 ms.
367 1508 495 1546 codex
526 1514 663 1558 aperte
701 1504 908 1545 testatur'.
976 1505 1127 1543 Durius
1167 1518 1286 1555 quam
1325 1505 1514 1543 obscurus
1552 1512 1689 1543 noster
1720 1506 1989 1557 Steynhartus

274 1566 387 1610 olim,
421 1577 550 1614 nuper
580 1564 710 1601 clarus
742 1568 879 1599 noster
911 1559 1138 1611 Stintzing²
1172 1561 1221 1598 (le
1254 1575 1374 1612 opere
1406 1562 1601 1600 iudicavit
1631 1562 1706 1600 sic:
1739 1564 1844 1609 „Die
1872 1563 1989 1599 Form

274 1624 342 1657 der
374 1621 626 1668 Bekandluny
656 1622 721 1656 des
753 1620 872 1666 Stoffs
902 1622 949 1654 ist
980 1630 1019 1655 so
1052 1619 1343 1665 oberflc'c'chliclz,
1376 1619 1433 1666 oft
1462 1621 1653 1666 gerudezu
1686 1620 1877 1667 ez'nfc'iltiy,
1909 1616 1990 1663 ᾱαβ

274 1679 352 1714 sich
385 1679 443 1713 (lie
472 1677 620 1723 Sclzrift
651 1677 885 1723 heinesmeys
917 1676 1010 1711 iiber
1041 1676 1111 1710 den
1144 1675 1257 1722 Rany
1288 1678 1394 1711 einer
1421 1678 1635 1722 populc'c'ren
1666 1675 1815 1722 Schrift
1846 1676 1989 1712 erheht.

274 1734 365 1770 Man
391 1734 517 1770 warde
539 1734 619 1769 st'ch
642 1733 736 1768 aber
757 1733 846 1768 sehr
873 1732 1073 1779 yetc'iusclzt
1093 1732 1220 1777 finden
1235 1760 1244 1777 ,
1276 1742 1382 1767 menn
1404 1744 1492 1767 man
1514 1735 1577 1768 mit
1598 1733 1667 1768 den
1692 1733 1988 1780 Ermarlwzqen,

275 1790 416 1826 melche
455 1791 523 1825 cler
556 1790 674 1824 Name
706 1789 827 1825 Casus
866 1789 944 1823 uml
980 1790 1083 1822 sesne
1122 1788 1414 1834 ursprilnyliclze
1454 1789 1675 1835 Bedeutuny
1713 1788 1898 1832 ermeclct,
1938 1800 1988 1824 an

274 1848 395 1881 dieses
426 1846 543 1881 Werlc
573 1843 809 1881 lem-amram.
872 1844 981 1879 Deme
1013 1845 1071 1879 [lie
1103 1845 1349 1889 eiyentlielzen
1375 1844 1613 1891 Rechtsfc‘iIle
1641 1845 1763 1880 bilden
1792 1847 1829 1879 in
1858 1845 1920 1880 ihr
1947 1855 1988 1879 so

275 1905 393 1949 meniy
423 1904 481 1937 (lie
504 1901 778 1947 Hauptsaclze,
810 1898 890 1944 (las-3
922 1911 1037 1947 soyar
1067 1901 1171 1934 niclzt
1203 1902 1342 1946 memisse
1368 1901 1459 1936 Titel
1489 1902 1558 1935 der
1577 1901 1845 1936 Institutionen
1877 1901 1987 1947 (11196-

273 1960 428 1993 lmndelt
460 1959 630 2001 werden,
663 1958 758 1993 olane
790 1954 870 1999 das-l
901 1957 1001 1991 auch
1032 1968 1106 1991 nur
1138 1961 1254 1991 etwas
1285 1957 1354 1990 (len
1389 1956 1510 1992 Casus
1540 1957 1768 1992 Aeknliches
1799 1957 1988 2003 abyehan-

274 2016 347 2049 dell
379 2015 518 2049 murae.
578 2014 659 2049 Der
690 2013 945 2057 Hauptsaclze
984 2013 1083 2046 mccli
1115 2012 1257 2047 entkc‘ilt
1294 2013 1352 2047 die
1385 2012 1532 2058 Sclzrift
1563 2013 1741 2048 vielmelzr
1771 2012 1892 2048 leurze
1922 2012 1986 2048 In-

274 2071 617 2105 lealtsizbersiclzten
648 2071 716 2104 cler
742 2069 834 2104 Titel
865 2071 927 2103 mil
950 2069 1274 2114 Erlciuterunqen.
1335 2068 1528 2104 Zunc‘ichst
1556 2069 1720 2104 nc'imlich
1750 2070 1900 2104 werden
1929 2070 1988 2104 die

277 2126 444 2172 ‘parles'
469 2127 583 2170 jedes
618 2126 732 2160 Titels
761 2125 996 2172 hinqestellt,
1028 2124 1120 2159 (1.11.
1145 2125 1378 2170 anyeyeben,
1412 2125 1553 2160 melelze
1583 2125 1845 2172 Geqenstiinde
1873 2126 1986 2160 darin

275 2185 438 2216 crerier!
477 2183 570 2216 siml.
633 2182 768 2216 Daran
809 2178 972 2224 schliessc
1010 2181 1090 2215 sich
1128 2181 1186 2215 die
1220 2181 1390 2227 Anqabe,
1431 2183 1467 2216 in
1508 2182 1673 2217 melchen
1706 2181 1986 2228 Parayraphen

274 2239 332 2272 (lie
371 2238 566 2272 einzelnen
601 2241 737 2282 partes
776 2237 966 2271 entlmllen
1006 2236 1110 2271 sind.-
1156 2237 1232 2270 und
1266 2237 1381 2271 dumi!
1418 2239 1465 2272 ist
1503 2238 1572 2273 der
1600 2237 1731 2273 Inkalt
1769 2238 1885 2272 vieler
1914 2237 1987 2272 Ab·

275 2294 435 2328 soknitte
475 2292 684 2338 ersclzii'pft.
751 2292 797 2327 In
835 2293 907 2327 den
944 2293 1126 2338 lc'inyeren
1158 2292 1401 2327 Absclmmen
1437 2292 1566 2340 folyen
1605 2294 1773 2340 dayeyen
1810 2304 1888 2328 nun
1927 2295 1986 2328 die

277 2348 396 2384 Casus
436 2360 480 2383 zu
512 2349 629 2393 jeder
664 2359 773 2394 pars.
835 2348 948 2382 Diese
986 2348 1079 2382 aber
1119 2347 1293 2382 bestehen
1329 2350 1505 2384 meistens
1542 2349 1675 2394 <Iar-in,
1720 2346 1801 2393 daſs?
1831 2349 1985 2396 Fraqen

275 2405 368 2439 ‘iiber
398 2405 468 2439 (len
500 2404 628 2439 Inhalt
660 2403 876 2449 ccufyestellt
908 2404 1078 2447 werden,
1120 2404 1198 2437 und
1226 2415 1331 2439 zmar
1361 2405 1397 2438 in
1429 2404 1543 2440 Form
1574 2406 1740 2440 directer
1770 2405 1896 2451 Rede,
1929 2407 1988 2441 als

277 2463 405 2496 mc‘iren
437 2462 490 2495 sie
521 2472 569 2495 an
602 2460 673 2495 den
704 2459 851 2509 Lebrer
881 2460 973 2494 oder
1003 2471 1053 2493 (ιη
1081 2459 1272 2494 Justinian
1301 2461 1503 2506 yericlzlet;
1535 2462 1613 2496 und
1640 2462 1700 2496 (lie
1726 2462 1897 2497 Antmorl
1927 2471 1985 2497 er-

272 2515 368 2563 folyt
389 2518 427 2551 in
450 2516 648 2551 derselben
672 2514 828 2550 Form.“
855 2535 902 2539 —
936 2513 1176 2550 wilhelmus
1208 2515 1348 2557 tertius
1370 2515 1555 2552 Accursii
1580 2515 1702 2562 filius,
1737 2522 1855 2554 natus
1878 2529 1986 2553 anno

278 2571 396 2609 1246.
420 2571 616 2607 Bononiae
646 2570 742 2607 iuris
773 2570 982 2620 utriusque
1015 2570 1153 2606 doctor
1184 2570 1312 2607 factus
1340 2570 1476 2608 docuit
1499 2571 1629 2609 donec
1651 2585 1758 2609 anno
1783 2572 1902 2610 1274.
1926 2572 1986 2609 in·

274 2633 334 2664 ter
364 2627 607 2677 proscriptos
640 2640 688 2662 ex
718 2626 849 2676 patria
878 2626 1160 2676 expelleretur.
1197 2632 1288 2675 post
1317 2640 1481 2664 uxorem
1512 2628 1697 2665 amissam
1728 2629 1849 2667 sacris
1881 2628 1985 2666 ordi-

274 2682 393 2719 nibus
431 2683 626 2733 susceptis
659 2681 817 2720 Gallica
846 2681 1153 2732 Hispanicaque
1191 2681 1386 2720 beneficia
1422 2683 1498 2721 sibi
1529 2685 1793 2735 comparavit,
1837 2684 1986 2722 deinde

274 2739 316 2774 111
338 2738 497 2775 Italiam
526 2751 709 2776 reversus
738 2738 973 2788 capellanus
1000 2738 1143 2775 summi
1172 2739 1372 2788 pontificis
1404 2744 1442 2777 et
1464 2740 1625 2778 auditor
1644 2746 1740 2778 rotae
1763 2741 1890 2778 factus
1913 2746 1984 2780 est.

276 2794 605 2844 Efflagitantihus
645 2794 893 2832 scholaribus
925 2808 1032 2831 anno
1057 2795 1176 2831 1297.
1202 2808 1251 2832 ex
1280 2794 1378 2833 urbe
1410 2796 1537 2834 Roma
1568 2797 1796 2834 Bononiam
1833 2810 1985 2834 summo

275 2863 363 2887 cum
400 2850 553 2887 honore
592 2856 802 2888 revocatus
842 2856 918 2896 est,
960 2856 1004 2887 ut
1032 2850 1245 2900 Digestum
1284 2865 1430 2889 novum
1463 2852 1642 2899 doceret,
1683 2866 1763 2903 qua
1793 2853 1986 2890 cathedra

274 2911 364 2956 post
395 2919 546 2942 annum
575 2906 715 2943 relicta
743 2906 795 2944 ad
815 2906 989 2944 honores
1010 2907 1213 2944 Romanos
1243 2921 1427 2946 reversus
1449 2915 1544 2947 ante
1566 2922 1718 2948 annum
1741 2909 1861 2946 1314.
1883 2922 1983 2946 mor-

367 2981 398 3022 1)
418 2981 460 3014 cf.
478 2993 505 3014 v.
525 2981 669 3023 Saviyny
690 2983 806 3014 Geseh.
825 2984 855 3016 d,
876 2984 912 3014 R.
931 2983 967 3014 R.
987 2984 1009 3016 i.
1026 2982 1111 3014 MA.
1130 2983 1201 3015 vol.
1218 2984 1262 3014 ΙΙ.
1283 2984 1348 3025 (ed.
1364 2984 1425 3025 II.)
1444 2996 1477 3026 p.
1492 2987 1568 3019 334.
1659 2986 1694 3026 2>
1715 2985 1830 3019 Ges-elz.
1849 2987 1911 3017 (ler
1926 2996 1986 3027 po-

361 3039 504 3079 ριιῖᾱνθη
522 3038 591 3070 Lit.
610 3039 668 3068 (les
686 3039 767 3069 7·o''m.
785 3038 905 3069 kanon.
926 3039 964 3070 li.
984 3040 1017 3070 in
1036 3039 1186 3071 Dtsclzld.
1212 3040 1330 3081 Leipz.
1351 3041 1448 3073 1867.
1466 3040 1513 3073 8⁰.
1533 3052 1568 3083 p.
1587 3043 1641 3074 63.
