2119 3522
296 199 389 242 458
790 212 894 233 rsnssx
921 209 1170 231 BiOGRArfflcvs
1195 210 1235 230 Er
1259 208 1500 230 oNOMAsrmvs.

294 337 421 374 RIGA,
470 329 612 365 Petrus
652 326 719 371 de,
768 338 850 362 non
888 336 1078 373 expresso
1118 322 1281 372 quidem
1319 322 1481 359 nomine
1526 327 1768 360 memoratur
1804 336 1842 373 p.
1867 320 1995 369 24212,

294 383 583 423 Schnerckium
622 387 756 419 autem
796 379 1053 417 manifestum
1092 384 1153 415 est
1193 378 1243 415 de
1282 378 1424 415 eodem
1461 377 1563 414 libro
1594 377 1787 424 scribere,
1830 378 1880 416 de
1918 391 1996 428 quo

294 436 556 477 Trithemius¹
590 451 693 486 „ego
714 436 827 472 vidi“
858 435 992 485 inquit
1021 447 1150 484 „opus
1181 439 1338 471 tantum
1358 434 1566 472 metricum
1596 434 1757 484 insigne
1787 446 1909 484 super
1928 434 1994 471 Bi-

293 496 425 540 bliam,
460 493 567 543 quod
602 492 837 529 ‘Auroram'
872 490 1153 540 p1·aenotavit“.
1198 490 1262 527 De
1293 490 1414 527 Petro
1446 490 1613 539 eiusque
1634 488 1793 527 Aurora
1822 503 1872 527 ex
1891 490 1997 541 Ley-

292 550 402 588 sero²
432 550 518 586 haec
549 554 775 586 enotamus:
809 546 982 592 „Petrus
1015 546 1065 583 de
1096 546 1212 595 Riga.
1244 544 1442 595 Anglicus
1472 545 1668 595 Magister
1696 546 1906 583 Remensis
1938 559 1998 583 ec-

292 607 421 644 clesiae
453 605 631 650 clericus,
664 603 729 640 vel
753 602 982 640 Canonicus
1015 602 1195 640 ecclesiae
1225 614 1314 651 quae
1343 601 1464 651 vulgo
1498 601 1642 639 dicitur
1673 600 1713 638 S.
1734 601 1926 653 Dionysii
1949 601 1999 639 de

292 658 523 699 Besturne3.
556 660 676 697 Vnde
699 665 738 696 et
759 672 906 696 nomen
929 658 1014 695 eius
1035 659 1077 695 in
1107 657 1195 695 cod.
1219 657 1394 707 quodam
1421 656 1507 694 MS.
1529 657 1605 694 hoc
1636 656 1807 695 offendi:
1839 668 1998 694 OETRVS

291 730 344 755 DE
376 727 524 754 REMES.
583 715 792 766 Siquidem
822 715 854 752 is
886 715 1008 752 fuerit
1037 714 1202 760 Petrus,
1243 725 1362 763 quem
1391 713 1539 750 vixisse
1578 719 1771 750 memorat
1799 712 1999 763 Aegidius

291 773 531 810 Parisiensis
561 778 741 822 tempore
765 769 973 808 Coelestini
993 769 1071 807 III.
1093 770 1229 820 Papae,
1263 770 1331 819 qui
1362 769 1450 806 sedi
1470 769 1661 806 Romanae
1692 769 1854 819 praefuit
1881 768 1930 806 ab
1962 782 1998 806 a.

294 830 414 866 1191.
437 828 488 865 ad
511 843 547 866 a.
573 828 692 865 1198.
713 827 780 864 vel
810 826 861 864 ad
881 827 1002 864 finem
1031 826 1156 863 seculi
1177 837 1249 862 XII.
1273 825 1337 862 vel
1359 825 1411 862 ad
1433 825 1563 875 ipsum
1583 825 1708 862 seculi
1728 837 1817 862 xm.
1840 825 1999 861 initium

292 886 367 922 erit
396 884 634 922 referendus
659 912 666 920 .
693 913 700 921 .
726 914 732 920 .
791 882 885 920 Non
916 883 1052 932 itaque
1091 880 1278 919 aberrare
1308 886 1405 931 puto
1445 886 1648 918 auctorem
1672 912 1679 920 .
1705 911 1713 918 .
1736 881 1804 930 qui
1835 881 2000 917 Petrum

292 955 328 978 a.
352 942 472 978 1170.
495 940 685 978 claruisse
707 939 794 976 vult
817 969 824 976 .
851 969 857 976 .
897 938 1000 975 Aliis
1025 938 1130 975 diem
1162 937 1307 974 obiisse
1339 937 1515 974 creditur
1545 950 1580 974 a.
1606 937 1755 974 1263“.
1794 933 1998 973 Bulaeus⁴z

289 997 466 1042 „eodem
497 1009 603 1033 anno
628 995 746 1034 1209.
770 994 868 1032 obiit
896 994 1032 1032 Remis
1062 994 1116 1030 M.
1139 993 1283 1030 Petrus
1316 993 1365 1030 de
1396 993 1502 1042 Riga
1531 998 1796 1042 cognomento
1832 991 2002 1029 ‘Biblio-

290 1053 438 1098 theca’,
466 1052 722 1097 versificator,
757 1057 796 1088 et
827 1050 936 1101 apud
956 1050 1158 1087 scholares
1181 1063 1227 1086 ac
1257 1049 1458 1085 studiosos
1481 1049 1673 1098 opinione
1705 1047 1999 1094 celeberrimus,

289 1109 421 1159 inquit
443 1108 587 1145 author
610 1106 800 1145 Chronici
820 1106 975 1156 Belgiei
996 1106 1176 1155 Magni“.
1218 1104 1387 1154 Scripsit
1408 1104 1552 1141 Petrus
1576 1102 1814 1151 (secundum
1833 1103 2001 1154 Leyser.

289 1165 315 1201 l.
348 1163 405 1213 c.)
439 1163 820 1214 „Heptateuchum‚
864 1162 963 1199 duos
1000 1161 1124 1198 libros
1163 1161 1337 1210 Regum,
1387 1160 1615 1210 Evangelia
1660 1160 1780 1197 etiam
1825 1160 2000 1206 metrice,

290 1234 372 1257 non
405 1220 534 1257 solum
554 1219 787 1256 historicum
818 1231 991 1263 sensum,
1025 1217 1097 1254 sed
1120 1217 1239 1255 etiam
1261 1217 1532 1266 allegoricum,
1565 1216 1607 1252 in
1629 1222 1824 1266 quantum
1853 1216 1997 1266 potuit,

289 1276 466 1314 breviter
497 1276 725 1326 exprimens
751 1306 757 1311 .
779 1303 786 1310 .
807 1304 814 1310 .
846 1274 896 1310 In
928 1273 1133 1311 codicibus
1154 1272 1283 1310 MSS.
1304 1303 1310 1309 .
1332 1301 1340 1309 .
1365 1272 1598 1309 inscribitur
1626 1271 1731 1309 liber
1760 1277 2002 1309 memoratus

292 1330 522 1377 ‘Aur01·a’⁵‚
556 1332 651 1368 item
685 1330 990 1369 ‘Bibliotheca'.
1041 1329 1144 1366 Inde
1176 1329 1326 1366 factum
1357 1328 1472 1374 forte,
1506 1334 1549 1365 ut
1579 1333 1718 1365 auctor
1738 1328 1903 1378 quidam
1933 1327 2001 1364 ha-

288 1388 452 1426 beretur
472 1387 616 1425 Petrus
649 1387 699 1424 de
720 1386 890 1432 Aurora,
925 1386 993 1436 qui
1024 1399 1145 1436 super
1165 1385 1297 1422 Biblia
1329 1385 1492 1422 metrice
1523 1384 1738 1435 scripserit.
1783 1383 2002 1421 Continere

289 1444 488 1482 Auroram
518 1443 785 1494 paraphrasin
814 1442 862 1480 T.
886 1442 935 1479 V.
960 1448 998 1479 et
1026 1442 1077 1479 N.
1100 1454 1227 1491 usque
1259 1441 1309 1478 ad
1342 1441 1457 1491 epist.
1488 1440 1540 1478 ad
1570 1440 1774 1477 Romanos
1805 1440 2003 1477 inclusive

290 1513 501 1551 perperam
531 1499 655 1537 tradit
687 1498 816 1536 Catal.
838 1498 935 1536 bibl.
958 1498 1115 1535 Bodlei.
1176 1498 1323 1534 Totam
1352 1497 1560 1534 historiam
1589 1496 1778 1534 biblicam
1801 1510 1824 1533 a
1851 1495 2005 1534 Genesi

290 1556 342 1593 ad
363 1556 645 1606 Apocalypsin
667 1556 708 1592 in
730 1555 889 1592 Aurora
912 1555 1093 1592 enarrari
1114 1566 1196 1590 non
1219 1553 1350 1590 minus
1380 1553 1482 1590 falso
1505 1552 1692 1602 perhibet
1714 1551 1842 1589 Catal.
1864 1551 2002 1590 libror.

289 1611 406 1650 MSS.
431 1612 591 1661 collegii
620 1612 798 1649 univers.
822 1611 863 1647 in
896 1609 1069 1647 Oxonia.
1120 1610 1272 1647 Versus
1303 1614 1567 1646 numerantur
1598 1609 1639 1645 111
1671 1607 1830 1645 Aurora
1852 1608 2001 1646 15056.

289 1667 383 1706 Non
406 1668 535 1705 solum
556 1667 720 1704 Petrum
741 1673 923 1704 nostrum
945 1666 1127 1716 agnoscit
1148 1671 1352 1703 auctorem
1372 1665 1542 1710 Aurora,
1576 1665 1649 1702 sed
1670 1664 2004 1715 interpolatorem

290 1725 457 1774 insuper
477 1723 697 1773 Aegidium
727 1723 942 1773 quendam,
977 1721 1083 1772 quod
1106 1723 1322 1772 sequentia
1344 1734 1432 1771 quae
1464 1722 1506 1758 in
1530 1720 1780 1771 Guelpherb.
1804 1719 1892 1760 cod.
1915 1719 2002 1758 MS.

287 1781 479 1830 leguntur
510 1779 734 1817 declarant:

289 1850 390 1882 Scire
417 1851 518 1892 cupis
543 1850 674 1889 lector,
703 1850 781 1891 quis
808 1849 943 1881 codicis
968 1849 1073 1881 istius
1100 1852 1233 1880 auctor.
1253 1848 1383 1880 Petrus
1410 1848 1489 1890 riga
1513 1858 1620 1880 vocor
1639 1848 1697 1879 cui
1716 1847 1880 1880 Christus
1898 1850 2002 1890 pet-ra

287 1907 385 1948 rigat
411 1917 481 1938 cor.
530 1906 708 1947 Prologus
733 1905 851 1945 illius,
885 1906 945 1947 qui
975 1905 1071 1936 1111110
1101 1905 1231 1937 librum
1259 1905 1418 1936 correxit
1444 1907 1480 1936 et
1505 1904 1754 1946 suppletiones
1779 1903 1823 1935 de
1849 1914 1912 1935 suo
1939 1914 2001 1945 ap-

288 1963 424 2004 posuit,
460 1966 495 1993 et
525 1961 731 2002 ubicunque
762 1962 947 1992 invenitur
977 1961 1105 1992 obelus
1134 1961 1229 1993 inter
1261 1960 1348 1992 duos
1381 1963 1533 2002 punctos
1564 1971 1628 2002 per
1657 1963 1769 1992 totum
1795 1959 1926 1992 librum
1950 1960 2002 1991 ibi

289 2022 373 2050 sunt
397 2018 493 2049 dicta
518 2021 551 2049 et
578 2027 701 2049 versus
726 2017 836 2048 illius.

288 2082 341 2119 Et
371 2081 491 2132 paulo
523 2086 613 2132 post
642 2081 685 2118 in
717 2080 859 2119 eodem
880 2080 995 2119 MSto
1026 2081 1111 2118 haec
1141 2080 1365 2119 adduntur:

624 2146 725 2184 Scire
753 2154 855 2194 cupis
880 2152 1010 2184 lector:
1037 2153 1117 2194 quis
1144 2152 1279 2184 codicis
1304 2151 1410 2183 istius
1437 2154 1562 2184 auctor

690 2208 783 2239 Audi
809 2208 894 2249 quid
920 2208 1078 2240 breviter
1104 2208 1149 2239 ad
1175 2210 1248 2239 ista
1273 2207 1373 2239 dicat
1396 2207 1501 2239 liber.

623 2264 749 2295 Petrus
773 2267 807 2295 et
832 2264 999 2305 ‘Egidius
1025 2274 1080 2295 me
1108 2264 1375 2304 conscripsere:
1401 2262 1465 2294 sed
1491 2262 1553 2294 ille

689 2319 833 2354 Auctor,
861 2319 1052 2351 Corrector
1075 2320 1223 2351 ultimus
1248 2319 1310 2350 ille
1338 2319 1416 2350 fuit.

622 2375 691 2406 Ille
717 2375 819 2407 Prior
844 2375 982 2415 Remis3
1009 2375 1078 2406 Hic
1103 2375 1325 2406 Parisiensis
1352 2374 1553 2405 alumnusssz

690 2431 761 2461 Hic
787 2430 921 2462 Levita
946 2431 1076 2472 gradu3
1102 2430 1299 2471 Presbyter
1322 2430 1385 2462 ille
1411 2440 1575 2463 manens.

626 2486 787 2527 Simplex
813 2485 977 2518 Clericus
1002 2486 1080 2526 hic;
1107 2487 1202 2518 sacri
1227 2486 1360 2518 ordinis
1385 2486 1448 2518 ille
1474 2487 1681 2518 Professor:

689 2542 802 2574 Ambo
828 2553 959 2584 graves
985 2543 1107 2574 annis:
1132 2543 1204 2574 Hic
1229 2543 1302 2582 vir,
1330 2546 1366 2574 et
1389 2542 1452 2575 ille
1479 2552 1597 2574 senex.
1646 2573 1653 2583 ,

379 2642 410 2682 1)
430 2643 472 2674 de
490 2643 696 2684 scriptorib.
714 2643 800 2675 0001.
821 2653 915 2677 num.
929 2644 1006 2677 388.
1100 2643 1272 2685 2)P01y<:,
1289 2643 1441 2685 Leyseri
1457 2643 1540 2677 hist.
1554 2646 1693 2684 poetar.
1710 2643 1801 2675 med.
1815 2644 1894 2678 aevi.
1918 2643 2001 2675 Hal.

380 2700 476 2732 1721.
493 2698 540 2731 8⁰.
560 2710 592 2740 p.
611 2700 687 2731 692.
804 2701 837 2738 3)
862 2710 966 2741 quem
991 2710 1035 2732 ne
1059 2699 1261 2731 confundas
1286 2709 1365 2731 cum
1389 2700 1496 2731 Petro
1515 2699 1684 2731 Remensi
1709 2693 1846 2731 ordinis
1870 2699 2000 2740 praedi-

379 2756 558 2793 catorum,
579 2755 640 2795 qui
658 2754 801 2796 glossas
818 2765 922 2796 super
935 2756 1094 2787 Bibliam
1111 2759 1226 2787 totam
1244 2756 1455 2797 composuit.
1483 2756 1527 2791 cf,
1542 2755 1685 2787 Fabric.
1697 2755 1792 2786 Bibl.
1808 2757 1892 2787 Lat.
1908 2766 1951 2787 m.
1970 2766 1999 2786 e.

378 2809 400 2839 1.
418 2813 476 2841 aet.
494 2810 537 2841 V.
555 2821 587 2851 p.
606 2811 682 2845 815.
778 2811 813 2850 4)
833 2811 928 2843 Hist.
946 2812 1043 2843 univ.
1064 2812 1177 2846 Paris.
1195 2811 1259 2845 III.
1278 2821 1309 2852 p.
1329 2813 1381 2843 52.
1431 2812 1555 2844 Bulaeo
1574 2812 1757 2843 consentit
1773 2811 1917 2844 Fabric.
1933 2810 1955 2845 l,
1971 2821 1999 2842 c.

379 2874 412 2904 p,
430 2865 505 2896 816.
525 2865 748 2904 „defunctus
768 2877 798 2898 a.
819 2866 942 2901 1209.“
1057 2868 1091 2907 5)
1117 2867 1245 2908 „sieut
1270 2869 1364 2899 enim
1387 2868 1527 2900 Aurora
1552 2868 1744 2900 terminum
1767 2867 1866 2899 nocti
1887 2867 1997 2908 impo-

378 2920 432 2951 nit
456 2945 463 2951 .
484 2945 492 2952 .
512 2932 536 2957 .;
569 2923 622 2952 sic
656 2925 691 2953 et
720 2922 867 2954 libellus
892 2923 961 2955 iste
987 2923 1159 2955 tenebras
1184 2924 1389 2955 umbrarum
1416 2928 1452 2956 et
1475 2926 1611 2956 veteris
1635 2923 1728 2965 legis
1754 2922 1998 2954 obscuritates

378 2975 579 3007 discutiens
605 2978 770 3009 veritatis
797 2978 936 3019 fulgore
964 2982 999 3010 et
1024 2979 1280 3021 allegoriarum
1306 2980 1517 3012 scintillulis
1536 2979 1757 3011 micantibus
1775 2981 1873 3010 totus
1890 2977 2000 3010 reful-

380 3035 476 3072 geat.
524 3031 592 3064 Vel
617 3037 679 3063 ete.
728 3033 874 3067 Fabric.
893 3034 914 3065 l.
937 3044 965 3065 0.
984 3045 1016 3076 p.
1035 3036 1112 3068 818.
