2119 3522
326 227 422 271 450
822 243 927 264 INDEX
952 241 1205 263 BIOGRAPHICVS
1229 241 1270 261 ET
1295 240 1536 262 ONOMASTICVS.

326 359 486 410 prodiit⁷
520 359 561 394 in
593 370 670 406 quo
704 353 839 406 [libro]
870 361 972 392 teste
993 355 1086 392 Val.
1110 354 1277 392 Andrea
1307 355 1348 391 in
1369 354 1473 391 Bibl.
1496 354 1662 404 Belgica
1689 367 1723 399 p.
1743 359 1806 389 709
1837 355 1961 392 multa
1983 355 2033 392 de

324 414 511 451 laudibus
549 413 660 450 Petri
697 412 949 449 Ravennatis
989 417 1028 447 et
1064 410 1295 448 Academiae
1336 409 1592 447 Coloniensis
1638 411 1910 447 continentur.
1969 411 2032 447 De

324 476 448 506 morte
480 468 580 505 nihil
612 468 808 505 constat“.
849 480 975 503 unum
1005 466 1113 516 quod
1146 466 1195 503 de
1225 465 1344 503 huius
1374 466 1512 503 mortis
1542 471 1722 516 tempore
1752 466 1946 503 habemus
1975 472 2032 504 te-

324 525 554 562 stimonium
574 523 808 560 Hochstrati
840 529 912 569 est,
944 523 1012 572 qui
1043 523 1084 558 in
1106 522 1359 559 Defensione
1381 522 1610 572 principum
1630 521 1818 559 Almanie
1850 536 1886 560 a,
1912 522 2031 559 1511.

325 581 434 618 edita
464 586 553 630 post
584 579 727 616 multas
758 592 839 616 suae-
871 585 1012 616 contra
1042 578 1323 615 Ravennatem
1360 578 1572 615 sententiae
1604 576 1919 627 approbationes
1949 578 2034 615 11ωο

324 637 490 674 adiecit:
524 636 606 681 „Et
628 641 724 672 nota
745 634 854 685 quod
886 640 995 671 actor
1028 631 1067 684 [2³
1090 631 1242 684 auctor]
1276 634 1475 684 presentis
1498 633 1679 683 opusculi
1709 633 1844 683 plures
1866 633 2034 671 aliorum

322 693 630 730 clarissimorum
663 691 711 729 de
743 691 831 728 aliis
863 690 1194 728 universitatibus
1225 691 1267 726 in
1298 690 1572 727 testimonium
1594 690 1774 727 veritatis
1805 690 2033 739 signaturas

322 748 398 785 sibi
429 753 682 798 procurasset
713 747 784 784 sed
817 760 935 797 quem
967 743 1004 796 [2²
1028 743 1168 796 quum]
1203 745 1353 783 obitum
1385 746 1447 783 sui
1475 745 1697 783 adversarii
1728 745 1913 783 audierat
1942 744 2032 782 sub-

321 805 440 850 stitit,
481 804 661 853 cogitans
691 816 843 840 vanum
874 816 960 840 esse
992 808 1132 839 contra
1162 808 1338 839 mortuos
1369 808 1571 839 certamen
1610 798 1892 838 assumere“.²⁷
1950 801 2032 838 Me—

323 866 449 898 morat
480 859 642 910 quidem
671 859 1014 909 Wimphelingius
1050 859 1092 895 in
1125 858 1298 908 epistula
1327 857 1408 896 kal.
1439 858 1543 895 Nov.
1575 858 1672 895 anni
1704 857 1824 894 1512.
1847 854 2033 907 501111132ἦ

322 916 486 953 Petrum
507 916 800 960 Ravennatem,
833 915 905 952 sed
936 916 990 951 ita
1021 920 1065 951 ut
1088 914 1137 951 (10
1167 914 1251 951 vita
1281 920 1459 951 morteve
1491 913 1664 950 hominis
1695 913 1796 950 nihil
1826 913 1923 950 inde
1955 913 2032 950 col-

321 973 446 1022 ligere
468 973 610 1022 possis.
649 971 898 1008 Reuchlinus
920 971 962 1007 111
986 970 1157 1020 epistula
1182 970 1246 1007 dic
1270 972 1304 1008 1.
1327 970 1432 1007 Nov.
1455 983 1489 1006 a.
1516 970 1635 1006 1518.
1659 967 1847 1019 scripta²⁹
1879 969 2034 1006 ‘divum

321 1028 485 1065 Petrum
514 1028 796 1065 Ravennatem
827 1057 833 1064 .
859 1058 866 1066 .
896 1026 972 1063 hoc
1009 1026 1216 1063 hominum
1253 1031 1429 1062 monstro
1469 1025 1714 1062 Aschthrata-
1747 1022 2031 1075 [Hoehstrato]

321 1085 521 1122 interiisse
543 1096 625 1133 prae
647 1085 829 1120 maerore'
864 1082 970 1127 dicit,
1004 1082 1072 1118 ubi
1093 1081 1218 1119 verba
1251 1083 1352 1131 ‘prae
1373 1082 1557 1118 maerore’
1591 1094 1640 1118 ex
1661 1094 1732 1118 sua
1760 1081 1892 1131 potius
1914 1093 2034 1130 quam

323 1154 371 1177 ex
402 1140 513 1177 Petri
544 1139 667 1176 animi
698 1139 901 1176 sententia
931 1137 1125 1175 adiecisse
1157 1137 1318 1174 videtur
1349 1136 1521 1187 pavidus
1544 1136 1798 1174 phorcensis.
1841 1136 2033 1174 Notabile

322 1195 484 1233 videtur
514 1195 622 1244 quod
643 1194 788 1231 Petrus
809 1194 1021 1231 Merssaeus
1056 1190 1096 1243 [i.
1121 1207 1154 1232 e.
1179 1190 1434 1242 Moci-sensis]
1469 1192 1724 1242 Cratepolius
1756 1193 1841 1230 sive
1864 1191 2032 1242 Opmcr-

321 1252 467 1297 sensis,
502 1251 571 1300 qui
601 1251 793 1287 Minorita
824 1250 1037 1299 theologus
1070 1255 1109 1287 et
1138 1249 1352 1286 historicus
1386 1248 1565 1286 Coloniae
1598 1248 1696 1286 obiit
1728 1262 1836 1286 anno
1869 1244 2032 1294 160590,

321 1307 389 1344 ubi
420 1307 506 1352 „de
538 1306 778 1356 quibusdam
809 1306 905 1343 viris
939 1306 1063 1342 doctis
1097 1311 1134 1342 ct
1165 1304 1410 1350 celebribus,
1444 1305 1513 1355 qui
1544 1305 1616 1342 sub
1647 1304 1883 1342 Hermanno
1918 1303 2032 1342 Colo-

321 1364 397 1400 niae
429 1363 696 1400 claruerunt“
728 1360 856 1412 agit³¹‚
891 1362 951 1398 his
983 1361 1116 1398 verbis
1148 1361 1319 1398 rettulit:
1362 1361 1540 1407 „Petrus
1570 1361 1808 1407 Ravennas,
1853 1361 1921 1410 qui
1953 1373 2033 1397 una

322 1432 409 1456 cum
439 1432 511 1456 sua
541 1432 664 1456 uxore
686 1418 876 1455 Lucretia
907 1418 1057 1455 relictis
1081 1417 1264 1454 omnibus
1296 1417 1477 1454 habitum
1506 1417 1557 1453 D.
1579 1417 1787 1455 Francisci
1818 1417 2034 1466 assumpsit

321 1481 359 1512 et
380 1475 578 1524 Regulam
608 1473 767 1525 publice
799 1474 968 1524 professi
1005 1480 1111 1511 sunt.
1178 1473 1300 1510 Anno
1323 1473 1487 1510 Domini
1513 1474 1631 1510 1507.
1649 1473 1793 1510 Petrus
1813 1473 2033 1511 Ravennas

320 1532 473 1568 Doctor
502 1531 533 1567 Ϊ.
557 1531 607 1568 V.
638 1530 930 1567 eruditissimus
965 1529 1143 1567 Coloniae
1176 1530 1270 1567 Iura
1309 1529 1544 1575 illustravit,
1588 1535 1627 1567 et
1664 1535 1747 1567 toto
1785 1528 1951 1566 biennio
1990 1529 2032 1565 in

320 1587 468 1624 celebri
500 1587 721 1624 Academia
758 1586 918 1636 publice
956 1599 1103 1636 magna
1140 1585 1262 1623 laude
1305 1600 1350 1623 ac
1387 1586 1593 1635 frequenti
1631 1585 1831 1622 auditorio
1871 1584 2033 1635 publice

321 1643 474 1680 docuit:
507 1643 558 1680 ad
589 1643 673 1680 haec
705 1650 742 1680 et
774 1642 886 1680 festis
918 1642 1145 1692 quibusque
1178 1641 1319 1679 diebus
1351 1654 1481 1678 sacras
1513 1641 1565 1678 ad
1597 1641 1801 1679 auditores
1832 1641 2033 1678 studiosos

320 1699 533 1737 conciones
568 1697 693 1749 (quod
725 1705 762 1736 et
795 1698 1012 1736 iocundum
1043 1704 1081 1736 et
1112 1698 1345 1748 religiosum
1377 1695 1478 1746 erat)
1511 1711 1594 1734 non
1625 1697 1743 1735 modo
1774 1697 1930 1743 habuit,
1962 1696 2035 1734 sed

320 1761 359 1793 et
405 1769 492 1793 rara
537 1755 1013 1804 miraque'vehementia
1051 1754 1303 1793 declamavit.
1372 1752 1555 1791 Contulit
1599 1753 1693 1791 hinc
1733 1753 1902 1791 Colonia
1946 1766 2034 1790 sese

321 1811 589 1848 wormaciam
620 1810 756 1861 ibique
787 1811 829 1847 111
852 1812 935 1849 fata
967 1811 1210 1849 conces-sit&
1258 1809 1428 1848 Colonia
1461 1809 1525 1847 die
1558 1810 1623 1846 27.
1644 1808 1746 1860 Apr.
1771 1824 1805 1847 a.
1831 1810 1951 1848 1508.
1973 1822 2032 1846 re-

319 1868 415 1904 licta
451 1867 595 1905 Petrus
627 1867 881 1917 Moguntiam
913 1864 1164 1911 concessit³²‚
1205 1866 1274 1904 ubi
1308 1865 1477 1903 docebat
1515 1879 1603 1903 cum
1640 1866 1816 1903 Ioannes
1846 1865 2031 1903 Piemon-

318 1930 438 1961 tanus
469 1923 672 1970 scriberet,
707 1937 755 1960 ex
787 1924 897 1961 cuius
920 1922 1005 1960 MS.
1029 1922 1220 1960 Auctario
1254 1936 1347 1960 scrr.
1372 1922 1466 1960 eccl.
1491 1921 1559 1959 fol.
1582 1922 1666 1961 87³.
1683 1923 1808 1959 ..88³2.
1832 1927 1959 1959 totum
1984 1921 2033 1958 de

317 1980 386 2016 illo
417 1980 548 2017 locum
580 1980 815 2029 repetimus:

318 2056 447 2087 Petrus
473 2056 667 2088 Rauennas
699 2056 847 2088 natione
878 2056 989 2087 italus
1021 2056 1136 2088 tercie
1169 2056 1294 2098 regule
1321 2056 1437 2087 sancti
1465 2055 1640 2087 francisci
1663 2065 1734 2087 vna
1759 2064 1836 2086 cum
1861 2064 1972 2087 vxore
1999 2056 2035 2086 et

317 2111 391 2143 filia
418 2122 482 2143 5113
507 2112 690 2153 professor
715 2112 908 2153 religiosus
932 2112 1121 2152 vtriusque
1147 2112 1237 2143 iuris
1267 2111 1392 2143 doctor
1423 2114 1459 2142 et
1488 2110 1753 2142 iureconsultus
1779 2110 2034 2142 celeberrimus

319 2178 362 2198 ac
389 2168 483 2198 omni
506 2167 574 2199 hoc
599 2171 760 2209 tempore
788 2167 898 2199 facile
924 2167 1153 2200 doctissimus
1179 2173 1215 2200 et
1239 2169 1282 2200 ob
1308 2167 1374 2199 hoc
1392 2167 1511 2209 legum
1530 2166 1724 2209 priuilegio
1743 2167 1904 2208 gaudens
1923 2175 2034 2207 eques

319 2227 466 2255 auratus
494 2223 805 2265 splendidissimus
831 2225 867 2255 in
893 2223 1118 2255 secularibus
1144 2223 1278 2255 litteris
1304 2223 1477 2255 nobiliter
1501 2223 1628 2254 doctus
1656 2226 1691 2253 et
1716 2222 1919 2254 diuinarum
1946 2221 2033 2253 scri-

320 2283 503 2320 pturarum
528 2280 691 2311 sciencia
716 2280 876 2321 apprime
903 2279 1064 2311 eruditus
1090 2280 1322 2321 philosophus
1354 2282 1476 2311 orator
1507 2282 1543 2310 et
1572 2281 1683 2320 poeta
1707 2278 1862 2319 insignis
1887 2278 2034 2319 ingenio

321 2339 450 2366 acutus
481 2339 517 2367 et
549 2335 687 2367 subtilis
721 2335 863 2377 eloquio
895 2336 1178 2367 facundissimus
1209 2345 1316 2367 sensu
1341 2334 1539 2376 profundus
1566 2334 1716 2366 consilio
1751 2337 1879 2366 cautus
1906 2336 1940 2365 et
1965 2333 2033 2364 sta-

320 2390 403 2422 bilis
430 2391 599 2423 memoria
626 2401 766 2432 quoque
794 2391 1009 2423 admiranda
1034 2391 1197 2433 preditus
1224 2392 1357 2432 quippe
1384 2391 1444 2432 qui
1471 2400 1593 2421 omnes
1618 2390 1781 2421 homines
1798 2390 1908 2421 Italie
1928 2390 2034 2430 copia

320 2457 435 2478 rerum
464 2447 598 2488 absque
625 2450 807 2478 cartarum
833 2448 1060 2479 reuolutione
1087 2457 1260 2489 superare
1285 2447 1404 2478 voluit
1428 2447 1463 2478 111
1490 2447 1604 2478 sacris
1623 2445 1814 2487 scripturis
1832 2446 1908 2477 iure
1928 2455 2034 2476 cano-

319 2503 400 2534 nico
431 2502 604 2544 ciuilique
635 2506 669 2534 et
701 2502 783 2543 alijs
815 2503 1008 2535 multarum
1038 2514 1155 2535 rerum
1190 2502 1471 2534 auctoritatibus
1508 2502 1587 2534 dum
1621 2505 1719 2534 esset
1751 2501 1964 2534 adolescens
1995 2504 2034 2532 ut

408 2620 464 2661 27)
482 2621 712 2662 Forlgyeseczte
731 2620 916 2662 ›S'mumluny
935 2632 995 2653 von
1014 2622 1116 2653 Alteri
1132 2622 1200 2652 und
1216 2621 1332 2652 Neuen
1355 2620 1466 2652 leeol.
1482 2621 1614 2652 Saclzen
1628 2644 1635 2650 .
1650 2644 1656 2651 .
1676 2620 1753 2659 Auf
1764 2620 1826 2651 clas
1838 2619 2034 2651 tlain-1750.

413 2677 526 2717 Leipz.
544 2676 590 2708 8⁰.
607 2687 638 2718 p.
656 2677 728 2709 175.
770 2676 826 2710 Cf.
846 2675 1019 2709 Cremans
1038 2676 1081 2708 de
1099 2677 1173 2708 Iac.
1190 2676 1404 2708 Hochstrati
1420 2676 1508 2709 vita.
1534 2676 1646 2710 Bonn.
1666 2676 1765 2709 1869.
1783 2674 1831 2706 8⁰.
1851 2685 1884 2716 p.
1906 2676 1959 2706 15.
1977 2675 2030 2708 78.

410 2736 459 2762 110.
477 2741 510 2765 v.
604 2731 660 2773 28)
678 2733 714 2764 in
732 2733 906 2774 Rieggeri
924 2734 1106 2764 Amoenitt.
1135 2733 1305 2774 Friburg.
1323 2743 1356 2774 p.
1374 2732 1449 2764 418.
1550 2730 1606 2771 29)
1626 2732 1728 2762 Hutt.
1748 2731 1839 2772 Opp.
1857 2731 1885 2762 I.
1903 2741 1937 2772 p,
1955 2731 2033 2762 457.

411 2797 524 2821 verSS.
543 2789 595 2821 21.
615 2798 689 2829 sqq.
764 2812 767 2815 >
827 2787 884 2828 30)
909 2799 940 2820 a.
960 2790 1056 2822 1603.
1075 2788 1273 2821 secundum
1297 2789 1462 2829 Foppens
1487 2787 1581 2821 Bibl.
1598 2787 1700 2828 Belg.
1720 2797 1753 2828 p.
1772 2787 1847 2818 968.
1873 2785 1936 2818 sed
1959 2796 2032 2817 sec.

411 2843 564 2875 Hartzh.
579 2844 673 2875 Bibl.
688 2843 809 2876 Colon.
826 2855 860 2885 p.
875 2845 950 2878 270.
967 2845 1056 2876 obiit
1075 2846 1104 2876 1.
1120 2846 1209 2886 Aug.
1227 2845 1324 2876 1605.
1345 2844 1395 2880 ‘in
1414 2846 1595 2876 conventu
1610 2853 1672 2875 suo
1686 2842 1837 2874 nativo'.
1924 2841 1980 2880 31)
1996 2842 2033 2872 in

411 2897 634 2929 ‘Electorum
653 2899 984 2931 ecclesiasticorum
1004 2899 1293 2941 Coloniensium,
1311 2900 1475 2941 Mogunt.
1496 2910 1539 2931 ac
1556 2900 1774 2931 Treverens.
1791 2923 1798 2930 .
1813 2923 1821 2930 .
1841 2897 2032 2938 catalogo,

413 2953 472 2994 qui
496 2963 568 2985 sec.
587 2954 797 2986 Hartzhem.
816 2955 950 2996 prodiit
972 2956 1123 2997 primum
1141 2956 1300 2987 Coloniae
1321 2957 1417 2987 1580.
1436 2954 1501 2995 8⁰„
1527 2965 1601 2987 sec.
1619 2955 1799 2995 Foppens‚
1818 2963 1850 2985 a.
1871 2954 1967 2985 1578.
1985 2952 2032 2985 8⁰.

411 3009 484 3040 Nos
501 3009 618 3040 locum
636 3009 761 3041 damus
780 3021 822 3042 ex
841 3010 925 3041 edit.
953 3009 1077 3042 Colon.
1097 3012 1193 3043 1736.
1213 3011 1257 3043 8⁰.
1277 3022 1309 3052 p.
1329 3012 1404 3043 147.
1509 3009 1565 3051 32)
1583 3009 1727 3041 Muther
1745 3009 1767 3044 1,
1784 3019 1814 3040 0.
1835 3019 1866 3050 p.
1887 3010 1960 3040 110.
1980 3019 2031 3050 sq.

413 3075 456 3096 ex
473 3065 572 3096 Petri
590 3065 812 3107 Compendio
830 3066 866 3096 in
884 3066 1038 3097 materia
1057 3066 1194 3097 feudor.
1212 3078 1244 3107 p.
1264 3068 1294 3098 K
1304 3066 1368 3106 iiij.
