2119 3522
281 215 375 260 576
798 225 1062 248 comnrARrvs
1085 225 1131 246 AD
1155 225 1226 246 EPP.
1244 224 1274 246 o.
1293 225 1324 246 v.
1349 224 1427 246 von.
1444 224 1466 245 1.

279 291 366 331 Pag.
386 287 449 323 38.

281 347 322 375 14
346 343 405 375 ius
431 341 504 384 eta]
532 338 708 373 Catholic.
727 336 837 378 „Ius‚
863 335 964 376 iuris,
991 335 1128 368 dicitur
1144 345 1165 368 a
1180 334 1303 376 iubeo,
1329 334 1406 375 bes,
1433 333 1521 377 quia
1536 332 1643 366 iubet
1659 360 1666 366 .
1685 360 1692 366 .
1712 361 1718 366 .
1737 335 1776 367 et
1792 332 1918 367 differt
1933 333 1990 366 ius

368 408 389 430 a
412 395 568 435 iusticia,
593 395 636 427 ut
659 393 779 426 dicam
803 392 842 424 in
866 391 1021 424 iusticia.
1057 390 1105 423 Et
1129 391 1222 424 scias
1247 390 1346 434 quod
1370 390 1426 423 ius
1444 389 1639 422 (invenitur
1654 389 1693 421 in
1711 389 1791 422 aliis
1807 388 1990 433 signifiea-

368 451 541 491 tionibus⁷
568 449 666 483 unde
692 459 835 482 versus:

658 507 718 538 Ius
745 516 849 547 aqua,
875 505 930 536 ius
955 508 1103 545 rectum,
1129 505 1184 535 ius
1209 504 1339 536 dicitur
1363 514 1440 536 esse
1463 506 1633 545 potestas.

367 563 462 596 ltem
488 562 543 594 ius
567 559 802 604 prophanum
820 559 957 592 dicitur
980 557 1152 591 brodium
1169 558 1230 591 vel
1255 569 1353 601 aqua
1375 557 1413 590 in
1432 568 1506 601 qua
1530 558 1740 600 coquuntur
1757 567 1884 590 carnes
1908 566 1991 599 por-

368 618 466 663 cine,
501 628 582 660 quze
607 615 808 659 prophanae
839 616 924 648 sunt
947 613 1075 647 iuclaeis
1099 641 1105 646 .
1125 641 1131 646 .
1152 641 1158 646 .
1182 613 1275 646 Mihi
1307 614 1433 647 autem
1463 613 1612 647 videtur
1636 612 1734 655 quod
1766 622 1832 656 pro
1861 611 1991 645 brodio

369 674 459 707 facit
482 671 689 717 genitivum
713 671 751 704 in
776 670 834 712 tis,
861 671 902 703 ut
926 670 997 711 ius,
1024 669 1127 710 iutis⁷
1154 669 1250 703 sicut
1273 680 1317 702 ex
1342 669 1489 713 vulgari
1513 669 1721 712 aliquorum
1745 669 1867 710 sonat,
1893 666 1991 700 unde

372 740 514 763 versus:
1330 747 1346 761 .

569 786 630 817 Ius
655 786 742 816 iutis
766 784 892 816 mando
920 782 987 825 [ess'
1012 782 1096 825 iclz]‚
1120 783 1176 814 ius
1202 783 1289 815 iuris
1315 783 1352 814 in
1376 784 1519 824 agmine
1546 782 1695 824 pando.“

367 840 474 874 Addo
501 850 545 873 ex
570 839 706 873 Vocab.
726 839 786 872 cit.
805 850 883 882 cap.
901 837 956 872 De
981 837 1191 872 nominibus
1216 848 1387 871 cocorum
1413 838 1481 871 etc.
1514 836 1606 878 „Ius
1629 836 1737 878 iuris,
1763 836 1884 878 iiisseL
1910 847 1992 880 pro-

368 897 447 940 prie
474 897 530 930 est
555 907 610 929 ars
636 895 763 929 valens
788 894 834 928 ad
865 893 1113 938 regulandum
1139 893 1374 937 operationes
1405 893 1594 926 humanas,
1614 893 1653 926 et
1677 892 1813 926 dicitur
1837 903 1859 925 a
1881 892 1992 925 iubeo

369 964 416 987 es.
435 953 522 996 quia
544 952 650 985 iubet
675 953 713 985 et
736 950 979 985 transumitur
994 961 1060 994 pro
1085 949 1228 992 liquore
1255 949 1458 992 composito
1483 959 1526 981 ex
1544 948 1697 982 diversis
1714 948 1824 982 rebus
1840 949 1881 981 vt
1897 958 1994 991 aqua

369 1009 454 1043 vino
479 1008 575 1042 lacte
601 1007 712 1041 melle
737 1008 866 1051 pipere
893 1016 998 1039 croco
1025 1007 1093 1039 etc.
1112 1005 1221 1038 rebus
1252 1004 1291 1037 in
1316 1004 1449 1047 quibus
1481 1015 1609 1038 carnes
1634 1004 1694 1038 vel
1720 1004 1793 1037 alia
1816 1004 1995 1037 alimenta

369 1065 429 1098 vel
461 1063 600 1097 cibaria
630 1063 897 1106 decoquuntur.
917 1064 954 1095 et
985 1062 1040 1095 est
1069 1060 1134 1094 illa
1169 1060 1390 1104 significatio
1425 1061 1546 1093 tracta
1576 1070 1598 1093 a
1633 1059 1755 1103 prima
1790 1059 1878 1102 quia
1911 1059 1996 1093 talis

370 1120 492 1163 liquor
517 1120 595 1152 arte
623 1120 660 1152 et
684 1118 768 1162 lege
794 1118 870 1151 fit.“

284 1181 322 1211 17
349 1177 464 1220 lucar]
492 1173 667 1209 Catholic.
686 1172 852 1215 „Lucan
880 1184 901 1207 a
924 1173 1027 1207 lucus
1053 1172 1188 1206 dicitur
1212 1171 1280 1206 hoc
1305 1171 1408 1205 lucar
1433 1172 1541 1206 caris:
1567 1171 1727 1215 pecunia
1750 1171 1811 1205 vel
1834 1171 1997 1215 pretium

373 1243 416 1265 ex
440 1231 524 1264 luco
551 1229 766 1263 collectum:
797 1228 896 1272 quod
921 1228 1034 1272 vulgo
1060 1228 1196 1262 dicitur
1226 1228 1452 1262 silvaticum:
1487 1230 1525 1262 et
1554 1228 1739 1273 forestage
1771 1228 1924 1272 gallice,
1960 1228 1998 1262 et

372 1286 589 1330 producitur
612 1285 821 1329 penultima
844 1284 1026 1329 genitivi.
1046 1311 1053 1318 .
1072 1287 1130 1318 .“.
1181 1283 1337 1318 Gemma
1360 1296 1394 1328 g.
1421 1283 1571 1327 „Lucar
1595 1285 1651 1318 est
1674 1285 1842 1328 precium
1867 1295 1889 1318 a
1912 1284 1996 1318 luco

373 1343 580 1376 collectum.
599 1341 663 1375 der
686 1342 764 1375 zius
791 1351 855 1374 ron
882 1341 995 1374 einem
1019 1340 1116 1374 wald
1140 1340 1226 1374 oder
1249 1341 1392 1374 buschf‘

285 1404 325 1433 18
352 1398 588 1432 ‘Mantellum
605 1397 705 1431 idem
723 1396 822 1441 quod
839 1397 995 1441 pallium
1006 1397 1013 1411 '
1041 1396 1197 1430 Gemma
1213 1408 1247 1441 g.
1286 1395 1461 1430 Catholic.
1481 1396 1736 1438 ⁷⁷Manticulus
1752 1397 1780 1430 li
1797 1396 1897 1429 dimi.
1915 1406 1997 1440 par-

374 1466 440 1488 vus
471 1453 681 1487 mantellus.
701 1454 738 1487 et
768 1453 853 1486 hinc
884 1453 1086 1487 manticulo
1116 1453 1180 1486 las.
1198 1452 1221 1486 i.
1239 1452 1411 1487 fraudare
1444 1453 1505 1486 vel
1533 1452 1657 1486 furari.
1677 1454 1715 1487 et
1745 1452 1849 1486 cori-i.
1867 1451 1997 1496 penul-

372 1511 474 1544 tima.

328 1567 564 1600 DIecham'cus
582 1593 588 1599 .
604 1593 610 1599 .
627 1593 633 1599 .
651 1566 826 1610 aclulter.]
854 1564 1030 1599 Catholic.
1061 1564 1328 1607 „Mechanicus
1353 1576 1374 1599 a
1397 1565 1528 1599 mecho
1556 1563 1722 1610 [μοιχός,
1749 1564 1914 1609 adulter]
1944 1564 1997 1598 di-

373 1623 468 1656 citur
502 1621 738 1656 mechanicus
771 1618 1034 1666 [μηχανικός],
1068 1632 1137 1662 ca,-
1161 1632 1261 1662 cum,
1294 1621 1316 1654 i.
1335 1620 1575 1654 adulterinus.
1612 1620 1711 1654 unde
1743 1622 1842 1655 artes
1872 1620 1997 1654 dieun-

374 1679 435 1712 tur
459 1678 674 1723 mechanice
705 1678 809 1721 quasi
840 1677 1048 1722 adulterine
1080 1678 1252 1720 respectu
1282 1676 1511 1719 liberalium,
1545 1688 1774 1720 quaecunque
1804 1678 2000 1711 removent

374 1734 561 1768 defectum
587 1736 624 1767 et
649 1733 844 1767 conferunt
867 1733 1070 1767 utilitatem
1094 1732 1155 1766 vel
1180 1732 1493 1766 commoditatem.
1512 1733 1610 1766 uude
1634 1733 1682 1779 he
1707 1733 1903 1766 machania
1925 1732 1997 1778 nie.

374 1791 396 1823 i.
415 1790 569 1823 scientia
592 1789 839 1823 humanorum
864 1800 1019 1833 operum
1044 1788 1256 1822 necessitati
1281 1799 1476 1833 corporum
1507 1789 1832 1832 obsequentium“.
1879 1788 2000 1822 Aliter

375 1845 531 1880 Gemma
554 1858 586 1890 g.

284 1907 326 1936 ’24)
353 1902 594 1935 ‘mensorium
620 1912 641 1935 a
665 1912 793 1935 mensa
817 1901 953 1935 dicitur
975 1901 1043 1935 hoc
1068 1901 1294 1935 mensorium
1319 1901 1365 1934 rii
1390 1901 1489 1945 quod
1514 1904 1570 1936 est
1592 1902 1631 1935 in
1655 1912 1799 1936 mensa:
1830 1902 1874 1935 ut
1896 1911 1998 1935 man—

374 1958 439 1991 tile
465 1960 502 1992 et
526 1968 591 1991 vas
617 1957 815 1992 escarium'
845 1957 1020 1991 Catholic.
1038 1957 1072 1991 h.
1091 1969 1124 1991 v.

248 2020 258 2027 “
284 2019 324 2048 21
345 2015 557 2059 polyhistor.
577 2015 650 2058 etc]
678 2013 853 2048 Catholic.
873 2013 1102 2056 „Polistoria
1124 2014 1219 2058 polis
1244 2014 1344 2058 quod
1369 2016 1424 2049 est
1445 2014 1639 2059 pluralitas
1663 2014 1898 2059 componitur
1914 2025 1998 2048 cum

374 2070 529 2104 historia
545 2072 583 2104 et
600 2070 735 2104 dicitur
758 2070 836 2104 haec
853 2069 1046 2114 polistoria
1069 2069 1134 2116 rie.
1152 2070 1174 2104 i.
1192 2070 1387 2114 pluralitas
1403 2071 1649 2105 historiarum.
1667 2070 1766 2104 unde
1792 2071 1830 2104 et
1846 2070 1998 2114 quidam

373 2127 468 2160 liber
499 2137 610 2170 quem
636 2126 782 2160 Solinus
813 2126 1022 2171 composuit
1047 2137 1091 2160 ex
1122 2126 1248 2160 multis
1278 2126 1440 2161 historiis
1465 2127 1525 2162 vel
1550 2126 1882 2171 compilationibus
1905 2126 1998 2170 poli-

374 2183 487 2217 storia
511 2182 630 2216 dictus
656 2183 712 2217 est
735 2182 840 2226 quasi
864 2182 1059 2227 pluralitas
1083 2182 1362 2218 historiarum“.

284 2243 326 2272 22
353 2239 567 2283 Polyscnus]
602 2238 824 2273 ‘Pollisenus
856 2250 965 2273 senus
993 2239 1263 2282 interpretatur
1300 2250 1436 2274 sensus.
1456 2241 1494 2274 et
1524 2240 1760 2284 componitur
1790 2250 1875 2273 cum
1904 2239 1999 2283 polis

376 2295 475 2338 quod
501 2295 556 2328 est
584 2294 788 2338 pluralitas.
808 2296 846 2328 et
870 2294 1006 2328 dicitur
1029 2294 1235 2339 polissenus
1258 2305 1308 2329 na
1325 2307 1425 2329 num.
1442 2295 1465 2329 i.
1483 2295 1647 2340 plurium
1672 2306 1845 2330 sensuum
1869 2295 1930 2329 vel
1953 2296 1998 2328 si-

375 2350 672 2395 gnificationum:
698 2351 741 2383 ut
764 2350 832 2384 hoc
857 2351 1014 2384 verbum
1039 2361 1129 2384 cano
1156 2352 1211 2384 est
1234 2351 1510 2394 polyssenum.“
1559 2351 1736 2385 Catholic.
1753 2351 1788 2384 h.
1806 2363 1840 2384 v.

285 2411 328 2441 25
352 2407 505 2449 simplex
529 2406 594 2450 yn]
620 2405 642 2439 i.
663 2416 691 2439 0.
711 2406 775 2449 qui
798 2407 1083 2450 grammaticam
1108 2417 1152 2440 ex
1170 2406 1332 2450 antiquis
1357 2406 1584 2441 scholasticis
1607 2406 1755 2449 libellis,
1781 2407 1820 2440 id
1845 2408 1901 2441 est
1924 2417 1998 2441 non

377 2474 421 2497 ex
446 2461 607 2505 antiquis
633 2472 654 2494 a
680 2461 800 2495 ‘novis
824 2462 963 2506 poetis'
989 2462 1210 2496 introductis
1234 2463 1485 2506 grammaticis
1510 2462 1730 2497 didicerunt.
1748 2464 1914 2497 ceterum
1944 2463 1998 2496 in-

375 2518 470 2553 fimae
495 2517 620 2552 classis
644 2516 817 2561 discipuli
841 2516 1050 2560 discebant,
1082 2517 1218 2552 infimae
1244 2517 1367 2552 classis
1398 2520 1644 2563 praeceptores
1669 2518 1854 2553 docebant
1878 2529 1997 2563 gram-

373 2573 559 2607 maticam.

284 2634 327 2665 26
350 2631 480 2664 mentis
504 2630 723 2674 conceptum]
749 2631 925 2672 mentem,
951 2630 1200 2673 vohmtatem‚
1227 2631 1481 2675 cogitationes.

285 2690 327 2719 28
352 2687 465 2720 citare
489 2686 539 2720 ad
557 2686 698 2730 privil]
724 2685 800 2727 auf
817 2685 876 2719 die
895 2686 1030 2720 Prive'l.
1048 2687 1207 2721 cz'tc'eren.
1255 2686 1341 2721 Fuit
1365 2687 1462 2721 inter
1487 2687 1566 2721 eius
1589 2687 1691 2721 modi
1715 2687 1929 2732 privilegia,
1955 2688 1999 2721 ut

375 2752 503 2775 eorum
527 2742 592 2786 qui
617 2742 662 2776 ab
687 2741 928 2776 universitate
953 2743 1125 2786 promoti,
1151 2743 1308 2787 gradum
1333 2743 1496 2787 aliquem
1514 2743 1768 2778 academicum
1793 2743 1919 2787 adepti
1944 2754 1996 2777 es-

375 2798 466 2838 sent,
493 2797 653 2841 dignitas
676 2798 866 2841 honorque
891 2797 937 2832 ab
963 2799 1133 2832 omnibus
1156 2799 1424 2834 observaretur.

286 2856 325 2886 31
353 2856 403 2886 est
421 2853 521 2897 plus]
546 2853 568 2887 i.
587 2865 616 2888 e.
634 2854 813 2888 iudicium
843 2853 1094 2889 universitatis
1123 2866 1190 2899 pro
1220 2855 1378 2890 veritate
1404 2856 1475 2898 est,
1507 2856 1629 2899 poetae
1659 2866 1747 2890 vero
1779 2855 1855 2899 (vel
1879 2854 1995 2889 cuius-

378 2919 522 2951 cunque
546 2911 681 2954 poetae)
705 2910 884 2944 iudicium
908 2910 1003 2944 nihil
1025 2911 1137 2945 valet.

330 2963 435 2997 istam
456 2991 463 2997 .
483 2991 489 2997 .
509 2991 515 2997 .
532 2965 689 3010 florem's]
714 2965 833 3010 Magis
850 2966 995 3010 gaudeo
1013 2978 1096 3001 eam
1119 2967 1292 3001 iniuriam
1310 2968 1402 3001 mihi
1425 2968 1578 3002 inlatam
1597 2979 1674 3002 esse
1700 2968 1781 3010 (pro
1798 2977 1872 3010 qua
1896 2976 1994 2999 acer-

376 3019 561 3052 bissimam
586 3031 744 3063 poenam
769 3022 902 3066 solvet)
928 3034 1039 3065 quam
1064 3023 1176 3066 siquis
1201 3027 1243 3057 20
1268 3023 1302 3057 fl.
1328 3024 1418 3056 mihi
1444 3024 1624 3057 donasset.
