2119 3522
261 189 289 234 2
303 188 362 233 96
760 195 869 222 ῙΝΒΕΧ·
891 196 1142 221 BIOGRAPHICVS
1166 196 1208 218 ET
1233 194 1476 217 oxoms‘ncvs.

261 326 322 359 est
339 318 367 339 ²⁰
400 316 560 369 [ibique
592 317 629 354 d.
650 318 715 354 20.
733 313 822 353 Oct.
840 327 876 351 a..
897 312 1016 349 1517.
1048 310 1139 348 albo
1171 310 1389 359 inscriptus
1429 315 1505 355 est,
1547 314 1592 346 ut
1629 310 1669 345 in
1702 315 1774 346 art.
1800 309 1973 347 ‘Facha'

262 375 499 414 rettulimus.
560 372 762 409 Lutherus
787 369 824 406 d.
846 369 910 405 11.
927 366 1031 405 Nov.
1051 380 1086 404 a.
1108 366 1226 402 1517.
1245 362 1418 402 scribit²¹
1450 364 1837 414 „Aesticampianus
1867 365 1976 415 apud
2041 388 2049 394 -

263 444 335 469 nos
366 430 574 480 profitetur
604 428 741 464 literas
763 423 1028 462 humanitatis
1049 421 1211 472 publico
1235 426 1274 458 et
1297 420 1429 458 ducali
1449 420 1643 466 salario“,
1678 426 1717 458 et
1739 420 1777 459 d.
1796 421 1861 458 24.
1878 421 1975 458 Mai.

264 501 299 524 a.
320 487 438 522 1519.
456 482 484 502 ²²
544 483 706 529 „Miror
736 480 846 531 quod
875 479 927 516 D.
948 478 1302 528 Aesticampianus
1333 476 1594 514 Iovinianum
1623 476 1865 527 Hieronymi
1896 489 1976 527 prae

223 563 225 565 .
262 541 396 579 Plinio
418 540 531 578 malit
552 533 787 589 profiteri.“]
820 535 958 585 ibique
990 533 1172 571 docendo
1196 538 1358 570 strenue
1379 533 1559 582 perrexit
1579 544 1706 582 usque
1728 531 1779 569 ad
1801 545 1836 569 a.
1856 533 1976 570 1520.

264 610 341 648 quo
374 596 466 633 fatis
498 595 695 633 concessit
727 591 830 643 prid.
850 591 945 628 Kal.
963 586 1095 627 Iun.²3
1153 588 1282 626 Aiunt
1303 601 1463 638 quoque
1486 589 1616 638 ipsum
1638 588 1824 625 Doctoris
1846 587 1975 626 Theo-

262 653 380 702 logiae
412 651 610 702 dignitate
642 650 824 693 fulsisse,
859 653 898 684 et
928 647 969 683 in
1001 659 1049 683 ea
1080 658 1162 682 non
1193 645 1338 682 leviter
1367 644 1491 681 fuisse
1519 649 1737 682 versatum.
1791 642 1851 681 Cs.
1870 643 1978 681 Dan.

265 708 421 745 Fidleri
449 708 542 745 diss.
562 706 809 756 singularem
832 703 881 740 de
902 702 962 740 Io.
979 701 1138 752 Rhagio
1159 700 1490 750 Aesticampiano
1512 700 1623 750 Lips.
1645 700 1765 737 1730.
1783 705 1822 737 et
1838 699 1979 737 Manlii

264 764 471 802 Lusatiam
495 762 589 799 VII.
614 763 679 799 1.“
740 761 847 797 Tum
875 764 965 809 post
994 771 1140 795 novem
1162 757 1581 806 Aesticampianorum
1608 755 1799 792 librorum
1820 768 1979 792 enume-

263 820 461 857 rationem
481 818 692 856 Fabricius
714 816 846 854 addit:
881 814 1011 861 „Fuit
1037 819 1188 858 autem,
1222 819 1324 850 teste
1349 812 1543 857 Wellero,
1577 812 1639 848 vir
1669 812 1776 862 pius,
1811 810 1978 857 sobrius,

265 883 396 914 castus
437 881 476 912 et
515 873 728 911 facundus.
788 871 921 909 Valde
960 876 1155 920 praeterea
1192 868 1376 907 laudavit
1413 868 1580 918 ingenia
1619 868 1839 905 iuventutis
1870 866 1980 904 Frei-

265 932 447 984 bergae“.
507 930 708 968 Lutherus
746 928 867 965 etiam
896 927 975 963 l.c.
1000 925 1050 962 ad
1085 938 1175 962 eum
1211 925 1370 975 scripsit
1411 925 1605 961 ‘virorum
1644 923 1912 960 eruditissime
1944 929 1983 961 et

266 987 550 1037 integerrime’.
571 1007 622 1012 --
646 985 895 1035 Scriptorum
915 981 1336 1030 Aesticampianorum
1357 980 1491 1017 brevis
1513 979 1658 1017 notitia
1679 992 1766 1029 quae
1788 979 1980 1029 sequitur,

267 1044 438 1082 maxime
468 1055 517 1079 ex
538 1041 724 1078 Fabricio
750 1038 866 1088 (Β),
902 1036 1096 1074 Mohnike
1119 1034 1242 1084 (M),
1276 1035 1545 1086 Erhardoque
1569 1035 1686 1084 (E),
1720 1035 1788 1085 qui
1812 1042 1981 1084 uterque

266 1113 338 1137 sua
370 1100 454 1136 sere
486 1111 536 1135 ex
564 1097 739 1134 Panzeri
772 1093 987 1132 annalibus
1019 1093 1288 1143 collegerunt,
1323 1091 1508 1129 confecta
1539 1096 1617 1128 est:

292 1176 324 1207 1)
339 1174 464 1205 Modus
483 1172 705 1214 epistolandi
724 1197 729 1203 .
750 1197 755 1202 .
777 1170 925 1202 Cracov.
945 1180 971 1200 s.
994 1179 1026 1202 a.
1044 1167 1091 1200 4⁰.
1111 1186 1154 1191 —-
1171 1169 1321 1200 Viennae
1341 1168 1436 1200 1515.
1454 1166 1502 1198 4⁰.
1530 1167 1577 1200 M.
1592 1168 1634 1198 E.

291 1230 324 1270 2)
339 1230 437 1261 Petri
457 1229 574 1260 Heliae
594 1227 831 1269 grammatica
851 1236 879 1260 c.
895 1229 1083 1257 comment.
1103 1224 1179 1256 Ioh.
1195 1222 1436 1255 Sommerfelt.
1458 1223 1606 1264 Argent.
1622 1224 1719 1255 1499.
1738 1223 1785 1255 40.
1812 1224 1851 1254 F.
1889 1223 1985 1255 Hain

344 1285 530 1326 Repe-rior.
550 1287 586 1314 n⁰
618 1284 718 1315 8422.

291 1342 326 1381 3)
344 1341 514 1373 Carmina
530 1341 626 1380 (post
641 1342 647 1354 ‘
660 1337 838 1370 Versiculi
853 1336 990 1369 Theod.
1007 1336 1213 1368 Gresmunti
1228 1332 1320 1375 &c.')
1335 1345 1362 1367 S.
1376 1335 1398 1367 1.
1416 1337 1452 1367 et
1466 1344 1498 1369 a,
1515 1332 1873 1378 [Argent.1502.]4⁰‚
1887 1334 1986 1366 Μ.Ε.

293 1398 327 1437 4)
343 1397 487 1429 Tabula
507 1395 667 1427 Cebetis.
688 1394 818 1432 (Μ.Ε.)
849 1392 936 1424 Vide
956 1392 1032 1424 Ind.
1054 1392 1222 1430 bibliogr.
1241 1391 1456 1423 Huttenian.
1477 1401 1511 1422 n.
1525 1390 1590 1425 ΙΙΙ,
1610 1402 1643 1432 p.
1659 1389 1715 1422 2²³.
1731 1400 1782 1432 sq.

293 1455 327 1493 5)
345 1452 519 1483 Praefatio
539 1451 573 1482 in
594 1449 779 1491 Epistolas
797 1449 943 1480 Libanii
962 1458 982 1478 a
997 1447 1194 1479 Francisco
1208 1446 1435 1479 Zambicario
1449 1446 1583 1478 Latine
1603 1456 1808 1478 conversas.
1837 1446 1990 1478 Cracov.

350 1509 445 1542 1504.
464 1506 510 1539 4⁰.
530 1510 565 1538 et
583 1510 663 1547 post
683 1505 804 1537 Wolfii
822 1504 1015 1536 Libanium
1035 1504 1144 1534 Amst.
1166 1504 1251 1535 1738
1289 1504 1328 1538 F.

294 1565 328 1603 6)
344 1563 489 1595 Libanii
508 1588 514 1594 .
532 1587 538 1594 .
559 1560 723 1603 epistolae
743 1571 773 1592 c.
790 1560 962 1593 Iohannis
982 1559 1214 1591 Summerfelt
1233 1559 1455 1600 argumentis
1473 1558 1534 1590 διο.
1555 1569 1581 1590 s.
1600 1558 1621 1590 l.
1642 1561 1678 1590 et
1697 1569 1727 1590 a.
1747 1558 1795 1592 40.
1822 1559 1862 1590 E.

295 1621 328 1659 7)
347 1620 628 1661 Epigrammata.
658 1618 698 1650 F.
716 1616 763 1648 M.
782 1617 820 1647 E.
865 1616 910 1647 cf.
932 1615 1032 1647 Hutt.
1053 1615 1142 1656 Opp.
1163 1613 1229 1646 ΙΙΙ.
1250 1625 1281 1655 p.
1301 1616 1364 1646 542
1385 1619 1420 1645 et
1437 1615 1469 1649 8.

295 1675 329 1715 8)
347 1675 518 1706 ‘Carmen
537 1674 578 1705 de
598 1673 770 1711 Lusatia,
791 1671 883 1713 quod
900 1670 1156 1702 Melanchthon
1172 1670 1374 1710 Basiieam,
1394 1676 1433 1702 ut
1451 1670 1708 1711 excuderetur,
1734 1670 1902 1710 miserat,
1930 1682 1990 1702 ne-

349 1731 423 1763 scio
444 1741 511 1771 quo
531 1730 607 1761 fato
626 1729 751 1770 periit,
772 1731 807 1759 et
825 1727 979 1759 nondum
998 1730 1177 1768 repertum
1197 1724 1276 1757 est.’
1304 1726 1342 1758 F.

296 1786 329 1828 9)
345 1786 383 1818 C.
401 1786 511 1818 Plinii
524 1784 680 1816 Secundi
698 1785 826 1816 Veron.
841 1782 884 1814 ad
897 1783 966 1817 Tit,
982 1783 1248 1824 Vespasianum
1265 1782 1303 1813 in
1321 1782 1432 1813 libros
1447 1782 1490 1813 N.
1506 1782 1550 1813 H.
1567 1782 1735 1823 Epistola
1750 1792 1780 1816 c.
1795 1783 1897 1824 praef.
1914 1783 1991 1816 Ioh.

350 1842 648 1883 Aesticampiani.
670 1841 767 1881 Lips.
789 1841 885 1872 1508.
907 1838 972 1873 fol,
998 1839 1040 1870 E.

260 1899 330 1946 ι10)
347 1897 632 1930 Commentarius
648 1897 683 1927 in
693 1894 974 1927 Grammaticam
985 1894 1155 1925 Martiani
1165 1893 1322 1936 Capellae
1336 1894 1514 1926 etDonati
1527 1893 1788 1935 fignras.s.1.et
1800 1905 1830 1928 a.
1840 1894 1886 1928 40.
1901 1895 1942 1928 F.
1953 1895 1993 1927 E.

278 1956 333 1995 11)
349 1953 523 1985 Martiani
547 1952 709 1993 Capellae
737 1951 931 1983 Rhetorica
957 1961 986 1982 c.
1009 1950 1086 1982 Iob.
1111 1949 1242 1991 Rhagii
1265 1950 1418 1982 verbosa
1441 1949 1542 1992 praef.
1568 1949 1670 1991 Lips.
1691 1951 1787 1982 1509.
1813 1951 1908 1991 ,‚fol.
1935 1961 1991 1992 ap.

349 2009 542 2040 Martinum
563 2006 895 2049 Herbipolensem“
914 2007 956 2039 F.
977 2007 1044 2045 „in
1062 2004 1136 2037 8⁰.“
1155 2015 1226 2037 sec.
1252 2005 1298 2037 M.
1314 2006 1353 2038 E.

280 2066 334 2107 12)
351 2065 477 2097 Oratio
496 2066 531 2096 in
550 2064 669 2096 studio
686 2064 866 2105 Lipsiensi
882 2059 931 2105 [a.
949 2059 1062 2105 1511]
1079 2063 1244 2094 recitata.
1272 2061 1360 2094 Post
1372 2061 1506 2093 Fidleri
1527 2072 1635 2104 supra
1655 2062 1715 2094 cit.
1731 2062 1816 2094 diss.
1834 2063 1934 2104 Lips.
1954 2063 1993 2097 F.

355 2121 400 2153 cf.
423 2120 642 2152 Burckhard.
662 2128 771 2161 supra
789 2120 849 2150 cit.
869 2122 942 2150 not.
960 2118 998 2149 ll.

282 2179 336 2216 13)
351 2178 411 2209 ‘In
437 2177 612 2218 quasdam
634 2175 754 2207 Plauti
775 2173 987 2207 Comoedias
1015 2178 1050 2206 et
1073 2173 1185 2205 libros
1205 2173 1392 2206 Oratorios
1413 2173 1599 2206 Ciceronis
1626 2176 1889 2206 commentatus
1916 2184 1995 2206 esse

357 2232 489 2264 dicitur
509 2232 688 2271 Gesnero,
709 2241 788 2272 quae
808 2241 829 2262 a
847 2241 901 2262 me
920 2231 998 2261 visa
1017 2240 1086 2261 non
1106 2227 1222 2263 sunt'.
1245 2230 1286 2264 F.

281 2290 340 2330 14)
355 2289 401 2320 M.
417 2288 528 2320 Tullii
546 2287 731 2319 Ciceronis
750 2287 794 2318 (le
813 2290 954 2317 oratore
973 2285 1058 2319 libb.
1073 2284 1140 2317 ΙΙΙ.
1155 2283 1214 2318 &c.
1231 2286 1333 2327 praef.
1349 2297 1379 2318 e.
1395 2286 1470 2318 loh.
1485 2286 1650 2328 Rhagius
1665 2286 1995 2329 Aesticampianus.

357 2344 455 2385 Lips.
476 2344 570 2375 1515.
591 2343 652 2374 fol.
673 2353 729 2384 ap.
748 2341 933 2373 Melchior.
955 2341 1116 2376 Lotther,
1143 2341 1182 2372 F.
1198 2342 1239 2373 E.

286 2402 339 2437 15)
356 2402 438 2434 Aur,
453 2399 646 2440 Augustini
665 2398 812 2429 libellus
830 2397 873 2429 de
892 2397 970 2428 vita
989 2396 1208 2428 Christiana.
1236 2398 1337 2438 Lips.
1360 2398 1454 2430 1518.
1472 2397 1518 2430 4⁰.
1544 2398 1647 2431 Μ.Ε.

286 2456 341 2496 16)
357 2456 520 2497 Hymnus
544 2455 580 2485 in
604 2453 745 2486 laudem
772 2453 865 2485 divae
885 2453 1056 2484 Barbarae
1080 2462 1106 2483 s.
1123 2452 1146 2486 l.
1167 2456 1203 2484 et
1220 2463 1251 2484 a.
1269 2452 1316 2486 4⁰.
1342 2454 1389 2487 M.
1404 2454 1444 2486 E.
1483 2453 1597 2486 Extat
1622 2454 1730 2486 etiam
1755 2456 1794 2486 in
1811 2455 1998 2497 Epigram-

359 2514 467 2543 matis
486 2521 517 2543 a.
536 2511 632 2542 1507.
651 2509 865 2551 publicatis,
888 2509 1019 2550 incipit
1038 2507 1168 2550 ‘Virgo
1187 2508 1228 2540 de
1247 2509 1344 2541 claro
1363 2519 1542 2551 generosa
1560 2514 1665 2552 patre
1682 2510 1799 2542 Nata.
1818 2509 1839 2542 .'

375 2613 432 2652 20)
451 2612 553 2645 Hier,
567 2609 747 2642 lVellerus
765 2611 801 2641 in
819 2609 964 2641 Libello
983 2620 1015 2651 p.
1032 2610 1084 2641 71.
1134 2608 1235 2641 Adde
1254 2609 1361 2642 Andr.
1377 2610 1521 2643 Molleri
1539 2612 1734 2643 Theatrum
1753 2611 1999 2653 Fribergense

374 2667 402 2698 1.
418 2678 449 2709 p.
461 2668 536 2701 285.
624 2667 680 2706 21)
695 2667 735 2698 de
757 2667 869 2698 Wetce
882 2666 1029 2697 Luthers
1043 2664 1162 2706 Briese
1179 2666 1206 2696 I.
1222 2676 1254 2707 p,
1265 2667 1318 2698 73.
1334 2666 1356 2696 i.
1374 2666 1397 2700 f.
1486 2666 1542 2707 22)
1557 2667 1648 2702 lbid,
1663 2669 1782 2709 p,279.
1858 2669 1915 2707 23)
1931 2668 2000 2699 Lu-

376 2723 501 2754 therus
520 2722 624 2763 epist.
641 2727 723 2754 tom.
741 2723 766 2754 I.
783 2733 814 2764 p.
829 2723 883 2755 42.
899 2723 974 2753 252.
1003 2718 1135 2764 [Huic‚
1158 2732 1214 2763 ap.
1231 2723 1272 2753 de
1287 2721 1400 2754 Wette
1414 2722 1441 2756 Ι.
1458 2733 1489 2764 p.
1505 2723 1601 2763 429„
1626 2724 1676 2755 Io.
1691 2724 1835 2766 Langio
1853 2724 1999 2766 scriptae

379 2777 411 2810 d.
425 2779 478 2809 22.
495 2779 579 2817 (non
593 2777 659 2819 21.)
677 2780 780 2812 Mart.
796 2788 827 2812 a.
842 2779 938 2810 1520.
953 2779 1211 2819 postscriptum
1225 2781 1278 2809 est
1291 2777 1636 2820 „Aestieampianus
1651 2789 1789 2822 quoque
1803 2780 2000 2812 asmatieus

381 2844 417 2865 se
436 2834 561 2874 inungi
581 2834 738 2873 curavit,
758 2838 794 2865 et
812 2834 857 2865 ad
876 2834 1010 2865 exitum
1029 2833 1167 2874 parari:
1192 2843 1395 2876 quanquam
1419 2834 1535 2866 adhuc
1554 2835 1764 2868 deambulat
1778 2836 1816 2866 in
1835 2835 2001 2868 cubiculo

381 2899 455 2928 suo,
474 2889 568 2920 bono
587 2893 621 2920 et
641 2890 800 2921 animato
815 2890 933 2930 corde,
954 2893 1099 2921 mortem
1113 2889 1205 2921 nihil
1218 2900 1364 2932 prorsus
1379 2891 1575 2924 metuens“.
1593 2894 1675 2933 post
1688 2901 1795 2933 quam
1809 2891 2000 2933 epistulam

383 2954 460 2975 eam
480 2954 501 2975 a
519 2943 562 2975 de
576 2945 715 2976 Wettio
734 2944 960 2977 conlocatam
980 2955 1059 2977 esse
1077 2945 1233 2987 mireris,
1260 2956 1364 2988 quam
1385 2946 1447 2979 ‘D.
1462 2948 1614 2979 Doctori
1630 2946 1894 2989 Aestieampio‘
1914 2948 2001 2979 seri-

383 3002 507 3043 pserat
521 2999 718 3041 Lutherus‚
737 3004 777 3031 ut
797 3011 875 3032 eum
896 3011 974 3033 curn
992 3002 1109 3033 amico
1129 3002 1282 3044 quodam
1303 3003 1347 3034 ad
1366 3003 1556 3045 prandium
1574 3003 1748 3036 invitaret
1761 3001 1999 3047 reverenter]
