2119 3522
716 214 896 237 ZEHENDER
922 229 929 237 .
945 229 952 236 .
967 229 975 236 .
1000 209 1274 237 ZVTPHANIENSIS.
1754 191 1781 236 5
1792 193 1813 235 1
1823 192 1849 236 3

138 330 280 370 acerbe
314 327 626 377 describuntur¹,
659 331 850 381 magister
881 336 1017 368 noster
1047 331 1115 381 qui
1136 329 1355 379 Moguntiae
1387 326 1438 364 ad
1470 327 1731 364 festivitatem
1754 324 1851 376 Spe-

137 388 216 425 culi
247 388 416 425 ocularis
448 386 708 425 comburendi
741 399 790 424 ex
821 386 991 424 ambone
1024 386 1213 424 invitavit
1246 383 1296 433 (p.
1313 381 1414 434 41⁵),
1450 388 1489 421 et
1520 384 1561 420 in
1593 383 1702 420 cuius
1737 382 1852 419 domo

136 444 254 481 amici
278 443 582 482 Coloniensium
603 442 772 492 singulis
794 443 1030 493 septimanis
1054 442 1302 480 conveniunt
1325 438 1375 488 (p.
1392 437 1511 488 274⁶),
1545 452 1664 489 quem
1688 438 1854 489 Lappus

140 498 191 548 (p.
208 497 327 549 24029)
362 514 450 538 cum
470 499 601 537 Petris
623 499 807 536 Bertrain
830 505 868 536 et
890 499 1033 549 Meyer
1062 498 1224 536 brevius
1247 510 1366 548 quam
1388 497 1429 533 in
1447 495 1671 546 Triumpho
1696 494 1853 532 Reueh-

136 553 233 593 Ιίιιὶ2
264 556 414 593 factum
446 561 521 602 est,
566 555 741 605 sugillat.
800 555 915 592 Idem
947 560 1007 592 est
1050 554 1268 605 ‘plebanus
1307 551 1359 591 ad
1391 566 1421 590 s.
1444 552 1680 589 Martinum⁷
1712 564 1747 596 p.
1767 548 1853 597 172¹,

137 613 222 649 sive
255 611 516 662 ‘praedicator
554 612 596 648 in
633 613 805 649 summo’
837 624 872 657 p.
889 608 1002 647 24929.
1026 616 1288 656 memoratus,
1322 609 1347 646 i.
1372 622 1405 646 e.
1430 609 1471 645 in
1502 607 1702 645 hodierna
1742 606 1793 644 ad
1825 620 1855 643 s.

136 667 356 705 Martinam
386 667 701 718 metropolitana
733 667 920 713 ecclesia,
955 668 1132 703 Mamer
1161 668 1278 712 Dom,
1311 679 1333 702 a
1363 664 1576 714 Willegiso
1609 677 1644 700 a.
1671 664 1789 702 1009.
1814 663 1855 699 in

136 723 265 762 locum
296 724 444 762 veteris
484 724 536 762 ad
566 737 597 761 s.
620 724 840 761 Martinum
878 723 973 760 {udis
1010 720 1241 760 aedifieata3.
1302 720 1426 771 Apud
1464 718 1653 758 Ioannis⁵
1684 719 1855 757 relatum

138 786 198 817 est
226 780 565 818 Bartholomaeum
595 779 828 824 Zehender,
864 779 1124 816 ecclesiasten
1150 777 1523 827 metropolitanum,
1557 777 1597 813 in
1629 775 1762 812 reditu
1784 775 1854 812 Al-

137 835 241 874 berti
273 836 566 887 archiepiscopi
607 848 627 872 e
661 835 839 872 Saxonia
878 834 1042 872 brevem
1082 833 1272 871 habuisse
1305 834 1545 878 orationem,
1588 845 1666 882 qua
1698 833 1733 869 ei
1772 838 1855 868 tum

139 892 188 930 de
220 892 419 943 dignitate
448 891 727 937 cardinalicia,
762 896 845 928 tum
875 890 925 928 de
953 890 1060 927 felici
1089 890 1268 927 adventu
1297 889 1520 938 gratulatus
1551 893 1667 925 esset.
1728 887 1855 924 Foedo

138 962 236 986 sane
268 961 402 986 errore
424 947 638 986 Miinchius
671 953 710 985 et
732 960 782 984 ex
813 960 858 984 eo
881 946 1181 984 Roterniundus
1214 945 1417 982 hominem
1449 958 1538 981 cum
1558 943 1855 980 Bartholoinaeo

139 1004 395 1051 Coloniensi,
443 1018 526 1042 non
566 1003 760 1041 incelebri
797 1003 921 1053 Hegii
961 1002 1156 1053 discipulo
1189 1000 1431 1050 Ortvinique
1473 1006 1738 1050 praeceptorc,
1782 998 1855 1036 Co-

136 1061 314 1099 loniensi
345 1061 540 1099 canonico
573 1066 612 1098 et
642 1058 922 1106 scholastieo⁷·‚
964 1071 1011 1096 ac
1040 1060 1073 1096 si
1106 1058 1281 1095 Hutteni
1312 1058 1463 1107 scripta
1494 1069 1701 1106 nunquam
1733 1055 1855 1093 vidis-

136 1122 240 1164 sent,
273 1117 557 1156 confuderunt.

228 1192 261 1236 1)
279 1194 382 1226 Hutt.
402 1194 493 1236 Opp.
512 1195 540 1226 Ι.
560 1205 593 1235 p.
614 1194 687 1224 165.
802 1190 835 1233 2)
856 1192 987 1224 versib.
1007 1192 1200 1224 753...771.
1219 1191 1414 1223 772...789.
1437 1190 1628 1222 789...841.
1745 1186 1779 1230 3)
1800 1188 1855 1222 Cf.

226 1250 387 1292 Rettberg]
410 1250 674 1291 Kirclzenyeselz.
710 1250 857 1290 Go'tliny.
879 1249 974 1281 1846.
992 1248 1020 1279 I.
1041 1260 1073 1290 p.
1092 1249 1167 1280 581.
1188 1257 1241 1287 sq.
1360 1245 1395 1287 4)
1423 1247 1503 1277 Rer.
1522 1244 1789 1286 Moguntiacar.
1809 1245 1856 1278 ΙΙ,

226 1316 260 1347 p.
277 1307 352 1339 827.
446 1306 480 1347 5)
500 1305 543 1337 de
562 1315 629 1346 quo
648 1305 692 1339 cf.
711 1304 1034 1344 Hamelmannum,
1061 1303 1324 1346 Foppensium,
1352 1302 1647 1343 Hartzhemium,
1675 1300 1777 1332 alios.

138 1404 505 1435 ZVTPHANIENSIS
539 1399 610 1435 vid.
635 1396 793 1447 Sotphi.

223 1758 352 1809 Quasi
391 1758 730 1808 complementum
766 1758 884 1796 huius
916 1757 1069 1795 Indicis
1108 1770 1190 1794 non
1231 1756 1364 1793 nullos
1403 1768 1510 1792 anno
1545 1755 1665 1792 1523.
1688 1755 1858 1804 scriptos

137 1815 358 1852 versiculos
404 1814 690 1852 bibliothecam
728 1815 894 1866 parochi
932 1813 1272 1851 Butelsteinensis
1312 1811 1588 1850 describentes
1626 1810 1857 1848 subicimus.

138 1884 226 1921 quae
264 1871 429 1922 quidem
466 1870 713 1909 bibliotheca
753 1885 836 1908 non
874 1877 955 1908 tam
993 1871 1105 1908 dives
1137 1883 1257 1920 quam
1288 1882 1311 1905 a
1340 1868 1498 1905 Ioanne
1531 1866 1728 1905 Cerdonis
1759 1880 1858 1917 prze-

139 1927 383 1965 dicatoribus
422 1941 468 1965 ac
513 1928 706 1965 fratribus
751 1927 974 1965 minoribus
1021 1931 1264 1964 testamento
1310 1925 1446 1974 legata
1486 1922 1626 1973 (Hutt.
1654 1922 1857 1973 Opp.V1.

137 1997 176 2034 p.
200 1984 295 2021 457.
317 1996 377 2022 vv,
400 1982 607 2033 21...33.),
649 1983 721 2021 sed
756 1998 839 2021 non
872 1984 993 2021 nullis
1027 1983 1147 2021 etiam
1178 1983 1285 2020 inter
1317 1980 1565 2019 Cerdonicos
1598 1994 1679 2016 non
1712 1993 1857 2017 meino—

138 2040 234 2078 ratis
263 2040 378 2078 libris
409 2040 606 2077 instructa
638 2041 727 2077 fuit.

222 2096 272 2133 In
304 2096 480 2134 camnine
514 2096 736 2142 ‘Novella',
770 2096 879 2146 quod
907 2094 1274 2146 Gengenbachium
1305 2099 1506 2131 auctorem
1538 2092 1688 2130 habero
1721 2098 1860 2129 censet

140 2151 309 2190 Carolus
332 2152 516 2190 Goedeke
541 2152 782 2202 (Pamphilus
805 2154 1070 2200 Genyenbaclz.
1102 2152 1326 2187 Hammzwr.
1354 2151 1472 2186 1856.
1496 2149 1586 2198 80),
1615 2149 1859 2199 podagricus

138 2208 355 2259 parochus,
389 2209 540 2259 quise,
574 2209 652 2246 nisi
681 2209 820 2246 morbo
849 2208 1122 2259 inpediretur,
1155 2207 1327 2265 pedibus
1350 2206 1675 2255 WVittenbergani
1705 2206 1856 2242 iturum

138 2264 428 2310 affirmaverat,
461 2271 506 2302 ut
536 2279 625 2303 cum
655 2265 835 2303 Luthero
866 2266 953 2316 ipse
987 2265 1227 2315 disputaret,
1267 2263 1415 2301 aedituo
1448 2261 1710 2313 exprobranti

139 2354 204 2385 375
500 2379 718 2386 .......
744 2353 806 2385 acle
830 2354 910 2385 herr
936 2364 1000 2384 men
1024 2353 1206 2394 schwiyen,

566 2411 618 2442 Er·
641 2412 728 2442 wird
751 2411 832 2442 eilele
855 2410 992 2442 worlielz
1015 2412 1107 2441 leren
1129 2409 1239 2450 gyz‘yen.

499 2466 591 2498 Mielz
615 2468 767 2498 wundert
792 2468 854 2498 das
882 2467 913 2497 ir
936 2477 974 2497 so
1002 2465 1152 2497 tleoreehl
1176 2465 1271 2505 siml,

566 2523 607 2554 Ir
630 2526 746 2555 wd'ren
768 2533 873 2565 yegserz
899 2524 969 2554 imm
995 2523 1047 2553 ein
1071 2521 1164 2552 kind.

499 2578 544 2611 So
569 2580 612 2610 vil
633 2581 722 2620 ylert
746 2580 815 2610 leike
839 2579 896 2609 lmc
921 2589 957 2609 er
982 2578 1177 2609 heslamlen.

570 2635 608 2666 [τ’
631 2636 768 2666 wurden
794 2635 875 2666 oncle
901 2645 962 2666 von
990 2635 1062 2665 inznz
1086 2626 1126 2664 zi}
1150 2633 1320 2664 scleamlen

141 2692 206 2724 380
499 2690 539 2722 lr
563 2691 654 2722 hand
678 2691 761 2722 doch
786 2689 862 2721 kein
887 2690 980 2721 recht
1009 2689 1132 2721 biielzer
1158 2690 1214 2720 nil.

139 2748 476 2799 indignabundus
507 2748 729 2799 respondet

571 2837 789 2845 .......
816 2813 892 2845 diclz
915 2813 1010 2844 svbiit
1035 2814 1096 2844 der
1120 2813 1182 2852 rit,

502 2869 612 2902 Sielzst
637 2870 709 2912 dzzss
734 2866 809 2901 nil*
835 2869 914 2901 clo'rt
937 2869 990 2910 vff
1009 2870 1080 2900 clem
1104 2869 1228 2909 sclzaffl
1252 2869 1357 2909 lz‘gsen,

568 2926 631 2958 Ielz
653 2927 707 2958 wil
731 2927 793 2958 der
814 2936 860 2966 yn
885 2926 957 2957 dem
981 2930 1056 2967 ἶνας]
1077 2925 1303 2966 ῃεεοῆωῖρεη,

233 3026 265 3070 *)
292 3029 369 3061 ᾱίοΙι
391 3027 544 3060 selziittel'
569 3028 631 3059 das
651 3027 776 3068 fieher!
817 3026 929 3059 Siehst
953 3028 996 3059 clu
1020 3028 1068 3058 sie
1093 3027 1181 3058 niem
1209 3030 1277 3060 etc,

192 3096 281 3115 HVTT.
301 3096 366 3115 OPP.
386 3095 489 3114 SVPPL.
510 3095 541 3114 11.
