2119 3522
331 221 382 242 ΕΡ.
397 218 420 242 7.
435 218 460 242 8.
486 220 661 242 ALBERTVS
679 219 835 243 Acvmcls
851 220 1011 243 ORTVINO.
1030 232 1071 236 -—
1090 219 1247 241 MATHEVS
1264 218 1366 240 FINCK
1383 217 1542 240 OBTVINO.
1694 199 1788 244 663

78 281 161 321 Pag.
181 278 269 315 196.
1155 277 1241 318 Pag.
1259 277 1332 308 195.
1346 287 1376 307 v.
1391 283 1424 308 34
1441 301 1447 307 .
1464 301 1470 307 .
1487 300 1493 306 .
1511 275 1598 316 Pag.
1614 276 1687 307 197.
1707 286 1735 307 v.
1750 283 1791 307 10.

168 332 376 377 „professor
401 332 576 366 Ortvinus
603 331 829 366 Coloniensis
854 331 1031 373 versifex,
1057 330 1246 372 metrifeX‚
1278 330 1392 364 immo
1416 329 1477 363 fex
1502 328 1620 363 omnis
1644 328 1791 363 sceleris

167 389 206 423 et
228 388 431 433 perfidiae“.

79 449 118 479 11
149 444 228 489 Viy.
251 443 368 489 Wm]
395 444 439 478 cf.
457 443 534 477 Iud.
552 443 669 487 biogr.
687 454 723 487 p.
741 446 816 477 508.
834 454 911 487 sqq.
930 443 996 477 art.
1015 442 1123 476 Wiit.
1154 452 1238 486 pag.
1263 444 1326 476 74⁹
1349 442 1450 476 recte
1482 440 1618 476 dicitur
1649 448 1794 485 „caput

167 500 332 535 omnium
355 499 644 543 nequitiarum“.

76 561 118 591 22
143 555 424 599 incommodosa]
456 554 819 589 incommoditatum]
850 554 978 598 plena,
1012 554 1138 588 multis
1168 553 1792 613 incommodis.difficultatibuslue

165 623 231 646 nos
256 611 432 646 afficiens.

76 671 118 703 23
142 668 196 702 ivel
220 695 227 702 .
246 695 252 702 .
272 677 343 711 pro
368 667 497 711 caseis]
524 666 639 701 fratcr
664 666 847 700 case-arius
873 666 922 709 (p.
946 666 1027 710 9³⁴.)
1053 676 1244 700 caseorum
1269 665 1563 710 colligendorum
1589 676 1699 700 causa
1723 665 1793 699 dis-

166 724 371 758 currebam.

75 783 117 814 25
143 779 202 814 det
225 779 293 814 tibi
317 780 451 824 caseos]
484 777 732 813 Reuchlinum
768 777 910 811 scilicet
941 778 975 811 ei
1006 788 1073 822 pro
1108 777 1250 812 meritis
1286 777 1570 821 praedicatorum
1607 778 1672 811 aut
1702 777 1795 811 dura

165 835 280 869 verba
305 835 369 869 aut
392 834 545 869 fortasse
567 834 645 868 eius
666 833 769 867 modi
793 843 941 867 caseum
966 832 1139 867 daturum
1166 844 1243 868 esse
1269 832 1470 878 significat,
1497 833 1645 877 qualem
1669 843 1793 877 repor-

166 891 261 925 tavit
287 889 535 925 Schlauraffiis
559 901 594 933 p.
613 893 688 924 202.
706 901 740 924 v.
754 892 827 924 155.

433 978 669 1014 EPISTOLA
695 980 731 1016 8.
771 978 1005 1012 MATHEVS
1031 978 1177 1013 FINCK
1203 977 1433 1012 ORTVINO.

73 1064 116 1094 ²28
140 1058 329 1094 Mattheus
353 1058 479 1093 Finck.
505 1058 550 1092 cf.
568 1058 647 1092 Ind.
664 1058 783 1102 biogr.
801 1069 835 1101 p.
855 1061 930 1092 370.
948 1057 1046 1091 hunc
1072 1058 1138 1091 art.
1157 1058 1196 1091 et
1218 1057 1316 1091 infra
1332 1056 1376 1090 Π.
1396 1068 1452 1101 ep.
1471 1060 1524 1091 54.

73 1120 113 1150 31
140 1116 333 1160 copistria]
365 1115 445 1150 Hoc
476 1125 612 1149 nomen
637 1126 658 1149 a
683 1114 825 1158 copista
855 1113 925 1147 sibi
949 1113 1057 1146 finxit
1088 1114 1231 1155 auctor,
1264 1113 1306 1146 ut
1335 1113 1500 1147 iuristria
1530 1124 1552 1147 a
1580 1113 1712 1147 iul-ista
1741 1113 1792 1146 fa-

162 1172 263 1206 ctum
281 1172 372 1213 erat,
399 1172 441 1205 ut
455 1170 625 1204 infimum
643 1170 846 1204 scribarum
865 1180 982 1214 genus
999 1168 1076 1203 sive
1095 1168 1258 1203 officium
1284 1169 1490 1203 denotaret.
1538 1169 1793 1214 Inlegitimum

161 1238 296 1262 nomen
321 1227 411 1262 alibi
434 1238 508 1261 non
531 1227 680 1272 legitur.
728 1225 877 1260 videtur
901 1226 1027 1259 autem
1051 1225 1150 1258 bona
1174 1224 1311 1258 stantia
1336 1235 1448 1268 quam
1478 1224 1611 1259 habuit
1632 1224 1793 1259 Finckus

161 1285 209 1327 (q.
228 1295 253 1317 5.
271 1285 420 1327 v.6.sq.)
445 1283 483 1316 in
508 1293 619 1326 parco
645 1281 786 1316 minore
813 1280 1043 1315 cancellariae
1070 1281 1281 1325 apostolicae
1307 1281 1430 1315 fuisse.

72 1343 156 1383 Pag.
179 1341 268 1377 197.
732 1375 744 1378 ,
1081 1376 1135 1379 ,-

73 1400 88 1429 1
110 1396 322 1440 productas]
348 1395 488 1440 longas.

70 1456 90 1487 3
114 1452 164 1486 ad
188 1478 195 1486 .
214 1479 221 1486 .
241 1480 246 1485 .
272 1452 405 1496 mense]
431 1461 512 1485 zum
535 1451 731 1495 weniqsten
756 1451 889 1485 einmal
912 1451 962 1484 im
983 1450 1124 1491 Monat,
1150 1450 1249 1483 certe
1274 1449 1428 1494 singulis
1452 1450 1641 1484 mensibus
1665 1450 1790 1485 semel.

115 1509 286 1552 cursores]
313 1506 440 1541 addito
468 1507 546 1541 ‘vel
569 1507 704 1551 postae’
731 1506 949 1551 explicatur.
981 1505 1206 1548 Bricfboten.

108 1565 234 1609 posta]
261 1575 387 1598 cursus
417 1563 604 1608 publicus,
639 1562 742 1606 equis
767 1563 945 1597 vehentes
970 1561 1108 1603 nuntii,
1141 1562 1304 1596 westenda
1328 1562 1456 1596 Boten.
1504 1562 1617 1596 Posta
1640 1563 1790 1607 proprie

160 1621 216 1655 est
238 1620 320 1664 ipsa
343 1619 470 1661 statio,
504 1629 684 1663 equorum
708 1619 883 1661 mutatio,
915 1617 979 1652 sed
1005 1617 1220 1652 extenditur
1245 1617 1358 1651 etiam
1384 1617 1430 1652 ad
1459 1618 1558 1662 ipsos
1584 1619 1688 1662 equis
1713 1619 1789 1654 sive

158 1676 304 1710 veredis
334 1675 538 1709 insidentes
566 1675 732 1717 nuntios,
766 1675 808 1708 ut
837 1673 1023 1718 hodieque
1055 1673 1211 1708 dicimus
1241 1674 1320 1708 hier
1349 1675 1396 1708 *ist
1428 1674 1507 1709 cine
1536 1675 1626 1709 Post
1663 1676 1702 1709 et
1731 1676 1791 1710 (lie

157 1732 247 1766 Post
279 1732 359 1776 yelzt
390 1732 451 1774 ab,
482 1732 612 1765 lcommt
641 1742 692 1765 (cn
717 1731 756 1764 et
779 1730 924 1764 similia.
973 1729 1064 1764 Diez
1089 1729 1180 1763 WB.
1208 1729 1337 1764 ‘Posta
1366 1731 1405 1764 it.
1429 1741 1481 1773 sp.
1499 1741 1582 1776 pq„
1614 1731 1656 1765 fr.
1674 1735 1789 1775 poste,

156 1787 260 1829 Post,
287 1798 357 1822 ‘con
380 1787 533 1832 positus,
558 1798 678 1832 weyen
702 1787 766 1820 cler
790 1786 1043 1831 aufyestellten
1061 1786 1224 1829 pferde’.
1272 1785 1374 1820 Alias
1399 1786 1690 1831 significationes
1713 1788 1787 1822 vid.

158 1855 215 1888 ap.
233 1843 423 1889 Ducange.
448 1843 491 1876 In
516 1842 774 1877 Vocabulariis
800 1844 838 1877 et
862 1853 919 1886 ap.
937 1841 1108 1876 Diefenb.
1128 1841 1287 1876 Glossar.
1305 1842 1420 1877 deest.

66 1904 87 1935 4
113 1901 153 1935 in
177 1900 278 1935 bellis
303 1928 309 1934 .
329 1929 335 1934 .
355 1927 362 1934 .
388 1899 574 1944 Frcmcioe]
600 1899 654 1932 Ex
678 1898 914 1933 inferioribus
940 1900 1137 1942 (v.23.sqq.
1157 1899 1194 1932 et
1213 1899 1392 1943 1982=s<1<1·)
1418 1900 1576 1943 apparet
1598 1900 1692 1934 hanc
1712 1900 1787 1945 epi-

159 1956 293 1991 stolam
317 1956 356 1990 in
386 1956 545 2000 primam
571 1966 602 1990 a.
623 1959 718 1989 1516.
736 1956 883 2000 partem
914 1954 1178 1989 conlocandam
1203 1953 1439 1999 Frauciaeque
1471 1966 1599 2000 regem
1623 1955 1788 1991 Francis-

155 2024 239 2047 cum
263 2012 289 2046 I.
308 2023 397 2047 esse.

66 2072 85 2103 6
109 2069 298 2113 stantiam]
325 2068 598 2110 condicionem,
625 2068 808 2109 officium,
834 2067 1099 2110 ministerium,
1125 2068 1345 2112 Anstelluny
1369 2067 1462 2110 sive,
1494 2068 1536 2102 ut
1559 2068 1672 2114 vulgo
1698 2069 1787 2104 dici—

154 2125 232 2166 tur,
266 2124 388 2159 Platz.
428 2124 472 2159 cf.
491 2124 538 2158 ad
568 2135 676 2169 praec.
696 2137 724 2158 v.
738 2134 780 2159 31.
799 2124 924 2158 adnot.
960 2123 1062 2157 Infra
1085 2124 1141 2167 (p.
1160 2127 1234 2157 201.
1252 2136 1282 2157 V.
1292 2124 1349 2167 87.)
1375 2123 1530 2158 denotat
1552 2125 1786 2169 potissimum

156 2180 395 2223 domicilium,
420 2180 545 2215 locum
568 2181 634 2215 ubi
659 2180 740 2224 quis
763 2180 920 2214 habitat.
967 2179 1202 2214 Vocabulum
1226 2179 1264 2213 in
1291 2178 1483 2214 Glossariis
1507 2192 1581 2216 non
1605 2181 1690 2227 legi.
1733 2181 1785 2217 Cf.

157 2236 360 2280 ‘quomodo
379 2238 452 2271 sto’
481 2238 591 2271 19831.

64 2296 84 2327 8
109 2293 308 2337 97·oecc7.s·mo]
334 2293 356 2326 i.
377 2304 406 2327 e.
426 2292 570 2335 Graeco,
605 2292 740 2327 Graeeis
765 2292 917 2335 litteris,
953 2291 1081 2326 Graeca
1105 2292 1365 2336 grammatica,
1397 2292 1509 2337 idque
1540 2293 1787 2337 probabiliter

150 2348 247 2385 ‚duce
273 2348 471 2383 Graecismo
496 2348 677 2383 Everardi
700 2348 971 2383 Bethuniensis.
1011 2347 1054 2382 cf.
1074 2347 1152 2382 Ind.
1170 2348 1287 2393 biogr.
1305 2360 1341 2393 p.
1359 2352 1434 2383 360.
1453 2349 1520 2383 art.
1538 2349 1784 2386 Eberhardus.

104 2415 174 2448 pro
195 2406 323 2450 parte]
356 2405 415 2439 Ita
443 2406 524 2439 tum
562 2405 733 2439 solebant
763 2404 976 2449 disciplinas
1009 2415 1136 2439 omnes
1168 2404 1274 2448 quasi
1309 2405 1419 2439 certis
1455 2404 1590 2439 finibus
1624 2406 1785 2441 inclusos

152 2460 286 2495 fundos
311 2461 496 2503 dividere,
530 2462 568 2495 et
590 2461 660 2496 hoc
687 2464 770 2505 ‘pro
796 2461 902 2505 parte
933 2461 1074 2495 bonum
1100 2460 1269 2496 Graecum
1302 2462 1396 2495 esse'
1424 2472 1503 2498 non
1530 2461 1630 2496 idem
1662 2463 1718 2497 est
1742 2475 1783 2497 ac

154 2516 184 2551 si
209 2517 350 2551 diceres
373 2517 484 2552 hodie
516 2528 553 2551 er
576 2518 623 2551 ‘ist
648 2517 741 2551 auch
765 2517 815 2550 im
843 2517 1096 2552 Griechischen
1125 2517 1226 2551 wicht
1256 2517 1532 2559 unbewcmdert,
1563 2518 1627 2552 sed
1659 2519 1783 2563 potius

152 2573 271 2607 simile
302 2578 428 2608 nostro
459 2584 497 2607 er
519 2574 610 2608 hat's
637 2574 684 2607 im
713 2573 965 2607 Griechischen
994 2574 1047 2608 bis
1070 2583 1137 2608 zm·
1163 2573 1288 2607 Tertia
1317 2574 1383 2606 aut
1405 2572 1575 2607 Secunda
1606 2575 1782 2618 ΗΘΜ-00711

63 2634 82 2664 9
109 2629 204 2664 diceb.
230 2657 237 2663 .
255 2656 262 2663 .
288 2630 411 2674 deum]
443 2629 626 2664 Narratur
657 2629 846 2673 quandam
876 2630 1018 2674 regiam
1050 2629 1286 2663 maiestatem
1315 2640 1413 2663 nunc
1445 2630 1719 2673 supremissime
1744 2630 1782 2664 in

153 2685 223 2719 deo
249 2685 502 2729 quiescentem
528 2686 573 2720 de
598 2685 671 2719 fide
696 2695 762 2718 sua
779 2685 1036 2719 dubitantibus
1060 2685 1293 2729 respondisse
1321 2684 1516 2719 ‘Diabolus
1541 2685 1687 2720 auferat
1709 2697 1780 2729 me,

152 2752 233 2775 sum
256 2741 376 2776 bonus
401 2741 652 2775 christianus’.

65 2801 105 2832 10
132 2797 340 2842 Gregsorc'us]
366 2797 500 2831 Nescio
526 2796 618 2841 quis,
645 2797 709 2831 sed
734 2797 808 2831 scio
833 2797 929 2831 hanc
955 2797 1102 2831 dicterii
1127 2797 1284 2831 formam
1308 2795 1554 2830 recentiorem
1580 2808 1669 2839 esse,
1697 2809 1781 2832 cum

151 2853 429 2898 ingratitudinis
454 2853 568 2887 verbo
599 2853 687 2887 boni
711 2852 833 2887 Latini
863 2853 1060 2897 scriptores
1090 2863 1164 2887 non
1195 2852 1251 2886 usi
1283 2852 1374 2894 sint,
1406 2863 1528 2896 neque
1558 2853 1596 2886 in
1627 2853 1782 2899 vulgata

151 2909 353 2943 bibliorum
385 2909 553 2943 versione
584 2909 756 2953 legatur.
776 2909 831 2942 est
862 2908 967 2952 quasi
996 2909 1034 2942 in
1064 2908 1253 2953 proverbii
1283 2908 1440 2942 formam
1476 2909 1670 2944 translatio
1701 2909 1779 2945 eius

151 2965 251 3009 quod
276 2965 348 3000 Cic.
366 2965 413 2999 ad
437 2964 514 3000 Att.
531 2969 654 3000 v111.4.
673 2964 780 2998 dicit:
808 2963 942 3007 „Nihil
972 2965 1130 3010 cognovi
1154 2964 1354 3010 ingratius,
1386 2965 1423 2998 in
1456 2976 1528 3010 quo
1561 2965 1653 3001 vitio
1685 2966 1779 3001 nihil

152 3021 240 3056 mali
263 3032 338 3056 non
361 3022 498 3056 inest“.
