2119 3522
608 218 772 241 BAPTISTA
795 219 1001 243 MANTVANVS
1026 234 1033 242 .
1049 234 1056 242 .
1071 233 1079 242 .
1104 220 1246 243 BEANVS.
1688 201 1784 247 305

70 334 261 384 scriptam
281 332 545 384 Argentorati
565 335 763 372 ineditam
784 336 938 373 servari
959 349 1010 373 ex
1028 332 1272 373 1101111011103
1294 335 1432 374 didici.
1483 334 1786 373 Sletstadiensis

69 389 215 427 scholae
248 390 489 441 discipulum
519 391 644 428 fuisse
665 391 901 439 Batodium,
933 391 1063 428 ut-hic
1083 404 1243 442 quoque
1264 391 1371 429 inter
1390 391 1786 442 Wimphelingianos

70 444 336 493 recenseturss‘,
369 447 541 484 relatum
570 446 734 496 quidem
764 461 826 484 me
856 448 993 497 legere
1024 461 1107 484 non
1134 448 1319 493 memini,
1352 453 1449 498 puto
1470 453 1617 485 tamen.
1667 448 1786 485 Vica-

69 502 148 538 rius
180 502 222 539 in
254 503 478 540 cathedrali
509 503 697 548 ecclesia,
734 502 883 540 deinde
912 503 1147 553 capellanus
1176 503 1343 553 hospitii
1373 502 1785 541 Oberehnheimensis

69 558 217 605 sactus,
250 572 285 595 a.
306 559 427 596 1522.
446 564 581 609 partes
603 558 910 597 reformatorum
930 559 1136 609 professus
1158 559 1409 609 mulierequc
1436 560 1556 597 ducta
1577 574 1600 597 a
1620 573 1787 597 munere

68 619 224 651 amotus
256 620 333 661 est,
372 627 496 664 quare
529 627 617 651 011111
648 614 740 652 aliis
770 614 1053 665 Appellationi
1082 615 1336 653 sacerdotum
1366 616 1600 652 maritorum
1628 615 1786 665 Argen—

67 671 333 707 toratensium
353 670 588 720 subscripsit
598 668 623 708 5.
654 676 739 707 tum
760 677 894 708 autem
915 685 950 710 a.
971 671 1113 717 1524„
1140 685 1229 708 011111
1249 670 1619 721 Argentoratenses
1641 671 1788 708 scholis

68 727 363 764 constituendis
400 740 547 764 novam
586 726 840 776 diligentiam
876 726 1170 776 inpenderent,
1211 727 1319 764 inter
1358 740 1425 765 eos
1457 728 1534 765 fuit
1564 728 1633 777 qui
1662 728 1785 777 magi-

68 787 215 819 stratus
263 783 501 820 auctoritate
546 795 693 832 pueros
739 782 986 819 erudiendos
1024 783 1065 819 in
1103 782 1378 820 habitationes
1418 796 1509 820 suas
1547 784 1786 833 reciperent,

68 837 176 875 idem
212 836 485 875 R'ohrichius3
522 838 664 884 refert,
705 838 822 889 apud*
856 850 975 888 quem
1007 837 1248 876 Schwebelii
1287 851 1448 889 quoque
1488 839 1538 875 de
1576 839 1664 889 ipso
1703 839 1788 876 haec

67 893 192 931 verba
229 895 404 945 repetita
441 900 559 932 sunt:
609 896 714 941 „cler
743 896 793 931 clu
824 897 877 931 m't
908 897 1024 931 allelu
1058 895 1133 942 fiir
1168 898 1228 931 ein
1259 895 1449 932 bewertcn
1478 897 1584 931 lez-er
1612 896 1789 943 yelecclten

69 953 192 997 mirsi,
235 953 401 988 sonclern
443 952 544 987 anch
581 954 645 987 mit
679 951 904 999 yemaclzten
940 952 1110 987 bizchern
1142 952 1230 988 least
1259 953 1309 987 du
1340 952 1525 999 anyelzebt
1556 953 1626 987 der
1653 953 1792 999 iuyeml

68 1008 236 1044 niltzlz'clz
266 1020 314 1044 zu
345 1007 472 1054 sein“,
514 1019 613 1057 quos
647 1006 808 1045 libellos
838 1012 884 1044 ut
912 1006 1140 1044 scholarum
1168 1007 1297 1044 triviis
1338 1007 1561 1044 destinatos
1599 1020 1709 1044 1111110
1747 1007 1789 1043 111

68 1061 314 1101 oblivionem
344 1063 476 1101 abisse
507 1077 590 1100 non
620 1063 764 1100 mirum
795 1069 867 1101 est.
926 1062 1077 1101 Postea
1106 1061 1373 1100 Βί11111011111ε6
1403 1063 1556 1101 Lucam
1584 1062 1788 1100 Hackfur-

66 1124 150 1156 tum
171 1133 206 1158 a.
227 1120 348 1156 1529.
366 1120 493 1170 primo
525 1119 698 1170 publicae
730 1120 998 1171 eleemosynae
1031 1120 1358 1157 ratiocinatorem
1384 1119 1470 1157 sive
1494 1119 1709 1157 diaconum
1731 1119 1788 1156 fa-

67 1180 174 1212 ctum
205 1188 292 1213 esse
322 1176 515 1214 narravit.
574 1175 640 1214 De
670 1181 797 1214 morte
828 1175 931 1213 nihil
961 1176 1060 1213 mihi
1091 1181 1260 1214 constat.

156 1249 191 1295 3)
208 1252 324 1284 Gesclz.
342 1253 377 1286 d.
395 1252 543 1292 Reform.
562 1253 584 1284 ἰ.
604 1252 736 1287 Ezsass.
756 1252 916 1288 Strassb.
936 1254 1033 1287 1830,
1050 1251 1098 1285 8⁰.
1115 1252 1144 1286 I.
1162 1263 1196 1295 p.
1210 1253 1288 1285 255.
1385 1251 1421 1295 4)
1440 1252 1487 1283 cf.
1505 1252 1602 1284 infra
1620 1255 1689 1284 art.
1708 1252 1790 1283 Kir-

155 1307 275 1340 herus.
368 1305 403 1351 5)
420 1307 570 1340 Ro'lzrz'clz
585 1309 756 1343 Mitthez‘ll.
774 1308 803 1342 Ι.
820 1319 854 1350 p.
870 1310 945 1341 159.
964 1311 1038 1341 not.
1055 1310 1084 1343 1.
1179 1306 1214 1350 6)
1232 1311 1306 1342 not.
1321 1309 1352 1340 3.
1371 1308 1435 1341 cit.
1453 1319 1486 1349 p.
1501 1309 1579 1340 266.

66 1394 247 1426 BEANVS
271 1386 338 1438 (cf.
357 1388 452 1427 Ind.
468 1388 628 1427 verbor.
644 1389 685 1427 h.
702 1387 808 1438 voc.)
829 1395 901 1436 est,
922 1394 968 1427 ut
986 1385 1206 1438 Ducange¹
1228 1388 1401 1438 scripsit,
1426 1388 1612 1425 novellus
1634 1388 1789 1425 studio-

65 1457 132 1482 sus
161 1446 231 1496 qui
261 1445 312 1483 ad
344 1445 593 1483 academiam
623 1459 755 1496 nuper
784 1446 964 1484 accessit.
1025 1445 1186 1483 statuta
1220 1445 1438 1482 academiae
1467 1445 1715 1482 Viennensis
1748 1445 1789 1481 in

65 1500 233 1538 Austria
255 1498 311 1552 [et
333 1502 475 1540 iisdem
497 1502 583 1540 fere
602 1502 737 1539 verbis
761 1500 1044 1540 Coloniensia²
1072 1498 1328 1552 praecipiunt]
1363 1500 1485 1538 ‘Item
1514 1500 1624 1551 quod
1654 1500 1789 1537 nullus

66 1564 281 1607 praesumat
311 1571 459 1605 novos,
492 1571 592 1609 quos
621 1558 775 1596 beanos
805 1563 971 1603 vocant,
1006 1557 1200 1595 indebitis
1231 1556 1539 1607 quibuscunque
1571 1557 1788 1594 exactioni-

65 1613 140 1650 bus
171 1627 341 1664 gravare
372 1620 442 1652 aut
471 1615 560 1652 aliis
590 1615 747 1652 iniuriis
786 1620 857 1653 aut
895 1614 1150 1652 contumeliis
1190 1613 1440 1651 molestare'.
1506 1613 1587 1650 Ubi
1618 1612 1788 1650 Lambe—

66 1670 173 1708 eius:
205 1670 371 1718 „Beani
403 1671 584 1709 definitio
614 1671 749 1709 latitat
777 1671 820 1709 in
851 1671 941 1722 ipsa
971 1671 1148 1708 nominis
1179 1671 1241 1708 sui
1272 1669 1565 1708 acrostichide:

447 1747 584 1780 Beanus
607 1749 671 1780 Est
694 1749 827 1780 Animal
850 1748 1014 1780 Neseiens
1037 1747 1150 1779 Vitam
1176 1747 1408 1779 Studiosorum

66 1815 158 1854 Vox
188 1815 348 1855 Gallica
378 1818 562 1865 bejaune,
596 1817 711 1868 quasi
743 1819 810 1854 bec
822 1814 998 1865 -J'ccune3,
1031 1822 1077 1854 ut
1106 1816 1274 1854 aviculae
1305 1829 1394 1867 quae
1424 1815 1608 1853 nondum
1638 1828 1660 1853 e
1691 1815 1789 1853 nido

66 1872 281 1911 evolarunt
299 1904 307 1911 .
328 1904 336 1911 .
356 1904 364 1911 .
397 1873 490 1923 Qua
520 1874 677 1911 ratione
698 1887 794 1912 vero
817 1874 1050 1925 scholastici
1072 1874 1122 1911 de
1143 1886 1249 1910 novo
1277 1873 1492 1911 venientes
1522 1871 1787 1922 recipiebant,

65 1929 249 1979 pluribus
274 1929 421 1968 docent
442 1929 603 1968 Statuta
629 1930 789 1981 collegii
811 1944 842 1967 s.
859 1930 1062 1968 Bernardi
1082 1929 1212 1967 Paris.
1231 1943 1267 1967 a.
1290 1929 1410 1966 1493.
1429 1942 1479 1966 ex
1500 1928 1645 1978 quibus
1669 1929 1789 1965 etiam

67 1985 222 2024 discere
243 1992 314 2032 est,
337 1987 444 2024 inter
464 1986 724 2024 scholasticos
744 2001 871 2024 unum
892 1987 988 2037 eligi
1008 1986 1171 2024 solitum
1191 1998 1310 2036 quem
1325 1984 1529 2023 Abbatem
1544 1984 1790 2022 Beianorum

65 2041 309 2081 vocabant.“
366 2042 677 2093 Depositionem
705 2043 791 2080 sive
818 2043 1009 2081 beaniam
1030 2042 1297 2093 appellabant
1318 2041 1613 2078 absolutionem
1643 2055 1667 2078 a
1694 2040 1788 2078 hea-

65 2098 152 2144 nio,
178 2099 202 2138 i.
222 2112 256 2136 e.
274 2098 397 2136 beani
417 2104 525 2136 statu
547 2100 631 2136 sive
653 2099 912 2146 condicione,
939 2112 1006 2136 eas
1025 2099 1263 2136 vexationes
1285 2098 1618 2147 exactionesque,
1643 2096 1788 2147 quibus

65 2155 268 2204 perpessis
288 2154 444 2192 beanus
466 2155 508 2192 in
529 2155 800 2193 studiosorum
822 2155 1068 2193 consortium
1088 2154 1378 2205 recipiebatur,
1402 2155 1444 2191 in
1467 2153 1603 2191 album
1623 2153 1788 2190 studen-

64 2210 164 2248 tium
184 2210 493 2258 inscribebatur,
517 2212 748 2262 suppositus
769 2212 855 2249 sive
878 2212 1015 2248 ‘unum
1036 2211 1301 2261 suppositum’
1322 2206 1476 2248 fiebat4.
1512 2209 1714 2260 Imprimis
1737 2209 1790 2246 ad

64 2266 138 2304 hos
168 2280 314 2317 pravos
351 2281 482 2305 mores
522 2267 773 2305 academicos
805 2267 1109 2318 cognoscendos
1143 2267 1354 2304 ‘Manuale
1387 2266 1630 2303 scholarium
1657 2265 1788 2315 Lipsi-

66 2325 182 2361 ense’
206 2330 380 2362 exeunte
400 2337 489 2362 saec.
505 2336 574 2362 xv.
595 2323 884 2375 publicatum-5,
906 2324 1006 2362 utile
1029 2329 1101 2362 est.
1160 2323 1212 2360 In
1232 2323 1434 2360 Dornavii
1453 2319 1790 2372 Amphitheatro⁶

156 2421 189 2465 1)
207 2424 265 2455 Du
283 2423 408 2466 Gange
428 2422 484 2456 ed.
498 2423 681 2465 Adelung.
697 2433 730 2458 v.
744 2423 900 2457 Beanus.
918 2428 967 2457 11⁰.
984 2425 1016 2458 1.
1041 2423 1089 2458 cf.
1107 2422 1159 2455 ibi
1175 2433 1233 2455 vv.
1251 2421 1433 2463 Bejanus,
1459 2420 1632 2462 Bejania3
1657 2419 1790 2461 Bejau·

155 2479 272 2519 nium,
289 2478 505 2520 Bejaunum.
599 2476 634 2522 2)
653 2479 802 2512 Statuta
819 2480 972 2521 antiqua
989 2480 1033 2512 (10
1053 2490 1085 2513 a.
1104 2480 1200 2511 1392.
1219 2478 1378 2520 repetita
1396 2488 1454 2520 ap.
1468 2477 1601 2509 Bimzco
1622 2477 1740 2509 Gesele.
1754 2477 1788 2507 d.

155 2545 187 2569 α,
207 2535 302 2568 Univ.
318 2535 422 2571 Ko'ln‚
440 2546 474 2577 p.
489 2536 541 2568 10.
559 2535 794 2578 Appendicis,
812 2536 830 2575 §
850 2537 902 2571 12.
1017 2534 1051 2578 3)
1069 2536 1115 2568 cf.
1132 2534 1362 2576 Pseudoepp.
1383 2533 1425 2565 Ο.
1443 2534 1485 2565 V.
1503 2543 1537 2575 p.
1551 2531 1656 2566 52116.
1682 2532 1787 2566 Hutt.

154 2590 247 2634 Opp.
264 2591 326 2624 VI.
344 2592 510 2634 inscript.
535 2591 695 2624 ‘Citrino
714 2590 968 2624 Sehnabelio’.
1067 2590 1103 2632 4)
1123 2591 1170 2625 cf.
1189 2591 1267 2623 Ind.
1287 2591 1429 2622 verbor.
1448 2589 1482 2623 h.
1501 2600 1533 2621 v.
1633 2586 1667 2631 5)
1687 2599 1788 2630 repe-

154 2647 216 2678 tiit
230 2647 270 2680 F.
289 2647 443 2679 Zarncke
460 2648 524 2679 Die
542 2648 722 2680 deutschen
742 2648 852 2681 Univv.
869 2649 891 2682 ἰ.
914 2647 1001 2682 MA.
1027 2647 1146 2689 Leipz.
1168 2647 1265 2678 1857.
1286 2645 1333 2679 8⁰.
1358 2657 1393 2688 p.
1410 2645 1528 2678 1...48.
1576 2644 1658 2676 Huc
1674 2645 1785 2686 perti-

155 2706 217 2736 net
239 2704 423 2745 praecipue
448 2714 527 2746 cap.
543 2705 575 2738 2.
602 2701 681 2747 (ap.
700 2705 738 2738 Z.
757 2715 792 2747 p.
806 2705 828 2736 4
900 2703 973 2745 10.)
1089 2700 1124 2745 6)
1145 2703 1288 2737 Hanov.
1311 2703 1409 2737 1619,
1430 2701 1494 2735 fol.
1519 2712 1553 2743 p.
1568 2701 1634 2733 815
1708 2702 1786 2733 820.

155 2760 271 2803 Pagg.
286 2761 363 2792 815.
376 2769 472 2801 sqq.:
504 2760 560 2792 De
585 2760 744 2802 origine,
769 2760 908 2801 causis,
938 2762 1024 2801 typo
1049 2763 1086 2791 et
1111 2759 1328 2790 ceremoniis
1353 2758 1453 2790 illius
1476 2757 1567 2790 ritus
1592 2758 1653 2799 qui
1677 2756 1786 2798 vulgo

155 2816 193 2847 in
214 2815 356 2848 Scholis
373 2815 564 2858 Depositio
590 2816 814 2859 appellatur,
841 2816 969 2849 Oratio
985 2815 1033 2847 M.
1051 2815 1226 2847 Iohannis
1248 2813 1450 2849 Dinckelii.
1497 2814 1611 2856 Pagg.
1625 2813 1702 2845 818.
1717 2822 1786 2855 sq.:

154 2872 332 2904 Iudicium
346 2897 354 2905 .
368 2897 376 2905 .
390 2897 397 2905 .
416 2873 460 2908 D.
475 2872 626 2904 Martini
639 2872 791 2904 Lutheri
810 2871 1109 2914 depDepositione
1125 2871 1164 2902 in
1182 2869 1381 2902 academiis
1398 2871 1550 2902 usitata.
1576 2869 1693 2911 Pagg.
1708 2869 1786 2901 820.

155 2938 250 2970 sqq.:
274 2928 454 2962 Friderici
466 2928 694 2961 WVidebrami
709 2928 898 2969 Depositio
923 2927 1166 2965 scholastica,
1190 2931 1223 2958 et
1238 2926 1393 2958 Iambici
1409 2926 1446 2957 in
1462 2926 1571 2957 ritum
1589 2924 1788 2967 depositio-

156 2985 224 3016 nis.
273 2985 419 3018 Videsis
444 2985 554 3017 etiam
575 2995 689 3027 nuper
712 2983 849 3016 editum
870 2983 977 3025 parvi
998 2982 1169 3025 ponderis
1195 2992 1238 3014 ac
1262 2982 1436 3014 momenti
1464 2981 1596 3013 librum
1622 2980 1658 3013 Ο.
1678 2980 1785 3012 Dolcle

158 3041 275 3073 Geselz.
294 3043 326 3076 d.
344 3042 535 3074 Deutsclzen
553 3040 855 3074 Student-enthums.
873 3041 958 3081 Lpz.
974 3040 1071 3073 1858.
1090 3039 1137 3073 8⁰.
1154 3039 1183 3072 1.
1202 3049 1236 3080 p.
1251 3038 1452 3070 156...166.

116 3107 206 3128 nvwr.
224 3108 290 3129 orP.
309 3108 410 3128 stPn.
429 3108 461 3128 11.
1473 3095 1516 3126 20
