2119 3522
216 204 286 224 EPP.
301 200 344 225 57.
358 200 399 225 58.
431 202 602 226 GALIENVS
618 201 895 225 PADEBORNENSIS
911 203 1068 227 ORTVINO.
1086 211 1131 216 —-
1147 203 1224 226 IRVS
1240 203 1407 225 PERLIRVS
1423 203 1582 226 ORTVINO.
1687 185 1780 229 747

70 261 155 303 Pag.
173 260 264 296 276.
1145 257 1230 302 Pag.
1245 262 1320 293 275.
1340 271 1369 292 v.
1382 268 1414 292 32
1432 284 1440 292 .
1455 284 1462 292 .
1477 284 1485 292 .
1503 261 1588 302 Pag.
1602 262 1678 292 276.
1696 271 1726 292 v.
1741 268 1782 292 12.

162 315 258 357 ‘Ego
283 326 366 348 vero
391 316 455 358 pili
479 326 550 350 non
577 315 670 347 facio
696 326 817 348 omnes
843 326 1010 348 censuras
1034 315 1173 358 Papae’.
1219 315 1248 348 O
1275 316 1434 358 linguam
1458 316 1667 358 sacrilegam
1691 315 1783 348 ferro

160 371 326 403 candenti
351 371 618 414 praecidendam.
669 371 707 403 Si
731 371 799 403 hoc
824 372 966 413 impune
989 372 1104 404 aufert
1128 372 1397 414 Pepericornus,
1424 371 1506 413 plus
1531 375 1624 404 certe
1647 371 1784 404 sceleri-

161 428 225 459 bus
250 427 326 459 suis
355 427 434 467 ille,
466 437 571 469 quam
601 427 687 459 boni
711 427 909 460 virtutibus
941 428 1015 460 suis
1039 428 1176 460 debent.
1223 428 1380 460 Pessimo
1413 437 1497 459 sane
1526 427 1684 469 exemplo
1714 427 1785 460 ista

160 483 337 525 impunita
361 482 622 525 relinquuntur.
671 482 738 515 Sed
764 483 805 515 de
829 483 896 515 hoc
920 483 1071 516 Cerbero
1097 483 1197 515 satis.
1234 482 1326 515 Audi
1350 483 1458 515 aliud.
1505 482 1673 515 Videntes
1698 483 1784 514 cita-

161 542 235 570 tum
272 538 429 570 Priorem
464 549 565 570 suum
601 539 768 571 Iacobum
804 539 1045 572 Hoehstraten
1082 539 1323 571 Reverendum
1360 542 1499 580 patrem
1529 538 1785 570 Theodoricum

163 593 329 626 Castrum
353 604 394 625 ex
420 594 642 635 professione
672 594 823 627 fratrum
847 595 1107 627 Heremitarum
1138 595 1212 626 divi
1235 594 1430 636 Augustini
1455 594 1691 635 Cyrenensem
1715 594 1786 635 epi-

160 659 304 691 scopum
336 652 371 681 et
395 649 693 682 Reverendissimi
723 650 902 682 antistitis
926 649 1151 682 Coloniensis
1183 650 1453 691 Suffraganeum
1482 649 1623 691 aliquot
1652 649 1785 681 Praedi—

160 709 299 737 catores
324 706 496 737 continuo
522 706 708 746 adierunt,
740 709 924 747 rogantes,
956 709 997 738 ut
1021 706 1072 738 eis
1097 705 1185 738 utile
1208 705 1352 748 aliquod
1384 706 1421 738 in
1445 706 1512 737 hac
1535 715 1571 737 re
1596 704 1784 737 consilium

161 762 343 803 praeberet,
370 762 499 803 quibus
524 762 584 794 ille
609 760 764 794 ‘Nolite’
790 761 909 803 inquit
935 761 973 793 ‘a
997 772 1051 793 me
1075 772 1169 794 nunc
1194 765 1313 804 petere
1338 761 1543 802 consilium,
1567 771 1588 793 a
1613 772 1682 803 quo
1708 761 1785 793 nul·

159 817 231 848 lum
256 816 424 858 petiistis,
450 817 592 859 quando
618 817 729 849 ordiri
754 817 903 858 primum
921 817 1013 849 hanc
1039 817 1143 849 telam
1160 817 1321 859 coepistis
1339 828 1347 849 :
1365 817 1414 849 ite
1440 826 1526 858 ergo
1552 820 1588 849 et
1613 818 1787 859 pertexite

160 872 313 914 reliqua,
351 873 410 904 sed
441 873 518 905 sine
550 882 613 905 me.
660 872 784 914 Nuper
813 873 907 915 apud
937 872 1087 905 Bernam
1118 872 1367 905 Helvetiorum
1402 873 1523 904 urbem
1559 872 1786 905 foedissimam

159 928 322 960 haeresim
354 929 542 961 excitastis
561 939 568 960 :
587 929 739 961 fortasse
769 929 919 961 libenter
950 928 1065 961 simile
1097 928 1232 970 aliquid
1262 928 1321 960 hic
1353 938 1493 970 quoque
1518 927 1567 968 (si
1593 928 1666 960 fors
1690 928 1785 968 fuat)

161 983 385 1017 strueretis’.
410 984 581 1016 Narravit
605 985 700 1017 istud
724 985 811 1017 mihi
828 985 963 1026 Fugius
989 995 1084 1016 nunc
1101 984 1273 1025 Subprior
1290 984 1581 1025 Augustinensis‚
1609 984 1669 1026 qui
1693 985 1787 1016 tanti

160 1045 194 1073 te
219 1040 321 1080 facit,
354 1043 394 1072 ut
418 1041 527 1072 emori
560 1041 666 1073 etiam
691 1051 754 1083 pro
781 1044 814 1073 te
845 1041 969 1083 possit.
1018 1040 1109 1072 Sunt
1135 1043 1171 1072 et
1202 1040 1265 1071 alii
1296 1043 1389 1072 certe
1419 1040 1536 1071 adhuc
1567 1040 1786 1072 ornatissimi

161 1096 302 1139 quidam
327 1096 422 1128 cives
447 1096 517 1138 hic,
544 1107 610 1129 nec
634 1097 688 1129 illi
706 1097 810 1139 pauci
834 1107 992 1138 numero,
1019 1097 1080 1139 qui
1106 1107 1224 1128 causae
1242 1099 1313 1128 tuae
1339 1096 1630 1128 constantissime
1653 1095 1785 1127 favent.

160 1154 320 1193 Quorum
345 1153 501 1185 omnium
533 1153 680 1194 signifer
704 1156 739 1185 et
763 1153 835 1185 dux
865 1156 918 1185 est
942 1153 1157 1185 Franciscus
1184 1156 1420 1193 cognomento
1447 1150 1574 1192 Struss,
1599 1152 1655 1183 vir
1680 1152 1788 1193 patri-

159 1210 236 1241 cius
260 1212 295 1241 et
327 1208 535 1251 opulentus,
567 1219 692 1251 expers
719 1209 856 1251 quidem
886 1209 1085 1249 literarum,
1121 1208 1180 1241 sed
1212 1211 1328 1240 tamen
1359 1208 1551 1240 acerrimus
1584 1208 1788 1240 confutator

160 1267 302 1297 tuorum
326 1264 625 1305 adversariorum,
650 1265 736 1297 adeo
763 1268 802 1296 ut
827 1266 935 1297 etiam
960 1264 1244 1306 congredientem
1270 1274 1349 1296 eum
1380 1264 1450 1305 ipsi
1475 1263 1719 1306 Theologistae
1745 1265 1788 1295 ti—

159 1324 287 1353 meant.
336 1321 523 1363 Speculum
548 1324 648 1353 tuum
673 1321 716 1353 ad
741 1321 885 1353 verbum
911 1324 1010 1353 tenet
1034 1321 1247 1360 memoriter,
1271 1322 1306 1351 et
1332 1329 1468 1360 semper
1493 1320 1530 1352 iu
1556 1320 1635 1352 sinu
1660 1323 1787 1361 gestat,

160 1381 301 1419 tamque
326 1377 363 1408 in
387 1387 428 1409 eo
453 1380 508 1409 est
532 1378 764 1417 exercitatus,
796 1380 836 1409 ut
866 1376 957 1408 nihil
988 1376 1140 1408 obiicere
1170 1376 1305 1407 inimici
1335 1377 1494 1417 possint,
1524 1375 1569 1407 ad
1594 1376 1687 1418 quod
1717 1387 1788 1408 non

160 1433 423 1475 promptissime
441 1433 565 1465 statim
589 1432 649 1464 ille
674 1433 897 1475 respondeat.
934 1433 1038 1465 Unus
1056 1435 1196 1464 tantum
1220 1434 1275 1465 est
1300 1430 1409 1473 (quod
1427 1431 1548 1473 sciam)
1573 1442 1614 1463 ex
1641 1432 1789 1473 optima·

161 1490 249 1521 tium
272 1489 428 1520 factione
453 1489 519 1520 tibi
544 1500 615 1520 non
633 1488 818 1521 admodum
843 1500 984 1530 aequus,
1010 1489 1067 1520 cui
1085 1493 1124 1520 ut
1142 1491 1304 1520 mussant
1323 1488 1475 1530 quidam,
1502 1488 1678 1529 morigera
1696 1488 1789 1520 solet

160 1556 239 1578 esse
270 1545 333 1577 illa
362 1545 503 1577 bellula.
554 1547 646 1578 Item
678 1544 939 1586 Theologistae,
971 1549 1011 1577 ut
1041 1545 1148 1576 etiam
1180 1545 1352 1586 comperi,
1382 1545 1515 1576 Iacobo
1546 1544 1790 1577 Hochstratcn

160 1601 332 1644 proximis
355 1601 479 1633 diebus
503 1601 597 1633 mille
622 1602 838 1643 quingentos
862 1611 990 1633 aureos
1014 1610 1077 1642 per
1100 1600 1309 1641 Trapezitas
1334 1601 1481 1632 Romam
1505 1600 1692 1641 miserunt,
1718 1611 1789 1631 non

160 1658 203 1690 ad
228 1658 374 1697 victum,
401 1658 460 1700 qui
479 1657 665 1689 Monachis
694 1657 814 1689 tenuis
840 1667 917 1689 esse
941 1657 1057 1696 debet,
1082 1666 1145 1689 nec
1169 1657 1212 1688 ad
1238 1657 1462 1689 necessarias
1488 1657 1667 1698 impensas
1692 1656 1789 1688 litis:

161 1725 241 1746 nam
266 1715 401 1746 minore
426 1713 611 1753 summula,
637 1717 677 1745 ut
701 1724 790 1753 reor,
815 1714 893 1745 haec
917 1713 1237 1745 administraretur.
1279 1712 1348 1744 Sed
1373 1712 1466 1754 quod
1491 1712 1712 1745 vehementer
1737 1723 1791 1744 su-

162 1771 291 1812 spicor,
315 1772 350 1802 et
374 1769 448 1802 illis
472 1770 563 1802 male
590 1773 730 1810 vortat,
757 1770 800 1802 ad
825 1769 1009 1801 faciendas
1033 1769 1262 1810 largitiones,
1286 1779 1349 1810 pro
1376 1768 1584 1801 obtinendis
1607 1779 1695 1801 auro
1721 1769 1790 1800 suf-

161 1827 288 1868 fragiis
314 1837 393 1868 quae
419 1827 495 1858 iure
521 1837 591 1857 non
618 1830 751 1868 sperat.
800 1826 876 1857 Nec
902 1825 1043 1857 interim
1069 1825 1136 1857 hoc
1161 1825 1348 1864 tacuerim,
1373 1825 1466 1866 quod
1492 1825 1570 1857 visa
1595 1825 1791 1857 novissima

160 1884 233 1915 ista
258 1882 433 1914 citatione
461 1881 695 1923 complusculi
720 1881 965 1922 Theologistae
990 1880 1153 1913 adversm.
1179 1880 1350 1913 factionis
1376 1881 1599 1913 consternati
1623 1880 1791 1912 vacillare

162 1939 329 1981 primum,
360 1938 485 1970 deinde
514 1939 621 1970 etiam
654 1937 771 1980 palam
795 1937 944 1969 deficere
976 1940 1176 1978 coeperunt3
1209 1936 1337 1978 reliqui
1367 1946 1451 1968 vero
1485 1937 1545 1978 qui
1578 1940 1661 1969 sunt
1685 1937 1791 1969 huius

161 1996 212 2027 rei
237 1995 367 2037 capita,
392 1995 507 2036 magis
532 1995 667 2036 pudore
693 1998 727 2025 et
751 1994 969 2025 necessitate
997 2003 1101 2035 quam
1118 1992 1305 2024 voluntate
1331 1992 1513 2024 resistunt.
1554 1992 1672 2031 Quare
1698 1992 1790 2023 bono

161 2051 279 2083 animo
304 2061 381 2083 esse
412 2051 549 2093 impero
568 2061 575 2081 :
593 2050 730 2082 videbis
759 2050 876 2090 brevi,
907 2049 992 2081 mihi
1024 2048 1142 2089 crede,
1175 2048 1323 2080 fractam
1355 2051 1389 2079 et
1419 2051 1605 2079 contusam
1636 2048 1790 2080 omnium

162 2111 306 2139 tuorum
342 2107 566 2138 inimicorum
604 2107 814 2148 nequiciam.
869 2106 949 2137 Duo
983 2105 1199 2147 exemplaria
1231 2104 1433 2140 citationis,
1471 2115 1551 2145 quae
1584 2108 1792 2145 supererant

163 2164 278 2203 nobis,
303 2163 563 2196 Monasterium
576 2162 774 2194 Westfaliae
801 2161 1037 2202 metropolim,
1062 2165 1097 2193 et
1113 2161 1378 2192 Traiectensem
1405 2160 1578 2192 celebrem
1602 2160 1639 2190 in
1664 2159 1792 2191 finibus

164 2219 369 2252 Hollandiae
395 2219 518 2251 urbem
543 2229 604 2260 per
628 2219 778 2250 amicum
805 2217 1046 2250 fidelissimum
1071 2217 1169 2257 misi,
1204 2216 1345 2258 publice
1376 2215 1568 2257 affigenda,
1600 2215 1694 2257 quod
1717 2215 1793 2247 illic

162 2275 421 2308 Parisiensium
452 2278 605 2316 coeptam
635 2284 775 2316 quoque
806 2273 1022 2305 cantilenam
1053 2273 1323 2305 disseminatam
1354 2272 1397 2304 ab
1433 2272 1515 2304 istis
1546 2271 1793 2312 Theologistis

163 2331 376 2364 audiveram.
426 2331 515 2363 Vale
541 2334 576 2363 et
600 2341 653 2362 me
678 2341 767 2362 ama.
815 2329 910 2361 Prid.
927 2329 1007 2362 Kal.
1025 2329 1151 2361 Octob.
1171 2327 1220 2370 [a.
1241 2327 1349 2371 1514]
1378 2328 1430 2359 Ex
1456 2329 1592 2360 {edibus
1616 2328 1703 2360 meis
1726 2327 1792 2359 Co—

162 2388 281 2420 Ioniae.

433 2463 667 2499 EPISTOLA
692 2465 757 2502 58.
804 2462 915 2498 IRVS
940 2461 1177 2497 PERLIRVS
1203 2460 1432 2496 ORTVINO.

73 2559 94 2589 8
119 2555 208 2590 Irus
231 2555 412 2599 Perlirus]
438 2554 627 2588 Licentius
652 2553 778 2588 fictum
804 2553 972 2597 magistri
997 2551 1196 2596 Lipsiensis
1221 2562 1367 2585 nomen.
1416 2551 1528 2592 Irum,
1554 2550 1792 2584 Homericum

163 2610 397 2656 paupertatis
439 2610 675 2654 exemplum,
718 2620 826 2643 nemo
867 2609 1033 2653 ignorat;
1074 2607 1236 2642 Perlirus
1277 2607 1429 2640 fortasse
1455 2623 1497 2634 =
1523 2605 1586 2649 qui
1626 2606 1791 2649 perliffit,

164 2667 438 2702 Dmchleierer:
465 2665 691 2707 ‘Perliricus‚
718 2664 926 2699 delectabile
950 2675 967 2698 e
992 2663 1090 2698 dolce
1114 2663 1152 2697 in
1178 2662 1334 2697 Glossar.
1353 2661 1432 2696 Lat.
1456 2661 1536 2696 Ital.
1555 2660 1652 2698 MS]
1678 2661 1794 2696 habet

164 2722 344 2767 Ducange
369 2722 569 2766 Adelungi.

78 2782 118 2813 10
140 2779 279 2822 scripta
302 2779 439 2823 vestra]
466 2777 730 2812 Defensionem
754 2775 1104 2820 Pepericornianam
1130 2786 1213 2809 cuni
1243 2774 1427 2819 prioribus
1453 2773 1726 2808 Coloniensiurn
1751 2773 1792 2806 li-

164 2834 273 2869 bellis
298 2834 363 2877 (cf.
382 2834 460 2871 Ind,
479 2844 563 2867 scrr.
582 2845 616 2867 n.
635 2845 706 2866 xm.
724 2843 754 2866 c.
771 2831 1065 2876 praecedentib.):
1092 2842 1178 2865 nam
1203 2831 1280 2865 haec
1306 2841 1453 2874 quoque
1480 2829 1655 2873 epistola,
1682 2829 1724 2863 ut
1748 2839 1793 2863 ex

164 2890 208 2923 iis
226 2901 308 2933 quae
333 2889 379 2923 de
397 2889 507 2923 Petro
525 2888 729 2923 Mosellano
748 2887 937 2931 Crocoque
955 2887 1167 2921 referuntur
1190 2886 1415 2930 colligimus,
1442 2886 1621 2919 autumno
1647 2896 1677 2919 a.
1698 2887 1793 2919 1516.

166 2945 305 2989 scripta
330 2945 396 2979 est.

81 3006 120 3036 12
148 3001 231 3036 novi
255 3004 287 3036 ct
311 3001 458 3036 iuvenes
483 3001 557 3045 etex]
584 3000 687 3035 Idem
712 2999 812 3044 quod
844 2999 880 3034 hi
906 2998 1046 3033 novelli
1071 2998 1261 3041 dicebant,
1294 2998 1368 3033 iani
1399 2998 1511 3033 antea
1541 2996 1723 3031 Lutherus
1747 2997 1794 3031 ad
