2119 3522
731 233 936 255 HVT'rICHIVS
961 247 968 254 .
983 247 990 254 .
1006 247 1012 254 .
1038 232 1154 255 IANVA.
1702 214 1795 257 399

83 349 160 385 rari
187 346 296 401 solet
316 347 515 384 Huttichii
546 347 724 397 legatum
756 348 805 385 ad
839 348 1038 385 ‹lotandas
1064 361 1262 398 pauperes
1286 348 1462 397 virgines
1485 360 1572 397 quae
1594 361 1674 383 non
1698 347 1798 384 miliu

81 403 188 441 tibus
220 403 421 440 nuberent
451 403 666 442 relictum⁵.

175 479 208 521 5)
237 480 282 513 ef.
300 480 447 511 Ioannis
466 480 558 511 Scrr.
577 490 643 510 rer.
661 479 824 520 Mogunt.
845 480 908 513 ΠΙ,
928 491 960 520 p.
979 482 1055 513 321.
1074 491 1150 522 sqq,

81 560 261 606 IAEGER,
294 561 485 597 Ioannes.
511 562 580 598 vicl.
606 558 762 597 Orotus
786 547 790 550 .

82 657 245 695 IANVA,
279 650 485 686 Iohannes
519 649 582 688 de.
645 648 880 686 Catholicon
904 649 1100 686 Iohannis
1124 649 1242 686 Balbi
1265 649 1313 691 (s.
1338 650 1386 687 de
1409 649 1563 699 Balbis)
1599 650 1647 687 de
1670 650 1799 687 Ianua

83 704 133 754 (i.
159 720 192 743 e.
218 705 374 755 Genua)
403 719 434 742 s.
457 706 691 752 Ianuensis,
735 705 888 742 ordinis
919 705 1245 755 praedicatorum,
1288 720 1395 743 anno
1430 708 1549 745 1286.
1573 706 1799 743 absolutum

81 775 187 812 soepe
228 775 365 812 penna
395 762 585 812 typisque
625 762 840 811 repetitum
872 759 964 798 est'.
1024 761 1256 798 inscribitur
1296 762 1476 800 ‘Summa
1515 776 1602 812 quae
1634 768 1801 799 vocatur

83 818 354 855 Catholicon'.
414 819 500 867 ipse
540 818 780 867 praemonuit
820 817 1069 863 „Tractatus
1109 819 1183 854 iste
1221 824 1425 868 tamquam
1464 833 1486 855 a
1523 818 1800 867 principaliori

82 875 238 911 intento
270 875 303 911 si
335 873 486 923 placet,
528 872 725 910 Prosodia
756 879 1032 924 nuncupatur,
1077 874 1140 911 vel
1180 874 1212 910 si
1243 875 1369 923 magis
1400 874 1552 923 placet,
1592 874 1696 910 liber
1727 874 1799 910 iste

80 935 248 967 vocetur
270 929 509 967 Catholicon
542 942 587 966 eo
619 930 726 979 quod
757 930 808 966 sit
837 930 1057 967 communis
1081 936 1120 967 et
1141 930 1433 968 universalis“.
1496 929 1686 979 Quinque
1708 929 1800 965 libri

80 992 213 1036 partes
245 991 356 1023 sunt:
390 986 439 1023 de
471 985 778 1036 orthographia,
815 986 864 1023 de
895 992 1082 1032 accentu,
1118 986 1167 1023 (10
1191 986 1453 1038 etymologia,
1490 986 1538 1023 de
1560 986 1716 1035 figuris,
1752 986 1801 1022 de

80 1042 284 1092 prosodia.
344 1042 497 1079 Praeter
527 1042 602 1078 hoc
632 1042 790 1079 lexicon
823 1043 1032 1089 Latinum,
1074 1043 1274 1092 prtecipue
1307 1056 1356 1079 ex
1386 1043 1515 1092 Papia
1546 1042 1800 1091 Hugutione-

80 1112 157 1148 que
189 1098 465 1149 compilatum,
503 1098 681 1135 Ioannes
713 1099 871 1149 scripsit
903 1100 1024 1137 etiam
1055 1099 1285 1149 prosodiam
1316 1099 1400 1136 sive
1434 1099 1731 1148 grannnaticam
1764 1103 1803 1135 et

79 1155 298 1204 Diahigum
344 1155 393 1192 de
439 1155 727 1205 quaestionibus
766 1156 908 1192 animas
949 1156 999 1192 ad
1039 1156 1223 1205 spiritum
1262 1161 1381 1205 atque
1423 1154 1536 1205 Opus
1576 1152 1800 1204 paschale?

80 1211 214 1248 Etiam
243 1212 391 1248 veteris
421 1212 669 1261 grammatici
691 1211 815 1248 Probi
848 1210 1126 1249 ‘Catholicon'
1152 1209 1279 1262 (apud
1301 1210 1553 1261 Putschium)
1578 1217 1734 1256 extare,
1769 1211 1800 1246 si

80 1268 169 1317 quis
202 1268 304 1304 forte
336 1268 509 1313 nesciat,
542 1268 745 1305 monuisse
777 1268 944 1305 iuvabit.
980 1290 1027 1294 -ψ
1069 1269 1131 1305 De
1165 1269 1319 1305 Ioanne
1351 1268 1407 1305 sic
1438 1268 1728 1305 Piemontanus
1761 1267 1799 1303 in

80 1324 166 1361 MS.
184 1322 351 1361 Auctar.
369 1324 551 1373 scriptor.
572 1324 877 1361 ecclesiasticor.
896 1324 966 1363 sol.
986 1326 1063 1361 109
1076 1330 1111 1362 ¹¹:

80 1400 259 1431 Iohannes
292 1400 335 1431 de
368 1400 478 1431 ianua
512 1400 647 1431 ordinis
675 1401 827 1431 fratrum
858 1401 1129 1442 predicatorum
1160 1401 1215 1431 vir
1246 1401 1281 1432 in
1314 1401 1447 1432 divinis
1480 1401 1670 1442 seripturis
1703 1411 1801 1432 exer—

80 1457 214 1488 citatus
249 1459 284 1487 et
321 1455 499 1487 secularis
536 1455 744 1488 litterature
782 1459 817 1488 et
853 1458 1092 1497 grammatice
1128 1467 1231 1498 quam
1269 1458 1423 1487 maxime
1463 1456 1624 1487 eruditus
1656 1457 1802 1497 iugenio

81 1511 265 1543 excellens
298 1515 334 1544 et
365 1522 530 1543 sermone
563 1512 805 1544 scholasticus
838 1513 914 1544 vita
948 1516 983 1543 et
1013 1513 1290 1544 conversatione
1318 1513 1525 1554 relligiosus
1574 1513 1729 1554 Scripsit
1758 1512 1802 1542 ad

80 1568 279 1600 utilitatem
313 1568 511 1609 legentium
544 1579 615 1599 non
647 1579 767 1610 pauca
799 1569 973 1611 opuscula
1023 1569 1050 1599 Ε
1084 1569 1213 1610 quibus
1248 1571 1348 1600 extat
1378 1568 1636 1610 vulgatissima
1668 1568 1733 1599 illa
1759 1568 1801 1599 de

82 1627 252 1665 quattuor
277 1624 443 1665 partibus
469 1625 706 1666 grammatice
732 1636 870 1657 summa
896 1635 1001 1668 quarn
1028 1636 1136 1667 greco
1162 1625 1337 1657 vocabulo
1368 1626 1572 1667 prenotavit

82 1680 297 1712 Catholicon
712 1681 738 1712 li
763 1680 818 1721 iiij
1023 1682 1198 1714 Prosodie

80 1736 346 1768 Vocabulorum
371 1747 510 1769 summa
715 1737 741 1768 li
763 1737 777 1778 j
1023 1738 1157 1769 Latina

81 1793 128 1824 Et
153 1793 307 1834 quedam
334 1793 408 1824 alia
457 1794 535 1833 Quo
561 1794 620 1825 hic
640 1797 802 1836 tempore
822 1793 952 1825 claruit
972 1798 1107 1825 certum
1127 1805 1197 1826 11011
1215 1794 1333 1826 habeo
1382 1794 1586 1825 Notandum
1604 1804 1690 1825 vero
1710 1793 1802 1833 quod

81 1848 283 1890 predictum
311 1849 388 1880 eius
414 1860 504 1891 opus
532 1849 634 1891 quasi
661 1860 681 1881 a
707 1850 953 1882 somnabundo
981 1854 1130 1882 auctore
1159 1851 1403 1892 excogitatum
1436 1850 1644 1892 plerumque
1673 1861 1693 1881 a
1719 1861 1803 1881 neo—

81 1905 230 1936 thericis
264 1906 514 1946 grammaticis
543 1907 696 1947 purioris
722 1906 838 1939 latine
864 1907 995 1948 lingwe
1027 1906 1158 1938 deditis
1184 1907 1280 1938 sicut
1305 1917 1326 1937 a
1351 1909 1504 1947 perotto.
1546 1909 1700 1937 nestore.
1744 1916 1802 1936 ea-

80 1960 202 2003 lepino
229 1961 374 1993 bebelio
402 1966 438 1993 et
471 1962 649 1994 similibus
680 1963 959 2004 reprehenditur
1011 1964 1101 1994 Eius
1133 1966 1253 1994 tamen
1284 1963 1462 1994 maximus
1488 1973 1571 1995 vsus
1599 1962 1693 2003 apud
1721 1962 1803 1993 sim-

82 2018 254 2059 pliciores
281 2019 450 2060 precipue
478 2018 667 2060 religiosos
698 2020 834 2050 existit.

80 2087 173 2124 Non
213 2100 274 2124 me
315 2088 500 2124 contineo
533 2089 630 2138 quin
671 2101 720 2125 ex
750 2086 946 2125 Denisio3
984 2101 1071 2138 quae
1114 2088 1162 2125 (10
1196 2088 1404 2125 Catholico
1444 2089 1485 2125 111
1524 2087 1632 2124 bello
1666 2100 1803 2137 regum

80 2143 265 2180 Nominis
298 2149 336 2180 et
367 2144 491 2181 Verbi
522 2144 710 2181 Andreas
741 2144 908 2182 Guarna
946 2144 1247 2190 Salernitanus,
1280 2145 1473 2195 patricius
1505 2144 1801 2189 Cremonensis,

82 2200 222 2237 eodem
263 2200 346 2236 fere.
385 2206 583 2250 tempore,
624 2214 702 2250 quo
734 2201 1025 2238 Piemontanus
1066 2201 1190 2238 exiles
1230 2214 1321 2238 suas
1360 2202 1525 2238 notitias
1558 2200 1801 2250 compilavit,

82 2257 229 2303 facete,
263 2262 307 2293 ut
338 2256 435 2293 mihi
466 2256 645 2303 videtur,
679 2258 792 2303 lusit,
827 2272 914 2295 cum
945 2257 1164 2295 lectoribus
1196 2258 1504 2295 communicem:

83 2335 214 2373 „Inter
240 2343 328 2374 quos
355 2330 537 2376 [lalrones]
566 2334 635 2364 fuit
661 2333 806 2374 quidam
832 2335 975 2366 nomine
1003 2335 1213 2371 Catholiemz,
1242 2335 1301 2375 qui
1327 2334 1498 2376 grandem
1529 2335 1670 2365 asinum
1696 2344 1803 2365 voca-

81 2389 177 2420 bulis
203 2389 342 2420 Graecis
368 2390 584 2430 Latinisque
618 2390 766 2422 confuse
799 2391 987 2432 permixtis
1019 2391 1209 2423 honustum
1242 2391 1278 2421 in
1309 2391 1457 2422 Italiam
1489 2392 1623 2432 agebat
1655 2387 1804 2432 [ceteris

83 2443 240 2488 occisis]
272 2445 368 2476 hunc
400 2446 512 2477 solum
544 2447 705 2478 vinctum
739 2457 816 2478 eum
851 2457 913 2479 suo
948 2448 1050 2478 asino
1087 2448 1124 2478 in
1162 2450 1287 2478 eastra
1317 2446 1463 2478 (luxere.
1514 2447 1575 2487 qui
1613 2446 1804 2477 tormentis

82 2505 231 2532 coaetus
259 2527 292 2533 ..
321 2502 511 2534 confessus
545 2506 599 2535 est
634 2513 672 2534 se
705 2503 824 2534 onmia
857 2503 1040 2535 vocabula
1072 2504 1107 2534 in
1142 2504 1401 2535 Grammatieae
1432 2503 1539 2534 terris
1569 2499 1665 2534 furto
1697 2502 1804 2533 surri-

82 2559 217 2599 puisse.
272 2569 351 2589 eum
382 2569 469 2590 vero
502 2570 580 2590 eum
621 2559 699 2600 quis
733 2560 859 2591 Grsece
897 2560 1178 2600 interrogasset,
1216 2559 1447 2600 ingenueque
1485 2558 1735 2600 respondisset
1765 2568 1803 2588 se

81 2613 209 2646 Grzece
242 2614 330 2645 nihil
362 2615 472 2653 scire,
506 2615 641 2646 Latine
668 2618 786 2647 autem
819 2626 962 2657 parum,
1012 2613 1105 2655 Quid
1140 2627 1243 2657 ergo,
1282 2616 1450 2656 inquiunt
1480 2615 1634 2653 iudices,
1675 2613 1804 2645 Graeea

175 2727 206 2767 1)
226 2727 322 2758 Hain
342 2727 528 2768 Repertor.
548 2733 597 2758 110.
614 2728 858 2760 2251...2269:
893 2728 984 2759 adde
1005 2739 1083 2770 quae
1103 2728 1240 2759 indicat
1258 2728 1400 2759 Panzer
1417 2727 1507 2758 Ann.
1525 2730 1598 2768 typ.
1618 2726 1661 2759 X.
1680 2737 1712 2767 p.
1727 2727 1803 2757 430.

171 2783 205 2824 2)
227 2783 282 2816 Cf.
303 2783 606 2815 Dissertationem
631 2783 674 2814 (10
699 2784 889 2826 praecipuis
912 2784 1058 2816 Lexicis
1080 2784 1224 2816 Latinis
1250 2793 1444 2823 eorumque
1468 2783 1687 2814 Auctoribus
1711 2783 1802 2814 Rob.

174 2839 353 2880 Stephani
378 2840 564 2871 Thesauro
588 2839 628 2870 L.
646 2840 687 2871 L.
707 2839 760 2871 ed.
779 2840 932 2872 Londin.
958 2843 994 2871 et
1011 2840 1199 2871 Thesauro
1225 2849 1367 2881 quoque
1393 2838 1620 2871 Gesneriano
1644 2839 1802 2880 1110311115-

172 2905 260 2928 sam.
310 2896 367 2926 Du
387 2895 511 2936 Gange
532 2895 674 2937 praefat.
693 2895 856 2929 Glossar.
876 2896 958 2927 Lat.
979 2897 997 2934 ξ
1014 2907 1130 2931 xnvu,
1179 2896 1341 2927 Fabricii
1361 2895 1455 2927 Bibl.
1475 2896 1556 2927 Lat.
1574 2895 1664 2926 med.
1686 2898 1722 2926 et
1739 2895 1803 2926 inf.

171 2955 227 2985 fet,
246 2953 272 2983 I.
294 2963 325 2993 p.
346 2953 424 2983 4:37.
443 2962 494 2993 sq.
516 2955 552 2982 ct
577 2951 756 2993 przecipue
781 2952 820 2982 F.
841 2952 965 2983 Haase
991 2952 1034 2983 de
1060 2952 1150 2984 med.
1174 2963 1240 2984 sev.
1261 2953 1355 2984 stud.
1374 2952 1498 2994 philol,
1536 2951 1682 2983 Vratisl.
1704 2952 1801 2983 1856.

171 3007 218 3038 4⁰.
246 3019 278 3049 p.
299 3009 352 3041 3⁷2.
373 3018 425 3049 sq.
542 3008 576 3049 3)
606 3008 707 3039 Denz's
731 3008 848 3039 U'i'ens
868 3008 1221 3049 Buelulrwlcetylem-le.
1242 3020 1273 3050 p.
1294 3010 1345 3042 70.
1370 3009 1431 3039 ubi
1456 3009 1613 3040 Guarnae
1639 3007 1803 3048 opusculi

165 3063 250 3094 edit.
282 3064 485 3099 Vindobon,
507 3066 603 3097 1512.
623 3064 810 3097 describit.
