2119 3522
702 228 849 250 LANfflvs
875 244 880 249 .
898 243 902 249 .
920 244 925 250 .
954 228 1248 249 LAMJSCIINEIDER.
1736 211 1831 254 405

118 357 207 380 rum
236 348 463 393 corruptam
494 344 617 380 vitam
648 343 859 380 occasione
891 343 985 380 data
1014 341 1435 390 acrite1·invel]itur¹⁰,
1470 343 1523 380 ita
1546 343 1680 380 multis
1700 341 1832 381 locis¹¹

118 399 341 436 Lutherum
373 399 526 446 evehit,
560 400 741 449 quamvis
774 399 858 436 eius
891 399 1130 449 discipulum
1162 412 1204 436 se
1235 400 1412 449 profiteri
1441 397 1617 449 neget¹²,
1652 412 1740 450 quae
1771 413 1833 437 res

118 455 225 493 inter
254 456 498 493 recentiores
529 461 662 505 partes
694 454 986 498 ecclesiasticas
1017 455 1075 491 ira
1106 455 1231 505 magis
1263 468 1382 505 quam
1412 456 1545 493 studio
1571 456 1724 505 agitata
1745 470 1834 493 cum

118 511 169 548 ad
202 511 392 561 epistolas
425 510 474 548 O.
492 511 542 548 V.
566 524 647 547 non
680 510 822 556 faciat,
864 510 929 547 hic
969 510 1192 547 omittenda
1230 511 1317 547 visa
1356 517 1428 548 est.
1489 511 1610 561 Quod
1641 511 1833 549 Barthius

119 568 388 617 Struviusque
418 567 459 603 in
492 566 731 616 praefatione
762 565 950 603 chronico
977 565 1171 603 Citizensi
1194 567 1394 616 praemissa
1420 567 1469 604 de
1490 568 1716 605 Reuchlino
1739 582 1832 605 eou-

117 624 248 673 questi
279 629 390 669 sunt,
425 622 533 672 quod
564 623 596 659 is
624 623 754 659 virum
783 628 864 660 tam
892 621 1092 659 eruditum
1114 622 1220 659 inter
1242 622 1429 659 obscuros
1452 624 1677 672 posteritati
1698 624 1832 661 riden-

119 679 210 716 dum
243 679 480 725 rettulisset,
514 692 597 715 non
629 678 838 724 fecissent,
872 679 950 716 nisi
981 679 1193 728 antiquato
1217 679 1342 716 errori
1366 679 1414 716 (le
1436 679 1663 716 Reuchlino
1687 681 1832 730 episto-

114 735 243 772 larum
275 733 323 774 O.
346 735 396 772 V.
419 740 582 772 auctore
613 734 890 772 adhaesissent.
941 734 1095 771 Praeter
1124 734 1359 784 opusculum
1387 733 1638 785 bipertitum,
1674 736 1723 773 de
1753 749 1832 786 quo

115 805 238 842 supra
269 791 418 828 dictum
448 796 524 837 est,
559 796 599 828 et
630 789 861 828 Ohronicon
885 788 1089 827 Citizense
1110 789 1290 840 Langius
1313 791 1432 828 ctiam
1457 790 1687 828 Chronicon
1708 792 1832 829 Num-

114 847 316 897 burgense
348 852 387 884 et
410 845 583 884 Carmen
616 846 665 884 de
695 846 885 884 laudibus
909 846 1095 884 Saxoniae
1125 846 1289 896 reliquit
1307 844 1342 884 ¹³.
1362 868 1416 873 —-
1446 847 1622 884 Ioannes
1644 848 1831 885 Piemon-

113 909 232 941 tanus
261 904 302 940 in
325 902 411 940 MS.
428 901 622 940 Auctario
655 916 749 940 scrr.
768 903 865 940 eccl.
882 916 921 953 p.
944 898 1064 940 111¹>2

113 979 251 1011 Paulus
282 979 426 1020 langius
455 979 650 1011 monachus
682 979 931 1011 bossauiensis
964 979 1120 1011 Natione
1154 980 1363 1011 teutonicus
1397 980 1516 1021 patria
1549 980 1695 1012 francus
1728 982 1833 1021 origi-

114 1035 211 1067 nalis
236 1037 303 1073 [sic]
328 1034 432 1067 homo
459 1038 556 1067 certe
582 1037 619 1066 in
645 1035 778 1067 diuinis
804 1036 992 1077 scripturis
1018 1035 1199 1067 studiosus
1225 1039 1261 1067 et
1290 1037 1327 1067 in
1353 1036 1486 1067 litteris
1511 1036 1746 1069 humanitatis
1773 1049 1832 1069 ex-

114 1092 293 1124 cellenter
328 1092 485 1123 imbutus
522 1092 671 1132 ingenio
705 1094 831 1123 acutus
863 1094 898 1123 et
934 1091 1075 1133 eloquio
1107 1090 1228 1123 clarus
1259 1094 1372 1124 metro
1407 1092 1628 1124 exercitatus
1661 1096 1697 1124 et
1727 1104 1835 1135 prosa

114 1148 312 1189 Scripsisse
345 1148 461 1179 fertur
491 1147 670 1179 nonnulla
702 1152 853 1188 vtroque
885 1147 971 1179 stilo
1003 1148 1144 1189 ingenii
1174 1148 1229 1179 sui
1259 1147 1424 1189 preclara
1450 1148 1674 1180 sinthemata
1701 1151 1833 1190 quibus

112 1204 268 1236 nominis
304 1205 359 1236 sui
396 1204 604 1235 memoriam
642 1204 739 1245 apud
769 1205 1023 1246 posteritatem
1057 1214 1135 1235 cum
1168 1203 1274 1235 laude
1306 1203 1448 1235 tenebit
1477 1203 1520 1236 de
1553 1205 1683 1245 quibus
1716 1209 1832 1237 tamen

110 1260 296 1301 hucusque
328 1260 418 1291 nihil
450 1259 494 1291 ad
521 1259 693 1291 lectionis
718 1263 842 1292 nostre
868 1260 1024 1291 studium
1052 1260 1260 1301 peruenisse
1287 1260 1433 1291 memini
1479 1261 1618 1292 Extant
1643 1263 1720 1293 eius
1748 1273 1833 1304 opu-

112 1316 214 1348 scula
246 1315 400 1356 quedam
432 1326 495 1356 pro
526 1316 685 1347 tritemio
711 1320 835 1348 nostro
865 1320 990 1348 contra
1012 1316 1184 1356 jacobum
1211 1316 1529 1358 wymphelingium
1556 1321 1833 1360 presumptuosa

112 1373 320 1404 temeritate
356 1382 399 1403 ex
430 1372 660 1403 historiarum
693 1373 902 1427 ign01·an·tia
935 1376 971 1404 et
1003 1372 1046 1404 de
1077 1372 1217 1403 inuidia
1243 1372 1279 1403 111
1306 1373 1458 1413 quodam
1485 1372 1611 1404 libello
1638 1383 1701 1406 suo
1729 1385 1832 1415 quem

112 1428 206 1460 falso
239 1427 282 1459 de
315 1427 530 1469 integritate
564 1429 774 1469 prenotauit
812 1428 962 1460 eundem
999 1429 1247 1459 doctissimum
1282 1432 1423 1470 patrem
1461 1428 1696 1470 sugillantem
1729 1432 1833 1471 quasi

113 1484 315 1526 complures
342 1484 574 1516 doctissimos
599 1484 697 1516 viros
722 1484 817 1515 inter
844 1484 1063 1516 claustrales
1089 1484 1252 1526 posuerit
1278 1486 1371 1516 sicut
1389 1485 1602 1516 Ieronimum
1629 1487 1833 1527 gregorium

113 1550 281 1581 magnum
315 1539 445 1572 bedam
478 1539 660 1572 alcuinum
692 1543 727 1572 et
759 1539 896 1573 similes
922 1550 1010 1582 quos
1036 1541 1114 1582 ipse
1144 1544 1268 1582 posset
1293 1540 1543 1572 demonstrare
1569 1552 1751 1583 nunquam
1776 1553 1834 1574 cu-

112 1596 209 1628 culla
233 1595 391 1628 inclusos
417 1597 540 1628 fuisse.
579 1596 684 1628 huius
703 1607 787 1639 ergo
805 1596 1003 1628 temeritati
1019 1597 1090 1628 iste
1108 1596 1287 1629 obsistere
1304 1597 1432 1629 volens
1451 1597 1539 1629 duos
1558 1597 1671 1629 edidit
1688 1597 1832 1630 libellos

111 1654 148 1684 in
174 1653 303 1693 quibus
329 1652 427 1683 illum
456 1653 586 1684 erroris
612 1653 802 1684 manifesti
827 1653 936 1684 certis
964 1663 1007 1684 ac
1033 1652 1159 1684 solidis
1178 1653 1380 1685 rationibus
1400 1654 1587 1685 conuincit
1634 1654 1724 1685 Nam
1744 1665 1832 1696 quos

111 1708 172 1740 ille
199 1709 312 1740 fuisse
339 1708 536 1741 monachos
566 1709 689 1751 inepte
716 1711 828 1751 negat
859 1709 928 1740 iste
961 1709 1106 1740 cuculla
1132 1709 1275 1742 indutos
1302 1710 1415 1741 fuisse
1442 1710 1543 1741 varia
1570 1710 1831 1751 astipulatione

112 1764 326 1796 manifestat
373 1765 414 1796 In
446 1775 549 1806 quem
583 1765 692 1797 etiam
723 1765 1041 1807 wymphelingium
1069 1765 1162 1797 alius
1188 1766 1331 1806 quidam
1357 1764 1411 1808 [is
1436 1771 1486 1797 est
1511 1767 1583 1807 ipse
1609 1766 1833 1799 Butzbaelzius

109 1822 177 1853 sive
201 1821 351 1853 Ioannes
375 1822 546 1853 Piemont:
578 1822 736 1862 ef.z'71fra
761 1827 824 1855 art.
847 1820 1022 1863 Piemonl]
1047 1822 1255 1863 propediem
1287 1822 1331 1854 ob
1366 1823 1517 1854 eandem
1549 1832 1696 1854 causam
1730 1824 1829 1855 cala-

110 1887 204 1908 mum
230 1887 331 1908 suum
355 1878 517 1910 vibravit
563 1878 717 1919 Scripsit
744 1878 868 1919 itaque
894 1878 954 1909 hic
982 1877 1268 1910 studiosissimus
1293 1878 1572 1921 tritemiophilus
1598 1882 1720 1910 noster

109 1934 373 1966 Defensionum
661 1934 687 1965 li
708 1944 733 1974 1J
1530 1936 1588 1966 Ad
1609 1946 1712 1976 mars).
1735 1937 1794 1968 ad-

1571 2001 1639 2024 εον.
1658 1996 1706 2022 est

111 2046 282 2078 Carmina
300 2046 405 2088 plura
640 2046 861 2078 Oracionum
883 2046 1228 2088 supplicator-iarum
1426 2047 1478 2088 liJ
1526 2047 1796 2088 Epigrammata

1572 2103 1677 2145 plura

110 2158 299 2200 Epistolas
319 2159 362 2190 ad
380 2159 544 2191 diuersos
638 2159 737 2200 Opus
755 2159 945 2190 metricum
963 2158 1006 2190 de
1024 2159 1195 2190 laudibus
1214 2170 1260 2200 pa
1423 2159 1475 2200 liJ

110 2216 157 2246 Et
176 2214 251 2246 alia
272 2215 423 2256 quedam
635 2215 771 2248 Contra
790 2226 939 2257 pompas
957 2218 991 2246 et
1008 2225 1174 2247 excessus
1191 2215 1406 2257 prelatorum
1526 2215 1702 2257 Epistolas
1717 2227 1795 2258 quo-

693 2271 831 2303 claustr
1424 2271 1476 2312 liJ
1572 2282 1640 2313 que
1672 2273 1717 2304 ad
1742 2273 1793 2304 di-

636 2327 831 2370 Dialogum
855 2328 951 2360 inter
969 2333 1113 2370 poetam
1141 2332 1176 2361 et
1201 2329 1401 2371 sophistam
1424 2328 1475 2370 11]
1571 2339 1696 2361 uersos

109 2385 212 2417 Viuit
236 2385 354 2418 adhuc
379 2387 477 2416 etate
501 2383 627 2416 florida
652 2387 688 2416 et
711 2384 831 2416 studio
856 2384 1018 2426 gaudens
1042 2383 1078 2416 ἶν’
1101 2384 1162 2416 dfii
1186 2386 1260 2417 159
1287 2382 1420 2428 [1509]
1447 2385 1510 2417 sub
1531 2385 1624 2427 julio
1648 2386 1684 2416 2⁰

201 2464 255 2505 10)
276 2464 322 2497 cf.
343 2475 372 2495 e.
393 2474 444 2506 gr.
461 2463 629 2497 Chronic.
651 2464 711 2496 cit.
732 2474 765 2505 p.
783 2465 879 2498 1125.
900 2465 996 2495 1295.
1092 2465 1145 2503 11)
1166 2464 1212 2495 cf.
1232 2464 1318 2497 ibid.
1337 2475 1369 2505 p.
1389 2466 1485 2498 1177.
1506 2466 1713 2498 12131270.
1732 2466 1827 2497 1280.

201 2520 256 2560 12)
274 2519 362 2551 ibid.
382 2530 415 2561 p.
436 2521 532 2552 1282.
628 2519 681 2559 13)
701 2520 746 2554 cf.
765 2520 878 2551 vitam
895 2520 1031 2561 Langii
1047 2521 1082 2551 111
1103 2520 1285 2561 Selm'ttgyen
1309 2522 1377 2552 und
1392 2521 1560 2562 Ix'reyssiy
1579 2521 1743 2552 Nuclzlese
1768 2522 1830 2552 der

200 2577 354 2607 Historie
376 2586 438 2608 von
463 2575 740 2609 Ober-Scceleserz.
777 2577 912 2617 Dressd.
930 2588 960 2609 u.
979 2576 1098 2617 Leipz.
1119 2578 1215 2608 1733.
1240 2575 1286 2607 8⁰.
1312 2579 1396 2607 tom.
1416 2576 1479 2610 XI.
1499 2587 1533 2617 p.
1553 2578 1722 2609 SS.,.126.
1772 2577 1829 2608 Ibi

201 2632 264 2663 alii
288 2632 490 2673 Langianae
518 2632 603 2663 vitae
634 2633 832 2674 scriptores
857 2636 1102 2664 memorantur
1127 2632 1237 2673 Bagsle
1263 2633 1350 2663 Dice.
1375 2644 1401 2663 υ.
1428 2633 1545 2673 Langye
1578 2630 1706 2675 [immo
1732 2633 1829 2664 Lan-

200 2685 316 2730 gius];
343 2688 489 2719 Schmidt
511 2688 676 2720 Zwielcaa.
694 2688 853 2722 Clzronilc.
873 2689 898 2722 Ι,
917 2699 949 2729 p.
968 2689 1062 2727 481.;
1091 2688 1275 2728 Hamlmrgy.
1298 2688 1383 2721 [1¹th.
1401 2688 1477 2719 lzz‘st.
1498 2693 1583 2720 cent.
1603 2689 1661 2721 VI.
1683 2699 1712 2729 p.
1736 2690 1827 2730 1575

199 2744 389 2783 Lezcckfeld
411 2754 480 2776 vom
506 2744 648 2776 Kloster
671 2745 784 2776 Posau
811 2756 841 2785 p.
862 2746 934 2783 233
965 2744 1143 2775 Selmmeliz'
1166 2743 1347 2776 Amnem-lc.
1367 2744 1516 2775 (lariiber
1541 2755 1572 2785 p,
1591 2746 1643 2778 57.
1671 2763 1710 2765 —
1739 2745 1827 2783 Quae

199 2801 324 2831 Ic'ielcer
346 2811 379 2832 v.
406 2801 541 2841 Lanye,
580 2801 666 2831 Paul
696 2800 824 2840 habet,
866 2811 907 2831 ex
934 2801 1063 2832 Vossio
1097 2800 1140 2831 de
1173 2800 1257 2834 hist,
1276 2800 1358 2831 Lat.
1385 2800 1428 2831 L.
1445 2800 1485 2830 B.
1507 2801 1602 2831 1651.
1627 2800 1673 2833 40.
1700 2801 1825 2841 11644,

199 2860 342 2897 sumpta
367 2859 460 2887 sunt.
486 2874 528 2878 —
559 2856 725 2888 Oberlini
749 2859 1020 2897 programmata
1037 2856 1269 2897 Argentorati
1296 2866 1390 2887 anno
1410 2857 1504 2890 1806.
1525 2855 1568 2887 de
1595 2866 1707 2888 causa
1734 2856 1828 2888 inter

199 2912 509 2954 XVimphelingum
534 2913 772 2954 Langumque
799 2913 942 2953 agitata
968 2911 1068 2943 edita
1093 2912 1216 2944 videre
1242 2912 1328 2943 mihi
1353 2922 1424 2943 non
1451 2913 1619 2954 contigit,

108 3000 520 3039 LANGSCHNEIDER,
553 2992 749 3039 Thomas,
783 2992 932 3042 Lipsiae
953 2991 1230 3030 baccalaurius
1257 2993 1471 3043 theologiae
1494 2993 1704 3040 formatus,
1740 3007 1825 3030 cum

110 3050 321 3104 epistolam
341 3050 374 3087 I.
401 3051 436 3088 1.
459 3049 669 3096 scriberet,
702 3049 772 3087 sed
805 3049 1012 3099 magister,
1051 3063 1140 3087 cum
1166 3063 1238 3100 per
1259 3049 1368 3087 Irum
1389 3049 1588 3087 Pel-lirum
1611 3048 1827 3087 Ortvinum
