2119 3522
124 204 174 226 ΕΡ.
183 201 224 225 18.
240 193 326 234 (APP.
336 192 375 234 T.)
390 201 628 225 HOCHSTRATVS
637 202 794 225 ORTVINO.
805 215 847 218 —
863 200 964 225 EP.119.
983 203 1133 225 TOLLETA.
1139 204 1200 226 NVS
1207 203 1383 226 RICHARDO
1391 203 1700 227 KALBERSTATENSJ.
1739 186 1833 232 645

122 262 206 303 Pag.
229 260 289 297 77.
1235 261 1322 304 Pag.
1337 262 1390 294 76.
1408 272 1438 293 v.
1452 268 1485 294 23
1503 285 1510 293 .
1526 285 1534 293 .
1548 286 1556 293 .
1573 262 1660 305 Pag.
1676 263 1729 295 78.
1747 274 1777 295 v.
1792 270 1833 295 13.

122 317 164 349 28
189 317 263 349 olim
288 318 421 359 qnando
442 314 522 358 fuit]
548 317 570 348 i.
588 326 616 348 e.
635 327 715 358 quae
739 316 894 350 formosa
916 317 998 359 fuit,
1023 317 1106 349 dum
1129 316 1264 349 ordinis
1288 317 1421 350 fautrix
1448 321 1536 350 erat.

122 375 160 405 31
188 375 255 405 leta
279 371 398 415 mente]
424 372 510 404 ‘lete
533 371 670 405 mente’
696 372 802 404 habet
826 372 877 404 ed.
897 374 925 405 1.
944 377 980 405 et
1004 373 1216 416 scriptorem
1233 373 1391 406 voluisse
1417 373 1538 406 ‘laetae
1561 373 1708 406 mentae’
1735 378 1833 417 puto.

166 430 283 460 leviter
298 431 427 461 sensati
442 440 512 460 cum
536 427 588 471 ea]
616 428 816 468 ‘Sensatus‚
841 439 873 469 a,
891 439 960 470 um,
978 428 1115 462 habens
1134 428 1290 462 sensus'.
1318 429 1460 461 Gemma
1479 439 1510 470 g.
1537 431 1677 472 lustiyen
1702 429 1832 470 (leicht-

207 484 371 526 fertz'yen)
396 484 516 516 Sz'nnes
539 486 597 516 mit
621 485 686 516 ilar.

121 542 163 573 3⁵2
188 542 221 572 in
243 541 333 580 festo
361 539 476 582 Codri]
502 541 538 572 Is
563 539 701 573 Codrus
726 550 838 582 neque
864 543 1020 580 sanctus,
1045 551 1161 582 neque
1185 540 1418 574 Atheniensis
1442 553 1516 582 rex,
1542 552 1654 584 neque
1680 552 1832 584 pauper-

209 596 318 628 rimus
342 595 403 628 ille
429 596 675 638 pessimusque
701 607 757 638 ap.
775 597 936 628 Iuvenal.
953 597 1133 629 Romanus
1158 600 1276 639 poeta,
1303 597 1363 629 sed
1387 598 1566 630 Antonius
1592 598 1745 639 Urceus,
1772 599 1833 640 qui

208 652 252 683 ab
284 651 351 684 hoc
381 662 576 694 cognomen
601 651 709 684 Codri
738 652 950 694 adsumpsit,
981 652 1155 684 Bononiae
1186 664 1216 685 a.
1237 655 1332 685 1500.
1350 658 1523 685 mortuus.
1570 656 1670 686 Inter
1701 655 1833 696 scripta

207 708 276 739 viri
302 707 396 750 (quae
414 708 574 739 indicant
591 708 727 739 Panzer
743 708 834 739 Ann.
852 708 893 738 V.
912 719 945 749 p.
963 710 1038 740 457.
1055 718 1105 739 XI.
1124 719 1157 749 p.
1179 709 1263 748 185„
1281 709 1342 741 ubi
1359 709 1479 751 Opera
1503 710 1678 751 prodiisse
1694 710 1831 742 Bonon.

210 766 306 796 150-2.
327 763 405 804 fol„
430 764 556 796 Venet.
575 765 670 796 1506.
688 763 765 802 fol„
791 763 904 795 Paris.
924 765 1019 796 1515.
1038 765 1085 795 4⁰.
1103 764 1253 796 relatum
1277 769 1349 804 est,
1375 766 1503 806 quibus
1527 775 1570 796 ex
1593 766 1739 797 I'ochero
1764 771 1831 798 art.

208 820 346 851 Urceus
370 819 451 851 addi
475 823 595 861 potest
619 819 669 850 ed.
687 818 797 850 Basil.
818 820 913 851 1540.
931 819 1005 859 fol„
1023 819 1130 851 Hain.
1148 830 1182 851 n.
1202 821 1320 853 16099.
1340 820 1405 862 sq.)
1431 821 1533 862 plura
1557 825 1655 861 sunt,
1679 831 1721 852 ex
1746 832 1831 863 quo-

206 886 284 907 rum
313 875 611 917 inscriptionibus
636 885 676 906 ea
706 885 779 906 non
803 885 883 906 raro
914 874 1079 907 lascivire
1104 876 1264 907 conicere
1288 875 1391 915 licet,
1422 879 1461 908 ut
1493 879 1576 908 sunt
1603 876 1739 917 Sylvae,
1771 877 1831 909 Sa-

206 935 315 972 tyrae,
346 931 507 973 Eclogae,
538 931 823 973 Epigrammata,
856 930 1059 973 Rhythmus
1087 930 1370 963 festivissimus'.
1419 932 1589 964 Fortasse
1620 932 1831 965 Tolletanus

205 987 248 1019 ad
266 987 373 1020 Codri
397 987 612 1019 ‘orationem
628 986 669 1018 de
693 986 853 1018 ducenda
877 986 1005 1019 uxore'
1032 987 1199 1029 respexit,
1225 997 1331 1029 quam
1356 990 1393 1019 et
1417 987 1542 1029 ipsam,
1566 991 1607 1019 ut
1625 988 1697 1019 alia
1713 987 1832 1029 Codri,

205 1054 278 1075 non
307 1043 395 1086 legi,
428 1042 487 1075 sed
511 1043 548 1074 in
579 1042 820 1084 quodlibetico
852 1042 972 1074 libello
1004 1043 1137 1084 saepius
1167 1042 1347 1075 laudatam
1370 1043 1508 1083 inveni,
1539 1044 1597 1075 cui
1620 1044 1833 1085 inscriptum

205 1103 260 1132 est
285 1100 514 1141 ‘Disceptatio
538 1099 594 1131 An
618 1110 709 1131 uxor
732 1100 776 1130 sit
801 1098 965 1139 dzclcenda
989 1100 1022 1130 in
1050 1099 1187 1141 publica
1212 1097 1445 1140 dispu-'tacz'cie
1470 1100 1630 1141 Lipsensz‘
1658 1099 1833 1140 enarjata

204 1167 225 1187 (ι
248 1154 364 1198 magi-o
390 1153 533 1192 Ηέᾎνίοο
560 1155 680 1186 Rz‘bsclz
701 1153 707 1197 Ι
733 1156 899 1196 philocalo
928 1154 933 1196 Ι
957 1153 1167 1196 ΒῖιᾶἰηῖῃὶοΓ
1194 1155 1231 1186 in
1258 1156 1360 1187 cuius
1378 1154 1445 1187 fine
1469 1160 1541 1188 est:
1567 1156 1724 1198 Liptziclc
1748 1156 1832 1198 Sep—

206 1212 281 1244 timo
309 1211 393 1243 Idus
419 1211 564 1244 Octobzz's
590 1211 689 1243 Anno
716 1209 830 1243 1509’.
848 1212 895 1242 4⁰.
916 1212 955 1243 18
980 1210 1095 1243 folior.
1116 1211 1207 1252 sign.
1225 1209 1351 1251 &MQL

115 1269 158 1300 34
184 1268 335 1300 eoeterius
359 1266 502 1310 mittere]
528 1267 766 1308 hernuslassen.

113 1325 156 1356 35
180 1321 350 1365 solarium]
378 1322 437 1355 Sic
460 1324 632 1355 obscoene
656 1332 720 1365 pro
746 1322 959 1355 ‘salarium'.
984 1323 1075 1355 redit
1101 1332 1173 1364 seq.
1191 1333 1220 1355 v.
1235 1330 1277 1356 25.

156 1390 222 1421 pro
247 1381 332 1412 alios
355 1378 479 1422 omnes]
506 1378 600 1421 quod
624 1383 665 1411 tu
689 1382 724 1410 et
748 1378 811 1410 alii
836 1388 956 1410 omnes
979 1378 1067 1409 mihi
1092 1378 1240 1411 debetis.

112 1435 198 1476 Pag.
219 1434 281 1471 78.

111 1493 133 1523 4
158 1491 393 1533 „dalmatica,
425 1491 538 1524 vestis
562 1491 613 1523 sic
637 1491 749 1532 dicta,
783 1492 878 1533 quod
909 1492 946 1523 in
970 1490 1153 1523 Dalmatia
1178 1492 1329 1533 primum
1361 1492 1408 1523 sit
1439 1496 1592 1533 reperta.
1618 1492 1744 1524 Isidor.
1764 1492 1829 1524 Pa-

203 1547 292 1589 pias.
311 1571 318 1578 .
338 1571 346 1578 .
375 1547 488 1580 Usum
512 1547 781 1580 dalmaticarum
805 1547 843 1579 in
868 1546 1053 1579 ecclesiam
1083 1547 1261 1579 invexisse
1287 1547 1434 1579 credunt
1460 1547 1494 1579 S.
1513 1547 1723 1580 Silvestrum
1748 1549 1830 1588 PR,

202 1614 281 1636 cum
305 1608 412 1636 antea
437 1603 586 1636 colobiis
617 1606 806 1636 uterentur
832 1604 1051 1643 sacerdotes,
1082 1607 1181 1635 veste
1208 1614 1253 1636 sc.
1274 1604 1325 1635 sic
1349 1603 1462 1644 dicta,
1494 1615 1573 1646 quae
1598 1604 1747 1636 manicis
1773 1614 1829 1636 ca-

201 1661 313 1693 rebat.
341 1660 400 1693 sed
424 1659 530 1701 longe
556 1662 638 1691 ante
657 1659 867 1692 Silvestrum
884 1659 1038 1692 Pontius
1064 1660 1101 1691 in
1125 1661 1202 1691 vita
1219 1659 1252 1691 S.
1268 1659 1439 1702 Cypriani
1464 1660 1588 1692 scribit
1613 1661 1664 1692 ‘et
1690 1670 1769 1691 cum
1795 1670 1830 1692 se

201 1716 391 1748 dalmatica
414 1715 669 1757 exspoliasset'
696 1741 703 1747 .
723 1740 730 1747 .
749 1740 756 1747 .
775 1740 782 1747 .
808 1715 1045 1748 Dalmaticam
1069 1715 1106 1746 in
1130 1715 1271 1747 modum
1295 1716 1410 1747 crucis
1435 1715 1565 1747 factam
1589 1715 1692 1748 docet
1717 1716 1829 1748 Missa

200 1774 350 1815 antiqua
367 1797 374 1804 .
393 1799 401 1807 .
421 1797 428 1804 .
447 1772 586 1805 Glossae
603 1772 710 1803 Arab.
729 1772 810 1804 Lat.
830 1771 1023 1812 ‘Dalmata,
1049 1771 1161 1803 vestis
1186 1771 1418 1804 sacerdotalis
1443 1771 1592 1803 candida
1616 1782 1693 1803 cum
1717 1771 1828 1804 clavis

201 1828 420 1872 purpureis'.
454 1828 691 1860 Dalmaticam
720 1828 901 1870 propriam
931 1828 1183 1869 episcoporum
1211 1830 1348 1859 vestem
1377 1827 1486 1860 fuisse
1510 1827 1612 1859 docet
1636 1828 1828 1860 Zacharias

199 1886 270 1917 PP.
289 1910 296 1917 .
315 1909 322 1917 .
340 1885 425 1918 Fuit
449 1886 556 1917 etiam
582 1884 790 1917 dalmaticia
807 1884 1037 1916 diaconorum
1055 1883 1165 1915 vestis
1190 1883 1337 1925 propria
1363 1907 1370 1914 .
1389 1908 1395 1914 .
1415 1907 1422 1914 .
1448 1886 1565 1915 tamen
1591 1883 1732 1915 diaconi
1755 1894 1827 1915 non

200 1942 411 1982 utebantur,
444 1942 516 1973 nisi
540 1942 577 1973 in
601 1941 794 1973 maioribus
819 1939 1081 1971 festivitatibus
1107 1963 1139 1971 ..
1160 1964 1166 1971 .
1192 1939 1252 1970 sed
1282 1940 1434 1972 maxime
1459 1939 1691 1971 diaconorum
1715 1939 1827 1971 eccle-

201 1998 264 2030 siae
288 1997 388 2030 Rom.
406 1997 474 2029 fuit
501 1997 706 2037 dalmatica,
738 2007 818 2028 cum
844 1995 969 2027 ceteris
1001 2005 1073 2026 non
1098 1995 1169 2027 nisi
1192 2005 1235 2026 ex
1265 1995 1407 2027 indultu
1433 1994 1616 2027 Pontificis
1643 1996 1741 2027 Rom.
1759 1995 1826 2027 hac

200 2054 255 2085 uti
278 2053 333 2086 fas
357 2058 466 2093 esset,
492 2054 553 2095 qui
577 2063 654 2085 eam
677 2053 857 2085 interdum
882 2051 1148 2083 transmittebat
1166 2075 1173 2082 .
1193 2075 1200 2082 .
1221 2051 1257 2082 .“
1282 2051 1467 2092 Ducange.

155 2107 256 2153 albis]
285 2109 397 2150 ⁷‚Alba
415 2135 421 2141 .
441 2135 447 2141 .
466 2109 500 2152 3)
527 2109 638 2142 vestis
663 2107 896 2141 sacerdotalis
921 2107 1015 2139 linea
1039 2110 1073 2138 et
1098 2106 1238 2145 stricta,
1264 2117 1343 2148 quae
1369 2107 1514 2139 camisia
1534 2107 1677 2147 dicitur,
1703 2111 1740 2139 et
1765 2118 1827 2149 po-

199 2166 311 2206 deris,
352 2168 388 2198 et
418 2165 561 2205 talaris,
599 2169 633 2197 et
666 2164 839 2197 subucula
863 2188 870 2195 .
889 2189 896 2195 .
916 2188 950 2195 ..
990 2163 1100 2195 Albas
1130 2173 1249 2204 gerere
1280 2166 1316 2194 et
1346 2164 1435 2194 Esse
1465 2163 1503 2194 in
1533 2163 1625 2195 albis
1657 2163 1826 2196 dicuntur

199 2221 335 2261 clerici,
372 2221 454 2254 dum
485 2221 579 2254 albis
613 2221 731 2253 induti
767 2219 979 2262 procedunt,
1019 2218 1073 2250 vel
1110 2218 1225 2251 officia
1261 2218 1506 2251 ecclesiastica
1543 2222 1719 2261 peragunt
1737 2244 1744 2251 .
1762 2243 1770 2251 .
1788 2220 1825 2250 .“

199 2279 381 2319 Ducange.

109 2336 129 2367 5
152 2345 188 2367 se
207 2359 214 2366 .
233 2362 239 2367 .
259 2360 266 2365 .
284 2332 454 2376 prwvz'dz‘t]
481 2333 555 2374 dass
579 2344 616 2365 er
639 2333 709 2365 sich
733 2333 850 2365 keiner
866 2332 1006 2366 Boslzez't
1031 2343 1071 2364 :a
1094 2331 1148 2364 z'lzr
1170 2331 1302 2372 versalz,
1328 2334 1368 2363 ut
1391 2330 1565 2363 malitiam
1589 2331 1664 2364 eius
1689 2331 1825 2363 nullam

199 2390 455 2432 suspicaretur.

110 2448 150 2479 11
175 2444 415 2488 consecratum]
441 2446 557 2486 immo,
581 2446 814 2481 benedictum.

152 2501 246 2545 illud]
273 2502 400 2534 Matth.
418 2512 530 2534 xxvn.
548 2503 602 2535 35.

111 2560 152 2591 13
176 2557 369 2601 coronatos]
396 2559 550 2597 Kronen,
576 2559 612 2590 K
615 2558 846 2590 7·07zentlzale1·.-

154 2613 362 2657 lyripipiolo]
389 2614 432 2645 cf.
450 2614 494 2646 ad
520 2614 587 2646 5²3.

153 2669 293 2712 cucullo]
321 2670 471 2701 ‘dicitur
495 2669 583 2701 illud
601 2670 695 2711 quod
711 2670 875 2701 monachi
892 2669 1023 2701 habent
1049 2679 1157 2711 supra
1174 2678 1321 2710 cappam
1347 2666 1402 2709 [cf.
1420 2668 1464 2699 ad
1481 2666 1596 2709 54²3.],
1621 2669 1674 2700 ein
1692 2669 1822 2700 muncle-

198 2726 330 2767 kuqelf‘
358 2725 500 2757 Gemma
517 2736 550 2767 g.
589 2725 783 2766 ⁷‚Cucullus
811 2724 841 2765 1)
867 2725 1018 2765 cuculla,
1044 2725 1209 2764 cucullio,
1235 2723 1410 2763 cucullus,
1435 2723 1547 2755 vestis
1570 2726 1656 2755 nota
1680 2724 1822 2757 Latinis

200 2782 451 2823 scriptoribus,
478 2792 547 2823 qua
572 2792 618 2813 sc.
637 2785 745 2823 caput
770 2779 1013 2823 operiebatur’
1040 2780 1130 2812 Gall.
1148 2783 1276 2818 cuc-ule,
1307 2779 1389 2811 aliis
1415 2779 1523 2811 etiam
1553 2781 1676 2817 coules,
1707 2782 1822 2821 youles

198 2837 254 2868 vel
282 2839 390 2879 yzcles,
422 2838 595 2869 Armoric.
613 2839 766 2879 eoztyonl,
799 2837 1059 2878 operimentum
1092 2836 1220 2878 capitis
1250 2839 1285 2867 et
1314 2835 1547 2867 humerorum.
1574 2835 1687 2867 Germ.
1707 2836 1821 2879 Guyel,

197 2893 309 2934 Koyel
333 2917 340 2924 .
359 2917 366 2924 .
385 2917 392 2924 .
412 2894 447 2924 .“
486 2894 599 2925 Docte
622 2893 690 2924 hoc
714 2893 863 2924 verbum
887 2893 1043 2925 omnium
1066 2892 1137 2924 fere
1159 2891 1362 2933 linguarum
1380 2891 1638 2934 Europaearum
1663 2892 1821 2934 explicat

197 2949 420 2982 Diefcnbach
438 2949 606 2990 Origines
624 2949 824 2991 Europaeae.
843 2949 956 2981 Ffurt.
974 2950 1070 2981 1861.
1090 2950 1137 2983 8⁰,
1155 2959 1188 2990 p.
1208 2949 1282 2980 242.
1301 2958 1376 2989 sqq.
1418 2947 1470 2979 Ad
1495 2948 1686 2980 historiam
1709 2949 1819 2980 vesti-

197 3006 310 3038 menti
333 3006 494 3047 pertinet
510 3005 568 3037 hic
591 3005 692 3037 locus
710 3016 754 3037 ex
773 3005 914 3047 Paquot
939 3004 983 3036 ad
999 3003 1137 3037 Molani
1162 3004 1246 3036 hist.
1267 3014 1314 3036 ss.
1333 3004 1536 3045 imaginum.
1564 3004 1700 3036 Lovan.
1724 3006 1818 3036 1771.
