2119 3522
653 211 748 241 1520.
773 207 857 250 Apr.
885 210 936 240 16.
1039 209 1128 250 Aug.
1154 212 1184 241 2.
1684 202 1774 246 153

64 331 192 375 1520.

64 401 524 448 Apin-30.Pirckheimeri
546 402 598 439 ad
618 401 830 438 Erasmum
863 402 979 452 epist.
1012 402 1172 448 „Suum
1203 402 1377 440 officium
1408 403 1504 441 facit
1529 434 1535 441 .
1563 404 1612 441 .“.
1664 403 1775 450 „Nu-

230 468 439 519 renbergae
470 469 575 519 prid.
608 468 688 506 kal.
719 469 882 506 Μᾶἱεῑειι
915 466 967 517 (a.
1000 468 1138 518 1520.)

599 534 700 565 Hutt.
728 533 819 575 Opp.
846 535 874 565 Ι.
902 544 935 575 p.
961 535 1037 568 341.
1065 544 1116 576 sq.
1146 540 1196 566 ns'.
1224 535 1349 567 CLXI.

62 593 147 628 Mai.
164 598 193 628 3.
232 591 481 629 Adelmanni
503 592 554 629 ad
575 591 920 628 Pirckheimerurn
942 592 1058 642 epist.
1082 592 1237 642 „Quod
1260 594 1409 644 gratias
1433 594 1507 631 deo
1533 624 1541 632 .
1562 595 1613 631 .“.
1664 593 1774 641 „Au-

230 653 368 710 gustae.
400 659 519 696 tertia
548 658 661 696 Maii.
691 658 814 695 Anno
845 658 986 695 salutis
1020 659 1168 698 1520.“

599 724 701 754 Hutt.
731 722 823 765 Opp.
848 724 876 756 I.
904 734 936 764 p.
963 725 1038 756 342.
1066 734 1119 764 sq.
1145 730 1194 758 11⁰.
1221 724 1365 756 CLXII.

98 812 116 826 Ι,
155 787 204 818 10.
226 782 541 820 Praedicatorum
558 781 706 832 synodi
723 780 1080 819 Francofurtensis
1100 782 1151 819 ad
1168 782 1348 820 Leonem
1360 782 1441 820 PP.
1453 783 1506 820 X.
1522 784 1774 833 supplicatio.

597 846 698 880 Hutt.
725 846 815 888 Opp.
840 847 902 878 VI.
930 857 964 888 p.
989 848 1066 881 446.
1094 858 1144 888 sq.

96 935 115 950 Ι,
154 911 204 941 11.
225 905 442 943 Reuchlini
470 905 522 943 ad
545 904 898 954 Questenbergum
930 906 1044 955 epist.
1078 906 1273 952 ‚,Veniet,
1307 907 1463 952 veniet,
1499 912 1537 944 et
1567 919 1675 943 nunc
1705 906 1773 943 ad-

228 978 318 1010 est.
344 973 395 1010 .“.
456 972 709 1022 „Anglopoli
743 1003 749 1009 .
776 1003 782 1009 .
815 985 852 1010 v.
886 972 947 1010 Id.
978 973 1120 1011 Maias.
1151 973 1233 1011 An.
1265 973 1506 1012 M.D.XX.“

597 1038 700 1070 Hutt.
726 1036 819 1079 Opp.
844 1039 873 1070 I.
899 1049 932 1079 p.
950 1039 1026 1070 461.
1047 1050 1097 1080 sq.
1123 1044 1172 1070 n0.
1193 1038 1356 1071 CLXV&
1376 1038 1433 1079 (ex
1452 1039 1524 1070 Ms.
1543 1039 1663 1071 Berol.
1682 1039 1774 1071 unde

664 1093 828 1125 ediderat
857 1095 967 1125 etiam
993 1094 1232 1126 Friedlzinder
1263 1095 1374 1127 Beitr.
1400 1106 1433 1137 p.
1459 1095 1511 1127 88.
1538 1094 1608 1135 sq.)

95 1182 115 1197 ,Ι
150 1158 202 1188 31.
224 1152 442 1190 Reuchlini
471 1152 522 1189 ad
543 1151 887 1189 Pirckheimerum
911 1153 1026 1202 epist.
1059 1153 1227 1203 „Nuper
1249 1153 1299 1190 ad
1322 1154 1479 1191 circiter
1502 1184 1509 1190 .
1531 1154 1582 1191 .“.
1633 1152 1773 1203 „Ang-

224 1219 350 1269 lopoli
380 1218 491 1256 Prid.
524 1219 619 1256 Kal.
650 1218 742 1255 Iun.
775 1232 810 1255 a.
846 1220 997 1258 1520.‘⁴

596 1285 700 1315 Hutt.
727 1283 819 1325 Opp.
846 1285 904 1315 VI.
931 1296 964 1326 p.
988 1286 1066 1319 448.

57 1345 207 1380 Iuris-³3?
229 1373 251 1390 „
267 1373 274 1380 .
290 1343 467 1393 .hacque
492 1342 702 1380 occasione
719 1338 957 1392 [impetratae
969 1343 1097 1380 Bullae
1120 1349 1260 1381 contra
1277 1341 1513 1394 Lutherum]
1530 1345 1774 1382 sententiam

225 1416 364 1448 contra
380 1409 561 1447 libellum
581 1409 804 1460 Capnionis
823 1415 1078 1447 extorserunt
1096 1407 1307 1461 [Silvester
1322 1411 1499 1448 Prierias
1519 1418 1558 1448 et
1575 1417 1660 1449 tota
1676 1425 1773 1462 prae-

228 1478 449 1515 dicatorum
470 1477 609 1523 factio,
634 1478 836 1527 praecipue
860 1476 1082 1527 Capnionis
1105 1476 1291 1529 inimici]‚
1318 1479 1500 1528 quamvis
1523 1479 1658 1528 paullo
1681 1485 1775 1516 ante

224 1545 426 1582 Pontifex.
449 1545 645 1595 quosdam
676 1544 909 1582 exhortatus
942 1545 1101 1591 fuisset,
1135 1551 1179 1582 ut
1208 1546 1372 1583 Tahnut
1402 1546 1696 1596 imprimerent,
1730 1560 1776 1583 ac

226 1613 318 1650 ideo
356 1612 580 1662 privilegiis
620 1618 867 1649 exornasset.
936 1612 1087 1650 Tulere
1125 1614 1275 1650 factum
1319 1626 1479 1663 quoque
1523 1613 1626 1651 illud
1663 1613 1776 1650 multi

225 1680 323 1717 boni
360 1680 663 1729 indignissime,
702 1686 898 1730 tanquam
935 1680 1099 1730 penitus
1138 1681 1346 1726 iniustum,
1387 1680 1593 1718 Pontifieis
1635 1681 1773 1730 digna—

225 1749 326 1785 tioni
359 1753 397 1786 et
428 1748 608 1798 aequitati
639 1748 902 1795 eontrarium3
936 1747 1009 1785 sed
1040 1748 1136 1785 vicit
1166 1762 1258 1798 pars
1293 1748 1509 1785 deterior.“

595 1813 734 1845 Incerti
758 1812 914 1854 epistola
940 1812 1005 1852 (m.
1032 1813 1110 1844 Ian.
1138 1824 1170 1846 a.
1199 1814 1295 1845 1521.
1323 1813 1481 1854 scripta)
1515 1813 1614 1844 edita
1647 1824 1667 1844 a
1692 1813 1775 1844 Rie-

662 1863 790 1895 derero
816 1864 978 1898 Nachtrr,
1003 1875 1063 1895 :ur
1087 1864 1350 1905 Kireleengyesclz.
1392 1866 1517 1904 Altorf
1537 1866 1633 1898 1764.
1665 1866 1712 1897 8⁰.
1745 1866 1773 1896 Ι.

661 1918 711 1946 n0.
730 1914 861 1946 XVIII.
885 1925 918 1955 p.
937 1914 1013 1946 180.
1056 1913 1113 1945 Cf.
1134 1914 1280 1954 Strauss,
1299 1915 1429 1945 Hutterz
1446 1915 1493 1946 ΙΙ.
1516 1926 1550 1956 p.
1570 1916 1633 1963 22.
1647 1918 1721 1948 not.
1742 1917 1772 1946 2.

57 1975 203 2020 ZdAugf?
227 1972 437 2024 (Agrippae
460 1986 482 2010 a
502 1972 769 2024 Nettesheyn]
800 1972 852 2010 ad
876 1971 1092 2010 Oaesarium
1125 1972 1260 2023 epist.)
1292 1972 1457 2010 Amicus
1488 1964 1628 2010 amico:
1678 1972 1772 2019 „In-

614 1903 626 1921 X

224 2041 363 2079 tellexi
391 2041 468 2078 hoc
497 2054 615 2078 mane
639 2070 647 2078 .
673 2041 724 2077 .“.
785 2039 993 2087 „Coloniae
1024 2054 1058 2076 a.
1093 2040 1238 2077 152o.“

594 2105 765 2147 Agrippae
793 2116 814 2137 a
838 2105 1073 2145 Nettesheym
1098 2105 1188 2146 Opp.
1215 2105 1271 2137 ed.
1296 2105 1413 2147 Lugd.
1442 2106 1584 2147 Bering.
1611 2115 1638 2136 s.
1666 2117 1696 2137 a.
1727 2105 1773 2138 8⁰.

662 2156 734 2189 vol.
751 2156 798 2189 II.
823 2166 858 2197 p.
877 2157 951 2187 778.
977 2166 1032 2196 sq.
1057 2156 1258 2197 Epistolar.
1285 2156 1365 2189 VII.
1391 2157 1444 2190 60.
1494 2156 1549 2189 Cf.
1576 2156 1674 2188 infra
1698 2156 1775 2188 Ind.

663 2207 776 2249 biogr.
805 2217 837 2241 V.
864 2207 1057 2238 Caesarius.

113 2297 132 2311 ΙΙ
171 2273 201 2302 2.
223 2267 381 2304 Erasmi
412 2266 464 2303 ad
494 2266 692 2303 Ioannem
725 2261 912 2315 [Fisher]
947 2266 1178 2316 episcopum
1208 2264 1441 2302 Roffensern
1483 2265 1600 2315 epist.
1639 2265 1773 2311 ,‚Rev.

225 2341 341 2385 pater
373 2365 380 2371 .
406 2363 413 2370 .
439 2363 446 2370 .
487 2334 633 2383 Brugis
673 2332 812 2370 doctor
853 2346 890 2383 q.
923 2363 930 2370 .
957 2334 1014 2371 .“.
1080 2332 1290 2379 „Lovanii
1326 2332 1522 2383 postridie
1562 2332 1635 2369 cal.
1666 2331 1774 2383 Aug.

225 2402 276 2439 A.
308 2400 572 2440 M.D.XIX.“
609 2396 744 2455 [immp
774 2400 988 2438 M.D.XX.
1020 2414 1114 2437 nam

594 2465 819 2498 Reuchlinus
844 2476 916 2497 non
942 2476 974 2497 a.
1002 2467 1098 2498 1519.
1126 2466 1189 2498 sed
1215 2476 1246 2497 a.
1268 2466 1363 2498 1520.
1388 2476 1512 2497 mense
1537 2465 1631 2497 Iulio
1655 2465 1775 2507 Ingol—

662 2516 773 2548 stadii
804 2516 1040 2557 tranquillam
1068 2514 1123 2559 [l]
1156 2517 1268 2549 vitam
1301 2517 1447 2558 agebat.
1494 2516 1562 2547 Die
1595 2517 1626 2549 5.
1652 2516 1775 2547 Martii

662 2567 887 2599 Reuchlinus
912 2567 1131 2609 Ingolstadii
1154 2567 1284 2599 docere
1311 2563 1461 2608 coepit.]

595 2619 697 2650 Hutt.
726 2617 819 2660 Opp.
844 2618 872 2651 I.
897 2629 929 2659 p.
949 2619 1025 2651 301.
1051 2622 1099 2649 n⁰.
1118 2618 1339 2650 CXXXIIII.
1367 2618 1442 2657 (ubi
1467 2628 1579 2649 verss.
1602 2619 1630 2649 1.
1660 2621 1696 2649 et
1720 2619 1773 2648 24.

665 2668 780 2700 falsus
805 2678 974 2701 numerus
1000 2670 1098 2703 1519.
1125 2679 1197 2700 non
1224 2669 1435 2700 emendatus
1463 2668 1544 2708 est.)

237 2771 305 2802 bus
331 2780 436 2811 quam
453 2769 617 2801 Romana
635 2769 745 2802 Curia
768 2771 895 2811 factis,
923 2770 1013 2802 adeo
1031 2773 1070 2801 ut
1087 2780 1151 2811 per
1167 2770 1372 2802 huiusmodi
1389 2770 1610 2801 sententiam
1629 2769 1774 2800 damna-

238 2827 291 2858 tio
328 2825 544 2857 doctrinalis
586 2826 746 2857 eiusdem
778 2826 926 2868 Speculi
959 2825 1128 2857 Ocularis
1165 2826 1236 2856 iam
1275 2826 1417 2868 pridemx
1447 2836 1512 2867 per
1542 2825 1775 2857 Facultatem

238 2881 499 2923 Theologicam
525 2885 658 2913 nostrae
684 2882 949 2914 Universitatis
976 2882 1093 2922 facta,
1126 2882 1199 2913 iam
1223 2881 1423 2913 iustificata
1451 2885 1488 2914 et
1512 2882 1714 2923 approbata
1741 2886 1777 2912 et

239 2938 455 2970 confirmata
482 2938 621 2978 extitit,
649 2940 684 2970 et
712 2938 754 2969 de
780 2938 967 2980 praemissa
993 2938 1131 2979 recepit
1155 2938 1236 2979 ipsa
1254 2937 1431 2970 Facultas
1459 2938 1502 2970 ab
1521 2938 1620 2969 Urbe
1645 2938 1775 2969 instru-

238 2998 396 3027 mentum
428 2995 504 3026 sive
534 2994 777 3036 subscriptum
804 2998 839 3026 et
867 2994 1065 3036 sigillatum
1089 2994 1126 3025 in
1151 2993 1299 3036 publica
1327 2995 1459 3034 forma,
1493 2994 1535 3026 de
1569 3004 1635 3035 quo
1667 2993 1775 3025 bene-

239 3051 357 3083 dictus
382 3052 492 3083 Deus.
549 3050 678 3082 Annal.
708 3062 742 3093 p.
770 3052 843 3082 112.
