2119 3522
301 179 394 224 696
817 191 1080 214 conmmanuzws
1103 192 1150 214 AD
1174 193 1246 214 EPP.
1263 192 1295 214 ο.
1311 193 1344 215 v.
1369 193 1447 215 von.
1463 194 1500 215 11.

298 256 385 294 Pag.
406 252 496 287 222.

298 310 339 340 36
365 306 533 339 dominus
553 330 581 338 ..
598 331 603 336 .
624 304 741 347 suum]
767 302 899 337 Psalm.
919 314 1077 336 Lxxxnn.
1098 305 1149 337 13.

297 364 339 395 38
364 359 615 402 combussistis]
642 358 674 391 d.
697 362 746 392 10.
764 357 870 392 Febr.
888 369 918 391 a.
938 361 1036 395 1514,
1061 357 1105 392 cf.
1124 357 1253 401 Consp.
1273 357 1434 392 chronol.
1451 370 1486 402 p.
1507 362 1579 393 129.

341 415 622 458 fructificabitz's]
648 414 779 447 werdet
795 413 835 447 F
834 414 937 448 rucht
954 414 1116 458 brinqen,
1140 414 1183 446 ut
1198 413 1235 446 in
1252 413 1376 447 bibliis
1394 414 1432 447 et
1456 414 1590 448 sanctis
1606 413 1785 458 patribus,
1811 415 1876 449 sed
1893 416 2005 450 etiam

387 469 485 513 apud
510 469 681 513 Calpurn.
700 469 766 504 ecl.
783 481 830 504 1v.
848 474 918 510 91.;
952 468 1052 513 apud
1075 468 1190 502 medii
1215 468 1283 503 aevi
1306 468 1502 512 scriptores
1529 468 1787 504 ‘fructificare’
1813 471 1869 504 est
1893 471 2006 505 etiam

386 525 575 567 fruchtbm·
597 525 756 559 macheu.
789 524 833 559 cf.
851 524 1021 559 Diefenb.
1040 523 1197 558 Glossar.
1214 524 1248 556 h.
1267 535 1301 558 v.

299 586 384 624 I'ag.
406 581 497 618 223.

298 642 317 671 3
342 637 485 680 Pei-lin]
512 636 569 670 Sic
595 636 707 680 vulgo
732 637 811 670 tum
837 635 1067 669 scribebatur
1091 634 1316 669 Berolinum.

337 691 512 736 pz'scah'a]
540 692 562 726 i.
582 702 611 726 e.
629 692 758 735 pisces,
783 691 939 735 piscium
963 701 1112 735 genera,
1138 691 1180 724 ut
1206 689 1379 724 ‘bibalia’
1405 692 1517 725 2073¹.
1536 692 1574 725 et
1590 691 1735 728 similia.
1762 690 1814 725 Cf.
1832 692 1879 726 ad
1896 694 2007 727 21515.

388 747 447 781 cit.
465 747 621 781 Hutteni
645 746 741 781 Laus
765 746 948 781 Marchiae.
995 746 1096 779 Alias
1123 745 1295 790 ‘piscale'
1324 746 1379 780 est
1402 746 1504 780 locus
1528 746 1592 780 ubi
1622 746 1778 790 piscatio
1804 748 2007 782 exercetur.

388 803 439 837 Cf.
458 802 636 847 Ducange
661 803 694 836 h.
713 814 746 837 v.

543 891 777 926 EPISTOLA
804 893 867 929 23.
907 890 1229 926 BERTHOLDVS
1254 890 1509 926 HACKSTRO
1537 890 1766 926 ORTVINO.

299 976 318 1004 5
343 971 563 1012 Hackstrolz,
588 971 831 1004 stramentum
857 970 1060 1011 concisum,
1086 969 1261 1011 Hiicksel,
1285 968 1521 1013 Heckerliny,
1544 969 1723 1014 Magister
1746 971 1870 1004 noster
1894 969 2009 1004 nomi-

390 1027 470 1059 nari
496 1026 644 1059 videtur
668 1037 690 1059 a
714 1026 919 1060 ministerio
945 1025 1148 1059 stabulario
1175 1025 1208 1059 ei
1234 1024 1371 1059 oblato.

346 1082 478 1125 reliqui
504 1082 696 1125 vobiscum]
722 1081 744 1115 i.
763 1092 793 1115 e.
812 1092 831 1115 e
858 1080 1011 1116 Colonia
1039 1080 1274 1124 proficiscens
1303 1079 1373 1113 tibi
1402 1079 1571 1123 promisi,
1604 1080 1654 1114 da
1682 1080 1741 1114 ich
1773 1080 1847 1122 (bei
1876 1081 2012 1115 meiner-

388 1138 550 1173 Abreise)
576 1138 630 1171 bei
651 1137 757 1170 Euch
781 1137 1013 1179 hiuterlassen
1036 1136 1136 1177 habe,
1162 1136 1249 1178 class.

305 1198 342 1226 12
368 1203 438 1227 esse
464 1193 501 1226 in
526 1193 685 1236 stabulo]
719 1192 770 1226 Cf.
788 1191 946 1226 Hutteni
978 1191 1024 1226 ad
1049 1191 1242 1225 Erasmum
1269 1202 1325 1235 ep.
1344 1191 1378 1226 d.
1401 1195 1454 1225 24.
1474 1190 1553 1226 Oct.
1573 1195 1669 1225 1515.
1688 1190 1804 1235 (Opp.
1829 1191 1856 1226 Ι.
1880 1203 1916 1236 p.
1936 1195 2010 1226 102.

390 1250 457 1292 sq.)
485 1275 520 1289 ,,.
539 1276 544 1281 .
565 1248 727 1281 scribens
751 1247 907 1281 Romam
938 1247 1214 1281 commendabis
1244 1257 1303 1281 me
1328 1247 1393 1280 uni
1418 1258 1462 1281 ex
1486 1246 1676 1289 litteratis,
1710 1246 1768 1280 cui
1792 1257 1867 1281 non
1891 1247 2010 1281 mulos

390 1303 537 1337 scabam
569 1304 634 1337 aut
659 1314 772 1347 equos
802 1303 947 1345 fricem,
979 1303 1044 1337 sed
1068 1303 1165 1337 inter
1195 1303 1308 1337 libros
1332 1302 1554 1337 assideam“.
1601 1302 1693 1337 Ah'ae
1724 1312 1871 1346 quoque
1902 1302 2010 1336 huius

391 1359 667 1393 Hackstroianae
693 1358 856 1402 epistolae
881 1360 1005 1402 partes
1029 1358 1167 1393 similes
1191 1360 1277 1392 sunt
1299 1358 1398 1392 illius
1420 1358 1668 1393 Huttenianae.
1695 1357 1871 1402 adscripsi
1897 1357 2009 1392 etiam

390 1415 455 1449 hos
480 1414 681 1448 Mul-mellii
707 1414 822 1458 (Eleg.
840 1414 967 1448 moral.
986 1427 1031 1448 1v.
1050 1416 1095 1458 5.)
1120 1425 1263 1448 versus:

589 1482 592 1483 ⁷
640 1472 697 1511 „O
724 1473 848 1514 quales
871 1472 979 1513 vulgo
1004 1472 1129 1514 templi
1153 1476 1313 1514 spectare
1341 1472 1524 1504 ministros

706 1528 886 1569 Cogimur,
913 1528 1068 1560 insulsos
1093 1528 1404 1569 grammaticaeque
1428 1527 1553 1562 rudes!

638 1585 707 1616 Hic
733 1594 883 1626 coquus,
908 1584 966 1616 hic
992 1587 1148 1615 structor
1174 1584 1294 1615 Romae
1319 1584 1403 1623 fuit,
1429 1583 1518 1615 alter
1542 1593 1664 1624 agaso,

706 1640 775 1671 Hic
800 1640 867 1671 fuit
892 1651 913 1672 a
940 1640 1103 1681 pedibus,
1128 1640 1186 1671 ille
1211 1639 1365 1671 nutrivit
1389 1649 1512 1680 equos,

639 1696 712 1727 Iste
740 1696 915 1728 sacerdoti
941 1696 1113 1728 successit
1138 1695 1232 1728 filius
1256 1695 1373 1727 heres:

705 1751 854 1783 Artibus
879 1752 1044 1793 ingenuis
1069 1761 1171 1783 rarus
1196 1751 1344 1783 habetur
1369 1750 1494 1791 honos,

642 1808 794 1839 Praemia
820 1808 945 1840 virtuti
969 1807 1119 1838 veniunt
1142 1810 1317 1846 rarenter,
1344 1807 1387 1838 ad
1412 1817 1494 1838 aras

707 1863 920 1895 Provehitur
946 1863 1108 1905 quisquis
1132 1864 1284 1894 maxima
1309 1862 1401 1894 dona.
1425 1862 1529 1894 dedit.

642 1919 843 1958 Quamlibet
868 1919 1004 1961 ignari,
1031 1919 1131 1950 modo
1156 1919 1269 1951 vestis
1293 1922 1327 1949 et
1353 1919 1436 1950 aeris
1463 1918 1654 1958 abundent,

706 1975 874 2007 Praesunt
898 1985 992 2006 nunc
1017 1975 1146 2014 sacris,
1173 1975 1304 2016 optime
1329 1974 1482 2014 Christe,
1508 1974 1593 2005 tuis.

641 2032 709 2062 Vix
734 2032 805 2063 tria
830 2031 937 2062 verba
961 2035 1095 2072 queunt
1121 2031 1253 2062 Latiali
1277 2031 1391 2062 dicere
1415 2030 1549 2071 lingua,

708 2087 902 2119 Barbarico
928 2087 1045 2129 turpis
1071 2087 1263 2128 perstrepit
1289 2096 1347 2118 ore
1371 2096 1492 2117 sonus.

641 2143 838 2175 Accubitus
859 2144 1007 2185 capiunt
1032 2144 1126 2175 inter
1149 2142 1315 2174 convivia
1339 2142 1482 2184 primos,

709 2199 782 2229 Nec
806 2199 877 2230 nisi
903 2199 945 2230 de
970 2199 1101 2231 baccho
1128 2198 1234 2230 verba
1258 2201 1293 2229 et
1317 2208 1434 2229 amore
1460 2201 1607 2230 serunt.
1627 2198 1684 2229 .“.

312 2258 350 2287 13
375 2264 515 2287 sert-arc
542 2254 581 2286 ιἰι
605 2253 746 2296 ordine]
772 2253 813 2286 ‘in
841 2252 1021 2297 Ordinem]
1044 2252 1180 2293 holten,
1206 2252 1300 2285 bene
1327 2262 1468 2286 curare.

311 2313 350 2342 14
377 2309 661 2352 mmedisicmtclo]
680 2308 890 2352 purgando,
909 2307 1134 2341 mundando.
1159 2306 1378 2341 Germanice
1390 2311 1537 2350 putem.
1574 2306 1887 2348 Mondificativus,
1913 2305 2017 2340 Mun-

398 2363 579 2406 dificatio,
605 2363 906 2397 Mundificativus
929 2363 1044 2396 habet
1066 2362 1179 2396 etiam
1203 2362 1392 2406 Ducange.

356 2420 441 2463 ipsc]
467 2430 539 2453 non
565 2419 696 2461 mulus,
724 2418 787 2453 sed
813 2419 969 2453 auditor.

348 2476 519 2519 paratus]
544 2486 617 2509 non
643 2474 800 2515 auditor,
827 2474 892 2508 sed
915 2474 1046 2507 mulus.

314 2535 352 2564 15
376 2531 513 2575 sellum]
540 2530 659 2565 Sellus
685 2531 763 2567 (der
788 2530 916 2569 Sattel)
943 2530 1031 2564 alibi
1056 2541 1122 2574 pro
1148 2529 1238 2564 sella
1262 2540 1335 2564 non
1360 2529 1509 2574 legitur.

356 2590 387 2620 et
409 2587 543 2630 postea]
570 2586 721 2627 deinde,
746 2597 819 2620 non
847 2586 1044 2620 ‘currendo
1069 2585 1203 2629 sequi'.

355 2643 404 2676 ad
428 2643 513 2676 aad.
531 2646 564 2676 et
588 2643 666 2676 iter.
684 2642 734 2675 ad
759 2642 862 2686 dom]
890 2641 1125 2676 Germanice:
1157 2642 1250 2675 nach
1280 2642 1344 2675 der
1369 2642 1431 2683 (in
1456 2642 1534 2683 die)
1560 2641 1748 2684 Audicnz,
1782 2641 2020 2676 Gerichtsver-

400 2699 615 2742 sammlzmq,
643 2699 717 2732 zmcl
740 2698 873 2732 wieder
896 2698 989 2731 nach
1012 2697 1133 2739 Hans,
1157 2697 1233 2731 sive
1259 2697 1334 2739 auf
1351 2697 1429 2731 dem
1454 2697 1550 2731 Ηιή-
1574 2697 1653 2731 und
1676 2697 1856 2741 Herweye.

314 2758 353 2787 16
381 2764 451 2787 non.
475 2758 525 2787 est
543 2764 613 2796 pro
638 2754 701 2797 me]
727 2754 826 2788 nicht
851 2754 996 2795 (nichz‘s)
1022 2753 1085 2795 fiir
1108 2753 1212 2794 mich,
1238 2752 1329 2786 mihi
1352 2752 1503 2786 minime
1530 2752 1716 2793 convenit,
1742 2752 1838 2787 infra
1862 2752 2020 2797 dignita-

401 2810 476 2843 tem
502 2820 621 2843 meam
648 2811 713 2844 est.
745 2809 1046 2853 Wimphelingus
1069 2808 1107 2842 in
1133 2819 1189 2852 ep.
1208 2808 1254 2842 ad
1278 2808 1495 2842 Matthaeum
1521 2807 1730 2851 (Schinner)
1755 2807 1891 2842 Sedun.
1911 2808 2020 2853 episc.

403 2865 435 2899 d.
453 2869 483 2899 9.
502 2865 568 2899 Iul.
586 2876 616 2898 a.
637 2870 732 2900 1507.
757 2865 946 2909 (Rieggeri
970 2863 1160 2898 Amoenitt.
1178 2864 1231 2898 lit.
1249 2862 1416 2908 Friburg.
1436 2868 1531 2898 1779.
1548 2875 1585 2908 p.
1600 2866 1690 2907 309.)
1715 2863 1813 2897 inter
1834 2863 1909 2897 alia
1923 2863 2019 2898 haec:

402 2947 462 2961 ‚,..
484 2921 645 2964 agrestes
671 2922 708 2954 et
731 2921 923 2965 imperitos
940 2920 985 2954 ab
1011 2920 1217 2954 animarum
1235 2930 1322 2953 cura
1344 2919 1515 2964 repellas,
1542 2919 1670 2963 quales
1687 2919 1775 2953 olim
1800 2919 1886 2953 ante
1909 2918 2020 2952 libro-

403 2987 484 3008 rum
515 2975 792 3019 impressionem
824 2976 917 3010 forte
942 2975 1085 3010 inventi
1115 2976 1201 3009 sunt
1225 2975 1302 3019 [sed
1327 2976 1365 3010 et
1387 2975 1518 3019 postea
1541 2976 1718 3019 quoqueJ,
1751 2973 1815 3018 qui
1839 2973 1931 3008 nihi]
1955 2985 2019 3007 un-
