2119 3522
326 223 417 267 736
836 235 1102 259 COMMENTARIVS
1126 235 1171 257 AD
1196 236 1268 257 EPP.
1286 236 1317 257 o.
1334 235 1366 258 v.
1392 236 1468 258 vor..
1485 235 1522 257 11.

321 299 406 338 Pag.
427 296 517 332 267.

1015 358 1209 380 HmRONYMI
1233 358 1345 380 EMSER

990 414 1183 436 SAPPfflcvn
1207 414 1254 435 AD
1286 414 1360 436 BILI

922 470 1067 492 BALDVM
1091 469 1301 500 macunen,
1329 469 1424 497 QVEM

721 514 834 549 Probi
858 514 913 547 illi
937 513 1105 558 Magistri
1128 512 1253 547 Nostri
1277 523 1344 557 per
1368 514 1625 557 contemptum

1055 581 1173 603 NEscro
1204 580 1300 608 QVEM

1025 624 1321 670 appellauerunt.

364 686 489 718 Nescio
516 686 596 728 quis
621 686 740 718 noster
764 684 960 717 Bilibaldus
986 684 1045 715 ille
1240 682 1364 714 Nescio
1390 683 1469 724 quis
1494 682 1612 715 noster
1635 681 1833 714 Bilibaldus
1857 680 1916 714 ille

363 740 610 775 Pirckheimer
635 741 749 773 clarus
775 741 893 773 titulis
917 741 1027 772 auitis
1239 737 1387 770 Caesaris
1412 738 1541 770 dudum
1564 736 1650 769 mihi
1674 738 1771 770 uisus
1797 737 1881 770 aula

364 797 501 830 Clarior
526 798 618 830 fama
643 797 838 839 studiisque
862 800 987 839 parata
1237 793 1372 826 Aureos
1398 794 1489 825 inter
1515 804 1675 835 proceres
1701 793 1839 825 senator

696 853 776 885 Non
802 853 996 884 morituris.
1563 850 1670 882 Vrbis
1694 848 1724 880 &
1748 849 1854 881 orbis.

364 910 487 941 Nescio
514 910 594 951 quis
619 909 733 941 noster
757 908 954 940 Bilibaldus
978 907 1039 939 ille
1234 905 1362 938 Nescio
1389 906 1469 948 quis
1494 905 1611 938 noster
1635 905 1833 937 Bilibaldus
1858 903 1917 936 ille

364 966 528 998 Rauricis
553 966 703 1007 primum
728 964 813 995 mihi
838 964 933 995 uisus
959 963 1056 1004 agris
1238 960 1347 993 Cuius
1372 958 1546 993 illustrem
1569 962 1734 1003 pharisea
1757 961 1862 993 corda

364 1021 601 1063 Primipilaris
627 1021 741 1053 nitido
767 1020 957 1052 coruscans
1237 1017 1344 1049 Ferre
1372 1016 1589 1059 splendorem
1613 1020 1796 1058 nequeunt
1820 1019 1859 1048 ut
1883 1016 2014 1048 almum

692 1077 848 1108 Marcius
873 1086 954 1107 aere.
1174 1068 1175 1078 ¹
1564 1073 1711 1105 Noctua
1736 1072 1850 1104 solem.

363 1132 488 1164 Nescio
516 1133 596 1174 quis
621 1132 737 1164 noster
762 1131 959 1163 Bilibaldus
986 1130 1045 1162 ille
1237 1129 1361 1160 Nescio
1388 1130 1468 1170 quis
1493 1128 1610 1161 noster
1633 1127 1833 1160 Bilibaldus
1857 1126 1918 1159 ille

363 1189 495 1220 Norica
519 1188 665 1230 posthac
689 1187 776 1218 mihi
800 1191 907 1218 notus
933 1187 1018 1218 urbe
1240 1185 1328 1217 Cum
1354 1184 1414 1216 suo
1440 1185 1617 1217 Reuchlin
1641 1185 1750 1226 probe
1774 1186 1896 1225 uterqe
1921 1182 2029 1214 scitus

363 1243 495 1276 Consul
520 1242 548 1275 &
572 1243 693 1285 magni
718 1242 899 1274 Ciceronis
924 1243 1035 1274 instar
1238 1241 1344 1273 Viuet
1370 1246 1541 1274 aeternum
1566 1240 1710 1273 ualeant
1733 1239 1895 1280 Magistri

691 1297 759 1330 Ore
784 1298 941 1340 foroque.
1565 1296 1723 1329 Barbara
1747 1295 1862 1328 turba.

316 1369 358 1399 27
389 1364 439 1398 W
437 1365 678 1408 imphelinyas
696 1391 702 1397 .
722 1390 729 1397 .
749 1391 755 1396 .
773 1364 1076 1407 Aayastz'nenses]
1111 1362 1162 1397 Cf.
1180 1362 1276 1396 infra
1301 1362 1347 1396 ad
1371 1374 1405 1407 p.
1425 1366 1499 1397 288.

316 1424 358 1455 ‘28
383 1420 507 1454 Erant
533 1447 540 1453 .
560 1447 566 1453 .
586 1446 592 1452 .
613 1419 884 1463 prceclz'eatores]
910 1430 977 1463 pro
1002 1418 1242 1452 immaculata
1259 1418 1412 1463 virginis
1437 1418 1691 1462 conceptione,
1718 1427 1829 1462 quam
1854 1416 2029 1461 praedica—

408 1481 506 1510 tores
531 1476 659 1510 contra
672 1474 932 1509 Franciscanos
950 1475 1083 1509 acriter
1106 1474 1305 1519 negabant,
1332 1474 1443 1508 variis
1468 1474 1692 1508 carminibus
1716 1483 1812 1507 anno
1840 1476 1936 1507 1498.
1954 1472 2029 1506 edi-

405 1532 452 1566 tis
483 1532 756 1573 decertaverat,
789 1532 827 1564 in
858 1531 991 1575 quibus
1021 1530 1282 1574 praedicatores
1315 1530 1560 1572 ‘maculistas‚
1591 1531 1805 1574 protervam
1834 1528 2028 1572 pecudem,

406 1588 558 1621 miseros
583 1586 731 1629 asellos,
765 1586 912 1620 rabidos
939 1587 1066 1620 canes’
1094 1587 1131 1620 et
1162 1597 1242 1629 quae
1268 1587 1353 1620 sunt
1382 1585 1517 1619 similia
1547 1585 1723 1629 appellat.
1779 1584 1830 1619 Cf.
1855 1583 2026 1618 Zarnckii

407 1643 494 1678 edit.
511 1643 654 1677 Brcmts
670 1642 936 1685 Narreasehiffi
962 1642 1050 1685 Lpz.
1072 1646 1167 1676 1854.
1187 1646 1233 1676 8⁰.
1250 1653 1286 1686 p.
1306 1646 1379 1676 174.
1397 1653 1475 1685 sqq.
1494 1642 1532 1676 et
1547 1653 1582 1686 p.
1596 1654 1718 1675 xxxm.
1737 1665 1780 1669 —
1797 1639 1893 1675 Vide
1916 1639 2030 1674 etiam

405 1700 517 1734 nostr.
536 1698 614 1732 Iud.
632 1698 751 1743 biogr.
769 1699 854 1732 artt.
871 1698 1057 1733 Bernense
1083 1699 1218 1741 scelrm,
1245 1697 1379 1740 Erant,
1405 1697 1514 1732 Wirt.

316 1761 368 1792 34.
387 1767 464 1800 sqq.
489 1755 659 1789 revelatio
678 1781 684 1787 .
705 1781 711 1787 .
731 1780 737 1787 .
758 1754 900 1788 ordinis
926 1754 1127 1798 [Ordininis
1152 1765 1291 1798 operar.
1311 1754 1440 1797 errore]
1467 1764 1582 1797 usque
1608 1753 1655 1788 ad

315 1816 403 1855 Pag.
424 1812 515 1849 268.

315 1872 334 1903 8
361 1896 367 1901 .
388 1895 419 1901 ..
447 1867 490 1901 (le
514 1867 586 1909 fine
610 1866 758 1911 mzmcli]
784 1866 843 1899 Ad
867 1866 964 1900 hunc
995 1866 1119 1900 locum
1145 1866 1405 1911 explicandum
1435 1866 1527 1900 nihil
1558 1865 1695 1908 habeo,
1725 1864 1797 1899 nisi
1821 1864 1920 1909 quod
1950 1864 2029 1898 Ind.

405 1923 524 1967 biogr.
542 1934 577 1966 p.
596 1926 671 1956 459.
690 1933 741 1966 sq.
761 1923 828 1956 art.
849 1922 981 1956 ‘Rilla'
1007 1923 1157 1966 protuli.

598 2010 833 2046 EPISTOLA
858 2014 922 2050 52.
971 2010 1214 2046 HENRICVS
1241 2011 1490 2047 SCHLVNTZ
1517 2010 1747 2046 ORTVINO.

319 2086 357 2115 12
383 2079 567 2123 Sehlzmtz]
596 2078 782 2123 ‘Magistri
807 2079 922 2113 nostri
948 2078 1122 2113 Schluntz
1147 2080 1185 2113 in
1210 2079 1453 2113 universitate
1479 2079 1738 2113 Erdfurdensi’
1765 2080 2027 2121 commentum,

405 2136 504 2180 quod
535 2134 621 2168 inde
654 2135 700 2168 ab
726 2145 756 2168 a.
777 2139 872 2170 1556.
896 2135 952 2169 his
984 2135 1149 2180 epistolis
1175 2134 1216 2170 Ο.
1234 2135 1278 2169 V.
1297 2135 1393 2170 adici
1417 2135 1527 2178 solet,
1558 2135 1697 2180 legitur
1720 2146 1755 2179 p.
1773 2139 1849 2170 317.
1867 2146 1919 2179 sq.
1937 2135 2029 2179 (vol.

405 2192 486 2237 VI.)
512 2212 554 2215 ——
591 2190 914 2235 „Erphurdienses
944 2202 1048 2225 suam
1082 2191 1185 2225 illam
1209 2191 1387 2236 pinguem
1420 2192 1458 2226 et
1489 2202 1647 2225 crassam
1677 2191 1894 2225 cerevisiam
1918 2202 2029 2235 pecu-

404 2247 488 2282 liari
513 2247 693 2281 vocabulo
720 2246 901 2281 Schluncz
927 2247 1196 2291 appellitant&
1237 2248 1281 2281 cf.
1300 2247 1378 2281 Ind.
1396 2247 1513 2292 biogr.
1531 2259 1566 2292 p.
1585 2250 1660 2281 346.
1679 2248 1745 2281 art.
1765 2246 1960 2281 Cerevisia.
1986 2271 2030 2275 —

404 2303 604 2338 Sehlzmzen
635 2303 734 2347 apud.
758 2303 930 2337 Treviros
963 2303 1075 2348 vulgo
1107 2303 1207 2338 idem
1239 2304 1295 2338 est
1325 2314 1366 2337 ac
1397 2304 1582 2338 selzlenzen
1612 2314 1669 2347 ap.
1687 2302 1878 2337 Schmeller
1901 2302 2028 2337 Baier.

409 2359 503 2393 WB.
521 2359 583 2392 HI.
602 2371 636 2402 p.
654 2362 730 2392 454.

318 2419 358 2450 15
382 2415 439 2449 hic
465 2418 496 2448 et
521 2441 528 2448 .
547 2442 553 2448 .
574 2442 580 2447 .
606 2415 774 2458 honestis]
801 2414 846 2448 cf.
865 2415 911 2449 ad
932 2416 1020 2449 16²⁷.

316 2476 354 2505 17
375 2471 624 2515 profteualem]
651 2470 751 2504 idem
777 2470 875 2514 quod
900 2471 1117 2514 proficuum,
1145 2471 1312 2513 autzbar,
1337 2471 1492 2515 hequem,
1517 2472 1560 2505 ut
1584 2471 1669 2505 sunt
1691 2471 1778 2505 libri
1795 2482 1886 2516 quos
1911 2472 2028 2506 asino-

404 2539 487 2560 rum
510 2528 643 2571 pontes
668 2526 908 2571 appellamus.
941 2526 985 2560 cf.
1003 2526 1081 2560 Ind.
1099 2526 1217 2571 biogr.
1234 2539 1269 2571 p.
1289 2531 1364 2561 320.
1381 2528 1457 2561 not.
1475 2531 1504 2561 5.
1524 2528 1591 2561 art.
1608 2527 1828 2561 Bur-idanus.

316 2588 356 2618 19
380 2583 580 2618 Rationale
603 2583 774 2627 divinoru]
802 2581 993 2616 Guilielmi
1018 2582 1186 2617 Durandi
1210 2582 1255 2616 cf.
1273 2583 1351 2616 Ind.
1369 2583 1486 2627 biogr.
1504 2594 1539 2627 p.
1557 2587 1633 2617 359.
1651 2584 1719 2617 art.
1737 2582 1946 2618 Durandus.

314 2643 356 2673 23
380 2638 672 2672 intentionaliter
698 2637 954 2682 defensoriam]
982 2649 1025 2672 eo
1050 2638 1220 2681 consilio,
1254 2639 1296 2672 ut
1321 2640 1416 2673 esset
1440 2638 1711 2683 apologeticus,
1742 2638 1907 2673 defensio
1932 2650 2029 2675 verae

404 2694 603 2739 religionis.

315 2754 358 2784 24
382 2751 558 2793 sequaces]
586 2750 629 2784 cf.
655 2749 808 2785 Hutten.
827 2749 921 2795 Opp.
939 2750 965 2784 I.
984 2762 1019 2795 p.
1040 2755 1101 2785 179
1111 2752 1150 2785 ²⁷.

360 2806 483 2840 dando
502 2807 551 2840 eis
568 2806 678 2840 bonas
695 2807 883 2851 seommas]
910 2807 1002 2841 salse
1029 2807 1215 2850 deridens,
1240 2807 1364 2851 lepide
1388 2806 1550 2841 ludibrio
1576 2818 1637 2841 eos
1661 2806 1811 2841 habens.
1859 2806 2030 2842 Scomma

403 2874 438 2906 p.
459 2865 544 2896 184⁷
560 2863 660 2896 recte
685 2863 804 2896 neutr.
823 2863 1025 2908 (σκῶμμα),
1052 2862 1116 2897 sed
1142 2864 1255 2897 etiam
1279 2875 1315 2907 p.
1333 2865 1434 2898 ‘27229
1453 2865 1508 2897 est
1534 2863 1672 2897 ‘dando
1698 2863 1732 2897 ei
1754 2863 1891 2897 bonam
1913 2874 2027 2897 scom-

402 2918 532 2951 mam’.
592 2917 762 2952 Diefenb.
787 2917 944 2953 Glossar.
978 2918 1179 2961 „Scomma
1212 2919 1303 2963 [non
1335 2919 1462 2953 addito
1499 2930 1634 2964 genere
1672 2919 1847 2963 nominis]
1880 2919 2027 2962 spdtzle,

402 2973 566 3006 sclmzz'tz-
592 2973 651 3007 vel
674 2977 858 3017 speywort.

314 3031 356 3063 25
383 3029 467 3072 met]
500 3028 556 3062 Ita
587 3029 704 3063 solum
745 3031 857 3063 ‘met’
891 3042 972 3063 cum
1005 3031 1135 3073 verbo,
1171 3042 1243 3064 non
1274 3032 1508 3075 praecedente
1537 3031 1755 3075 pronomine
1781 3030 1839 3064 vel
1865 3030 2024 3073 nomine,
