2119 3522
303 229 398 273 724
815 242 1079 265 comffiNTAmvs
1102 242 1148 264 AD
1173 242 1244 264 EPP.
1262 242 1292 264 o.
1311 242 1341 264 v.
1367 241 1445 264 vot..
1463 241 1499 263 Π.

298 305 385 345 Pag.
406 301 496 338 258-

387 355 598 389 materiales
622 355 659 387 in
685 353 912 398 exponendis
937 353 1221 395 commentariis,
1246 353 1285 387 bi
1309 353 1486 387 videlicet
1502 352 1752 396 Physicorum,
1778 353 1824 388 de
1843 353 1941 388 Coelo
1968 355 2006 388 et

385 410 535 452 mundo,
563 410 607 444 de
632 409 768 442 Anima
791 408 1020 451 Aristotelis,
1043 408 1161 442 Vetus
1186 419 1242 443 ars
1268 410 1306 443 et
1328 408 1436 443 Nova
1458 408 1589 453 logica.
1639 407 1712 442 Sed
1736 408 2004 453 disputationes

387 468 424 500 et
448 465 647 499 Summulae
672 464 774 498 Petri
799 464 954 508 Hispani
978 475 1053 498 una
1077 475 1160 498 cum
1184 463 1313 498 Parvis
1335 464 1554 509 logicalibus
1579 464 1617 498 et
1638 463 1861 498 lectionibus
1884 475 2004 509 gram-

384 521 529 555 maticis
554 522 866 555 connumerentur
891 519 1073 553 duntaxat
1096 519 1351 553 materialibus
1376 520 1515 554 artibus
1535 521 1613 554 ..“.
1644 518 1791 553 Statuta
1803 518 2005 554 Facultatis

384 577 531 611 Artium
555 575 735 610 Ubiorum
760 586 790 610 a.
811 579 907 610 1522.
926 575 1025 619 apud
1049 574 1187 609 Bianco
1212 574 1238 608 Ι.
1256 586 1291 618 p.
1309 579 1385 609 298.
1416 574 1467 609 Cf.
1486 586 1596 620 supra
1620 575 1667 609 ad
1693 576 1781 608 16²5.
1811 574 2004 609 Lectiones

383 643 403 666 a
436 631 749 676 disputationibus
781 630 972 665 differunt:
1004 631 1043 664 in
1074 631 1130 664 his
1160 630 1316 674 praeside
1351 631 1527 675 magistro
1563 631 1660 665 inter
1690 641 1728 664 se
1764 630 2005 674 disputabant

383 688 576 728 schola-res,
602 688 641 720 in
665 687 738 720 illis
762 687 1031 730 praeceptorem
1054 685 1321 730 prodocentem
1346 686 1557 720 audiebant.
1592 685 1637 720 cf.
1655 686 1702 720 ad
1727 687 1814 720 60²¹.
1832 687 1944 720 25715.

294 748 335 779 18
358 744 511 778 Petrum
527 743 737 786 Hispanum
766 746 830 776 aut
848 742 975 776 Parva
1001 742 1184 785 loyz'ealz'a]
1211 742 1255 776 cf.
1273 742 1351 776 Ind.
1369 742 1486 786 biogr.
1503 753 1538 786 p.
1556 745 1632 776 393.
1649 753 1701 785 sq.
1720 742 1787 775 art.
1804 740 2001 785 Hispanus,

381 798 480 833 Petr.
503 799 540 833 et
563 798 660 832 infra
684 798 730 832 ad
754 798 865 832 25922.

294 860 333 889 19
352 855 491 899 partes]
517 854 539 888 i.
559 865 588 888 e.
606 854 830 888 Docti-male.
857 853 900 888 cf.
919 853 1006 887 ibid.
1025 865 1060 898 p.
1079 858 1155 889 297.
1172 866 1250 898 sqq.
1269 855 1335 888 art.
1353 853 1566 888 Alexander
1591 853 1637 888 de
1662 853 1752 888 villa
1775 853 1845 888 dei.

291 915 334 946 20
364 910 601 945 chclemecum
625 910 681 944 vel
703 910 934 944 Eoeercitiwn
952 910 1113 954 pumen]
1139 910 1184 944 cf.
1201 910 1290 944 ibid.
1307 910 1373 944 hos
1398 911 1482 944 artt.

338 966 437 1010 Opus
461 965 595 1009 minus]
622 965 665 1000 cf.
683 965 771 999 ibid.
791 967 858 999 art.
872 965 1084 999 Alexander
1108 966 1154 999 de
1179 966 1269 999 villa
1293 966 1364 1000 dei.

290 1026 331 1056 21
357 1022 471 1056 Dicta
497 1021 551 1056 Ιο.
569 1020 735 1065 Sz'nthen]
762 1020 807 1055 cf.
824 1021 913 1054 ibid.
931 1032 967 1064 p.
985 1025 1061 1055 472.
1079 1033 1131 1065 sq.
1152 1023 1219 1055 art.
1237 1020 1403 1056 Sinthen.

288 1082 331 1112 25
355 1079 452 1122 sunt]
478 1087 638 1121 praesens
662 1087 728 1120 pro
753 1077 953 1120 praeterito.
979 1077 1102 1110 vivide
1121 1077 1329 1111 delectatur
1351 1077 1531 1111 memoria
1547 1076 1753 1112 feliciorum
1778 1079 1999 1123 temporum.

288 1137 330 1167 26
356 1144 453 1168 unus
476 1133 574 1168 stetit
592 1143 660 1176 per
685 1144 770 1166 cmm.
789 1132 864 1176 etc]
891 1132 935 1166 cf.
954 1132 1001 1167 ad
1019 1136 1083 1166 277
1093 1135 1114 1166 ⁹.

287 1193 330 1223 28
355 1192 597 1232 expos-uerunt
615 1189 806 1232 pecunias]
832 1188 1039 1222 studiorum
1064 1189 1231 1233 sumptus
1256 1188 1341 1223 filiis
1365 1189 1592 1233 praebebant.

287 1250 329 1280 30
358 1245 554 1289 Viryilimn
581 1248 612 1278 et
636 1243 819 1288 Plinium]
848 1243 945 1285 Quos
963 1244 1123 1279 Colom‘ae
1148 1246 1228 1278 tum
1252 1245 1431 1279 Eusebius
1457 1244 1706 1290 Caesariusque
1729 1246 1915 1291 praecipue
1939 1258 1998 1281 ex-

376 1300 577 1344 plicabant.
627 1299 679 1334 Cf.
698 1300 809 1334 etiam
836 1299 1081 1345 Lipsiensium
1106 1301 1374 1345 querimoniam
1400 1302 1451 1335 cit
1473 1313 1509 1345 p.
1527 1305 1603 1344 277,
1630 1312 1670 1336 17.
1689 1313 1767 1346 sqq.

286 1361 327 1392 33
351 1357 458 1401 nihil]
484 1357 527 1390 ut
549 1356 753 1399 Huttenus,
780 1356 882 1390 cuius
906 1356 1074 1401 praefatio
1100 1356 1146 1391 ad
1171 1356 1368 1391 Neminem
1393 1357 1440 1391 ad
1463 1357 1498 1391 h.
1515 1357 1538 1391 1.
1557 1357 1781 1393 conferenda
1806 1360 1871 1393 est.

285 1417 328 1447 35
346 1413 512 1456 penitent
539 1413 581 1447 (Ic
599 1412 778 1458 pecunia]
805 1413 960 1457 paem'tet
985 1423 1045 1447 eos
1070 1413 1205 1447 frustra
1229 1412 1411 1447 factarum
1435 1414 1684 1457 inpensarum.

285 1472 327 1503 36
353 1468 548 1512 trufcmtes]
573 1469 683 1503 hodie
709 1469 999 1503 scmzdaliereml.
1025 1468 1069 1503 cf.
1087 1469 1134 1503 ad
1154 1471 1225 1503 103.

284 1527 370 1568 Pag.
390 1526 480 1563 259.

288 1585 301 1613 1
329 1581 415 1615 talis
437 1608 466 1614 ..
481 1608 488 1615 .
508 1584 662 1624 tempore
685 1582 762 1626 suo]
788 1581 851 1615 ille
873 1609 880 1614 .
896 1609 901 1614 .
919 1609 924 1615 .
946 1581 1043 1615 circa
1067 1592 1203 1615 annum
1232 1585 1328 1616 1480.

283 1640 304 1669 4
328 1637 496 1681 maye'stri
521 1637 714 1680 Lipsenses
739 1664 746 1672 .
761 1664 790 1671 ..
815 1638 1099 1681 confflem-metm]
1126 1637 1170 1671 cf.
1188 1637 1284 1671 infra
1309 1637 1414 1682 epist.
1433 1641 1485 1671 58.

283 1697 303 1727 8
329 1693 488 1737 Liptziy]
514 1692 662 1737 Lipsiae,
690 1705 773 1727 cum
798 1693 850 1727 ibi
875 1693 1036 1727 doceret.

284 1752 302 1782 9
328 1749 503 1792 rubetam]
530 1749 678 1793 proprie
705 1750 916 1783 ‘rosetum'.
956 1749 998 1782 Iu
1024 1760 1096 1793 quo
1121 1749 1353 1791 nemusculo,
1384 1749 1647 1794 Roseuyarten,
1671 1749 1856 1794 hodieque
1880 1749 1996 1795 Lipsi-

373 1815 477 1839 enses
502 1804 577 1839 otio
604 1805 776 1849 dulcique
803 1805 885 1839 cibo
911 1816 953 1839 ac
977 1806 1069 1849 potu
1094 1805 1167 1839 frui
1191 1805 1321 1839 solent.

284 1865 325 1895 10
351 1862 522 1906 excessus]
550 1860 727 1894 delictum
752 1861 881 1894 contra
904 1861 1006 1905 leges
1032 1861 1271 1895 academicas.
1321 1861 1371 1897 Cf.
1389 1873 1424 1906 p.
1443 1863 1554 1896 25711.

284 1921 324 1950 12
351 1917 515 1951 ieiunare
538 1917 696 1961 singulis
719 1917 830 1951 sextis
853 1917 970 1962 feriis]
998 1916 1108 1959 Quasi
1132 1927 1262 1961 poenae
1287 1919 1409 1951 essent
1433 1930 1513 1962 quae
1539 1918 1725 1952 communi
1743 1918 1907 1952 omnium
1925 1918 1995 1953 cle-

370 1972 571 2007 riculorum
595 1972 717 2006 officio
743 1973 1039 2007 continebantur.

282 2033 322 2063 17
350 2030 402 2063 ita
426 2029 571 2073 servire]
597 2028 694 2073 Ergo
719 2028 864 2063 invenit
887 2028 1039 2063 tandem
1063 2028 1373 2072 Unckebunckus,
1401 2041 1473 2074 quo
1498 2030 1624 2065 Romae
1649 2032 1874 2065 sustentaret
1897 2041 1993 2065 sese:

370 2095 481 2129 supra
504 2096 539 2128 p.
558 2088 632 2119 219.
651 2084 868 2128 desperarat
891 2085 944 2118 ibi
969 2095 1005 2119 se
1031 2085 1157 2119 vivere
1182 2096 1300 2129 posse.

283 2145 323 2175 18
341 2141 630 2185 proficuitatem]
663 2140 802 2184 Prosit,
837 2140 1000 2183 lucrum,
1034 2141 1190 2183 reditus,
1232 2142 1348 2176 ‘idem
1382 2143 1481 2187 quod
1510 2142 1752 2178 Proficuum'.
1807 2143 1995 2177 Ditmarus

369 2196 392 2230 1.
408 2199 462 2230 2.“
511 2195 700 2241 Ducange.

324 2253 429 2297 socii]
455 2252 489 2286 h.
508 2252 531 2286 l.
549 2263 620 2286 non
647 2263 772 2296 pares,
798 2253 1011 2297 magistros,
1039 2253 1104 2288 sed
1128 2254 1336 2299 supposita,
1363 2255 1562 2297 scholares,
1588 2255 1773 2290 bursarios
1798 2255 1992 2301 significat,

368 2310 410 2342 ut
435 2307 654 2342 Germanice
679 2319 826 2352 quoque
855 2308 1018 2344 Gesellen
1051 2320 1112 2344 eos
1144 2321 1334 2353 vocamus,
1372 2311 1436 2355 qui
1467 2312 1534 2345 sub
1564 2311 1767 2356 magistris,
1806 2311 1876 2346 den
1899 2311 1992 2345 Mei-

368 2367 484 2405 stemz,
509 2364 603 2397 sunt.

280 2423 321 2453 22
346 2419 663 2464 νεεωηρΐῖοηῶαε]
690 2418 838 2454 Statuta
862 2419 929 2454 fac.
947 2421 1037 2464 phil.
1056 2422 1155 2456 univ.
1172 2420 1270 2466 Lips.
1288 2433 1319 2456 a.
1339 2427 1570 2458 1499...1522.
1597 2423 1791 2467 (Zarncke,
1818 2422 1887 2457 Die
1913 2423 1992 2457 Sta-

367 2475 618 2509 tutenbiicher
642 2475 707 2510 der
724 2475 808 2519 Lpz.
827 2475 895 2510 Un.
916 2480 1012 2511 1861.
1031 2480 1077 2511 8⁰.
1095 2488 1189 2511 max.
1207 2490 1242 2522 p.
1260 2482 1336 2513 432.
1354 2480 1447 2523 sqq.)
1472 2478 1558 2523 Cap.
1576 2492 1623 2513 1x.
1640 2482 1659 2520 ἓ
1677 2482 1708 2513 5.
1734 2479 1992 2523 „Resumptio-

367 2541 432 2565 nes
461 2530 620 2575 publicae
652 2531 732 2565 fieri
763 2542 837 2565 non
863 2531 1002 2566 debent
1032 2532 1098 2566 sub
1128 2533 1227 2568 horis
1259 2534 1446 2579 deputatis
1476 2545 1543 2579 pro
1573 2534 1796 2569 lectionibus
1828 2536 1867 2569 et
1889 2545 1991 2569 exer-

368 2587 468 2620 ciciis
493 2588 531 2621 et
554 2587 599 2621 de
623 2597 735 2631 poeua
759 2587 1099 2631 contrafacientis“,
1132 2589 1256 2631 „fiant
1278 2594 1309 2624 4.
1327 2594 1357 2624 5.
1375 2594 1405 2624 6.
1423 2601 1531 2624 mane
1555 2590 1594 2624 in
1619 2591 1763 2631 aestate,
1795 2590 1833 2624 in
1856 2590 1991 2634 hyeme

366 2653 474 2676 mane
500 2646 531 2677 5.
555 2646 586 2676 6.
612 2645 666 2677 7.“
721 2642 934 2687 Capitulum
958 2657 992 2678 x.
1019 2645 1096 2687 „de
1132 2646 1445 2690 resumptionibus
1479 2646 1638 2691 publicis
1672 2657 1739 2690 per
1774 2645 1991 2680 facultatem

368 2698 507 2732 arcium
532 2698 751 2743 deputatis“
776 2703 795 2741 ξ
823 2704 851 2734 l.
877 2699 1070 2743 „Placuit,
1103 2702 1203 2746 quod
1226 2701 1383 2736 facultas
1413 2702 1553 2736 arcium
1583 2702 1752 2746 qualibet
1779 2702 1989 2735 mutacione

369 2753 539 2797 (Cursus)
566 2756 724 2799 quatuor
747 2756 945 2801 magistros
1037 2757 1208 2802 deputet,
1242 2769 1399 2802 quorum
1423 2769 1518 2791 unus
1540 2758 1579 2791 in
1603 2757 1847 2802 grammatica
1868 2756 1990 2791 Dona-

367 2811 447 2843 tum
473 2811 511 2844 et
534 2811 734 2846 secundam
763 2813 911 2856 partem
934 2812 1153 2847 Allexandri
1181 2813 1399 2848 textualiter
1421 2814 1460 2847 in
1491 2824 1564 2847 una
1592 2813 1803 2848 mutacione
1835 2813 1991 2847 aestivali

366 2866 546 2908 resumat,
579 2867 617 2899 in
647 2867 811 2911 hyemali
835 2879 922 2903 vero
954 2868 1156 2913 deputatus
1186 2869 1364 2914 magister
1395 2870 1432 2903 et
1462 2869 1509 2903 ad
1539 2869 1608 2903 hoc
1639 2868 1806 2912 ydoneus
1835 2869 1990 2913 propter

367 2921 614 2955 metrificandi
645 2924 763 2957 artem
792 2924 946 2959 terciam
976 2926 1122 2969 partem
1152 2925 1385 2967 Allexandri,
1416 2925 1627 2969 habeatque
1657 2925 1787 2958 horam
1818 2925 1988 2968 quartam

367 2976 412 3009 de
439 2976 497 3010 die
605 2976 795 3012 Secundus
825 2980 864 3013 in
894 2980 1003 3024 loyca
1031 2981 1170 3025 primos
1200 2982 1360 3024 quatuor
1388 2982 1568 3015 tractatus
1595 2980 1697 3014 Petri
1727 2980 1894 3023 Hyspani
1923 2990 1987 3013 seu

366 3031 563 3075 parvulum
593 3032 724 3076 loycae,
755 3034 966 3079 habeatque
997 3036 1125 3070 horam
1157 3035 1325 3079 quintam
1356 3036 1392 3069 in
1425 3037 1566 3079 aestate,
1604 3036 1641 3068 in
1671 3035 1804 3079 hyeme
1835 3036 1986 3069 sextam.
