<?xml version="1.0" encoding="UTF-8"?>
<!DOCTYPE html PUBLIC "-//W3C//DTD XHTML 1.0 Transitional//EN"
    "http://www.w3.org/TR/xhtml1/DTD/xhtml1-transitional.dtd">
<html xmlns="http://www.w3.org/1999/xhtml" xml:lang="en" lang="en">
 <head>
  <title>
</title>
<meta http-equiv="Content-Type" content="text/html;charset=utf-8" />
  <meta name='ocr-system' content='tesseract 3.04.00' />
  <meta name='ocr-capabilities' content='ocr_page ocr_carea ocr_par ocr_line ocrx_word'/>
</head>
<body>
  <div class='ocr_page' id='page_1' title='image "./operaquaereperir02huttuoft/operaquaereperir02huttuoft_0559.png"; bbox 0 0 2119 3522; ppageno 0'>
   <div class='ocr_carea' id='block_1_1' title="bbox 577 213 1827 257">
    <p class='ocr_par' dir='ltr' id='par_1_1' title="bbox 577 213 1827 257">
     <span class='ocr_line' id='line_1_1' title="bbox 577 213 1827 257; baseline 0.004 -5"><span class='ocrx_word' id='word_1_1' title='bbox 577 231 628 252; x_wconf 82' lang='grc' dir='ltr'>ΕΡ.</span> <span class='ocrx_word' id='word_1_2' title='bbox 646 230 686 254; x_wconf 73' lang='grc'>11.</span> <span class='ocrx_word' id='word_1_3' title='bbox 713 231 901 254; x_wconf 79' lang='lat' dir='ltr'>CORNELIVS</span> <span class='ocrx_word' id='word_1_4' title='bbox 924 231 1177 254; x_wconf 82' lang='lat' dir='ltr'>FENESTRIFICIS</span> <span class='ocrx_word' id='word_1_5' title='bbox 1203 231 1360 254; x_wconf 86' lang='lat' dir='ltr'><strong>ORTVINO.</strong></span> <span class='ocrx_word' id='word_1_6' title='bbox 1731 213 1827 257; x_wconf 71' lang='lat'>545</span> 
     </span>
    </p>
   </div>
   <div class='ocr_carea' id='block_1_2' title="bbox 112 286 1839 3079">
    <p class='ocr_par' dir='ltr' id='par_1_2' title="bbox 112 286 1839 3079">
     <span class='ocr_line' id='line_1_2' title="bbox 112 286 1828 331; baseline 0.002 -14"><span class='ocrx_word' id='word_1_7' title='bbox 112 286 197 328; x_wconf 79' lang='lat' dir='ltr'>Pag.</span> <span class='ocrx_word' id='word_1_8' title='bbox 221 286 281 322; x_wconf 79' lang='grc'>17.</span> <span class='ocrx_word' id='word_1_9' title='bbox 1520 289 1605 331; x_wconf 83' lang='lat' dir='ltr'>Pag.</span> <span class='ocrx_word' id='word_1_10' title='bbox 1622 291 1673 320; x_wconf 86' lang='lat'>17.</span> <span class='ocrx_word' id='word_1_11' title='bbox 1692 300 1722 320; x_wconf 87' lang='lat' dir='ltr'>v.</span> <span class='ocrx_word' id='word_1_12' title='bbox 1736 296 1828 320; x_wconf 87' lang='lat'>3...10.</span> 
     </span>
     <span class='ocr_line' id='line_1_3' title="bbox 200 340 1830 387; baseline 0.002 -14"><span class='ocrx_word' id='word_1_13' title='bbox 200 350 273 374; x_wconf 87' lang='lat' dir='ltr'>non</span> <span class='ocrx_word' id='word_1_14' title='bbox 296 340 389 374; x_wconf 88' lang='lat' dir='ltr'>illud</span> <span class='ocrx_word' id='word_1_15' title='bbox 411 341 532 375; x_wconf 87' lang='lat' dir='ltr'>facere</span> <span class='ocrx_word' id='word_1_16' title='bbox 552 342 667 386; x_wconf 86' lang='lat' dir='ltr'>elegit</span> <span class='ocrx_word' id='word_1_17' title='bbox 682 343 743 376; x_wconf 89' lang='lat' dir='ltr'>sed</span> <span class='ocrx_word' id='word_1_18' title='bbox 760 343 878 387; x_wconf 84' lang='lat' dir='ltr'>magis</span> <span class='ocrx_word' id='word_1_19' title='bbox 896 343 958 376; x_wconf 89' lang='lat' dir='ltr'>sub</span> <span class='ocrx_word' id='word_1_20' title='bbox 976 343 1160 377; x_wconf 78' lang='lat' dir='ltr'>velamine</span> <span class='ocrx_word' id='word_1_21' title='bbox 1179 343 1365 377; x_wconf 86' lang='lat' dir='ltr'>cuiusdam</span> <span class='ocrx_word' id='word_1_22' title='bbox 1382 343 1699 386; x_wconf 88' lang='lat' dir='ltr'>interpretationis</span> <span class='ocrx_word' id='word_1_23' title='bbox 1716 342 1830 376; x_wconf 89' lang='lat' dir='ltr'>dicto-</span> 
     </span>
     <span class='ocr_line' id='line_1_4' title="bbox 201 397 1830 443; baseline 0.001 -14"><span class='ocrx_word' id='word_1_24' title='bbox 201 408 282 429; x_wconf 91' lang='lat' dir='ltr'>rum</span> <span class='ocrx_word' id='word_1_25' title='bbox 300 399 446 431; x_wconf 83' lang='lat' dir='ltr'>suorum</span> <span class='ocrx_word' id='word_1_26' title='bbox 470 397 609 431; x_wconf 86' lang='lat' dir='ltr'>saluare</span> <span class='ocrx_word' id='word_1_27' title='bbox 632 398 761 432; x_wconf 88' lang='lat' dir='ltr'>volens</span> <span class='ocrx_word' id='word_1_28' title='bbox 785 409 866 441; x_wconf 77' lang='lat' dir='ltr'>quae</span> <span class='ocrx_word' id='word_1_29' title='bbox 892 399 1105 442; x_wconf 87' lang='lat' dir='ltr'>scripserat.</span> <span class='ocrx_word' id='word_1_30' title='bbox 1124 399 1282 443; x_wconf 87' lang='lat' dir='ltr'>amplius</span> <span class='ocrx_word' id='word_1_31' title='bbox 1305 399 1473 433; x_wconf 86' lang='lat' dir='ltr'>libellum</span> <span class='ocrx_word' id='word_1_32' title='bbox 1491 400 1640 432; x_wconf 86' lang='lat' dir='ltr'>auribus</span> <span class='ocrx_word' id='word_1_33' title='bbox 1665 401 1830 433; x_wconf 86' lang='lat' dir='ltr'>omnium</span> 
     </span>
     <span class='ocr_line' id='line_1_5' title="bbox 200 451 1831 499; baseline 0.002 -14"><span class='ocrx_word' id='word_1_34' title='bbox 200 452 402 496; x_wconf 79' lang='lat' dir='ltr'>legendum</span> <span class='ocrx_word' id='word_1_35' title='bbox 432 453 582 497; x_wconf 84' lang='lat' dir='ltr'>ingessit</span> <span class='ocrx_word' id='word_1_36' title='bbox 598 481 606 487; x_wconf 91' lang='lat'>.</span> <span class='ocrx_word' id='word_1_37' title='bbox 622 454 797 488; x_wconf 85' lang='lat' dir='ltr'>minitans</span> <span class='ocrx_word' id='word_1_38' title='bbox 822 465 968 498; x_wconf 85' lang='lat' dir='ltr'>quoque</span> <span class='ocrx_word' id='word_1_39' title='bbox 994 456 1062 499; x_wconf 81' lang='lat' dir='ltr'>(vti</span> <span class='ocrx_word' id='word_1_40' title='bbox 1087 466 1130 489; x_wconf 81' lang='lat' dir='ltr'>ex</span> <span class='ocrx_word' id='word_1_41' title='bbox 1152 451 1271 489; x_wconf 88' lang='lat' dir='ltr'>literis</span> <span class='ocrx_word' id='word_1_42' title='bbox 1295 455 1365 489; x_wconf 88' lang='lat' dir='ltr'>suis</span> <span class='ocrx_word' id='word_1_43' title='bbox 1391 455 1437 488; x_wconf 90' lang='lat' dir='ltr'>ad</span> <span class='ocrx_word' id='word_1_44' title='bbox 1461 455 1674 499; x_wconf 79' lang='lat' dir='ltr'>quempiam</span> <span class='ocrx_word' id='word_1_45' title='bbox 1699 466 1744 489; x_wconf 90' lang='lat' dir='ltr'>ex</span> <span class='ocrx_word' id='word_1_46' title='bbox 1767 465 1831 489; x_wconf 87' lang='lat' dir='ltr'>no—</span> 
     </span>
     <span class='ocr_line' id='line_1_6' title="bbox 203 508 1831 553; baseline 0.001 -12"><span class='ocrx_word' id='word_1_47' title='bbox 203 508 284 541; x_wconf 82' lang='lat' dir='ltr'>stris</span> <span class='ocrx_word' id='word_1_48' title='bbox 310 508 405 542; x_wconf 83' lang='lat' dir='ltr'>datis</span> <span class='ocrx_word' id='word_1_49' title='bbox 430 508 557 543; x_wconf 76' lang='lat' dir='ltr'>videre</span> <span class='ocrx_word' id='word_1_50' title='bbox 582 509 685 549; x_wconf 87' lang='lat' dir='ltr'>licet)</span> <span class='ocrx_word' id='word_1_51' title='bbox 703 510 732 543; x_wconf 89' lang='lat' dir='ltr'>si</span> <span class='ocrx_word' id='word_1_52' title='bbox 750 510 937 553; x_wconf 86' lang='lat' dir='ltr'>quicpiam</span> <span class='ocrx_word' id='word_1_53' title='bbox 956 512 1084 544; x_wconf 86' lang='lat' dir='ltr'>contra</span> <span class='ocrx_word' id='word_1_54' title='bbox 1099 511 1196 544; x_wconf 86' lang='lat' dir='ltr'>hunc</span> <span class='ocrx_word' id='word_1_55' title='bbox 1216 513 1320 545; x_wconf 88' lang='grc'><strong>[1111111</strong></span> <span class='ocrx_word' id='word_1_56' title='bbox 1336 511 1506 545; x_wconf 85' lang='lat' dir='ltr'>libellum</span> <span class='ocrx_word' id='word_1_57' title='bbox 1524 511 1735 544; x_wconf 82' lang='lat' dir='ltr'>tentaretur</span> <span class='ocrx_word' id='word_1_58' title='bbox 1753 539 1759 545; x_wconf 93' lang='lat'>.</span> <span class='ocrx_word' id='word_1_59' title='bbox 1776 510 1831 543; x_wconf 86' lang='lat' dir='ltr'>fu-</span> 
     </span>
     <span class='ocr_line' id='line_1_7' title="bbox 202 565 1828 609; baseline 0.001 -12"><span class='ocrx_word' id='word_1_60' title='bbox 202 565 327 597; x_wconf 89' lang='lat' dir='ltr'>turum</span> <span class='ocrx_word' id='word_1_61' title='bbox 353 567 424 598; x_wconf 90' lang='lat' dir='ltr'>esse</span> <span class='ocrx_word' id='word_1_62' title='bbox 442 566 483 598; x_wconf 81' lang='lat' dir='ltr'>vt</span> <span class='ocrx_word' id='word_1_63' title='bbox 499 565 636 599; x_wconf 84' lang='lat' dir='ltr'>milites</span> <span class='ocrx_word' id='word_1_64' title='bbox 653 567 730 599; x_wconf 90' lang='lat' dir='ltr'>tam</span> <span class='ocrx_word' id='word_1_65' title='bbox 748 566 891 599; x_wconf 88' lang='lat' dir='ltr'>nobiles</span> <span class='ocrx_word' id='word_1_66' title='bbox 909 577 1019 609; x_wconf 87' lang='lat' dir='ltr'>quam</span> <span class='ocrx_word' id='word_1_67' title='bbox 1037 567 1162 609; x_wconf 90' lang='lat' dir='ltr'>plebei</span> <span class='ocrx_word' id='word_1_68' title='bbox 1178 567 1247 600; x_wconf 86' lang='lat' dir='ltr'>hac</span> <span class='ocrx_word' id='word_1_69' title='bbox 1264 566 1399 600; x_wconf 88' lang='lat' dir='ltr'>iniuria</span> <span class='ocrx_word' id='word_1_70' title='bbox 1416 569 1478 600; x_wconf 89' lang='lat' dir='ltr'>sua</span> <span class='ocrx_word' id='word_1_71' title='bbox 1495 568 1828 600; x_wconf 82' lang='lat' dir='ltr'>commonerentur.</span> 
     </span>
     <span class='ocr_line' id='line_1_8' title="bbox 202 620 1832 666; baseline 0.001 -13"><span class='ocrx_word' id='word_1_72' title='bbox 202 620 412 663; x_wconf 72' lang='lat' dir='ltr'>addensque</span> <span class='ocrx_word' id='word_1_73' title='bbox 438 621 536 663; x_wconf 88' lang='lat' dir='ltr'>quod</span> <span class='ocrx_word' id='word_1_74' title='bbox 562 622 643 663; x_wconf 90' lang='lat' dir='ltr'>post</span> <span class='ocrx_word' id='word_1_75' title='bbox 666 632 817 654; x_wconf 89' lang='lat' dir='ltr'>manum</span> <span class='ocrx_word' id='word_1_76' title='bbox 843 621 1004 655; x_wconf 81' lang='lat' dir='ltr'>validam</span> <span class='ocrx_word' id='word_1_77' title='bbox 1024 623 1136 656; x_wconf 88' lang='lat' dir='ltr'>etiam</span> <span class='ocrx_word' id='word_1_78' title='bbox 1158 623 1268 666; x_wconf 89' lang='lat' dir='ltr'>poete</span> <span class='ocrx_word' id='word_1_79' title='bbox 1288 623 1464 657; x_wconf 76' lang='lat' dir='ltr'>accessuri</span> <span class='ocrx_word' id='word_1_80' title='bbox 1482 623 1599 657; x_wconf 91' lang='lat' dir='ltr'>essent</span> <span class='ocrx_word' id='word_1_81' title='bbox 1616 624 1654 656; x_wconf 91' lang='lat' dir='ltr'>et</span> <span class='ocrx_word' id='word_1_82' title='bbox 1669 623 1832 656; x_wconf 71' lang='lat' dir='ltr'>historici</span> 
     </span>
     <span class='ocr_line' id='line_1_9' title="bbox 203 676 1831 722; baseline 0.001 -14"><span class='ocrx_word' id='word_1_83' title='bbox 203 676 266 719; x_wconf 91' lang='lat' dir='ltr'>qui</span> <span class='ocrx_word' id='word_1_84' title='bbox 284 677 377 709; x_wconf 89' lang='lat' dir='ltr'>hanc</span> <span class='ocrx_word' id='word_1_85' title='bbox 401 676 639 719; x_wconf 85' lang='lat' dir='ltr'>iniquitatem</span> <span class='ocrx_word' id='word_1_86' title='bbox 662 678 843 720; x_wconf 88' lang='lat' dir='ltr'>perpetue</span> <span class='ocrx_word' id='word_1_87' title='bbox 867 677 1059 711; x_wconf 86' lang='lat' dir='ltr'>traderent</span> <span class='ocrx_word' id='word_1_88' title='bbox 1082 678 1259 711; x_wconf 79' lang='lat' dir='ltr'>memorie</span> <span class='ocrx_word' id='word_1_89' title='bbox 1287 679 1324 711; x_wconf 90' lang='lat' dir='ltr'>et</span> <span class='ocrx_word' id='word_1_90' title='bbox 1347 678 1567 712; x_wconf 88' lang='lat' dir='ltr'>innocenter</span> <span class='ocrx_word' id='word_1_91' title='bbox 1586 689 1671 712; x_wconf 92' lang='lat' dir='ltr'>eum</span> <span class='ocrx_word' id='word_1_92' title='bbox 1688 680 1831 722; x_wconf 86' lang='lat' dir='ltr'>passum</span> 
     </span>
     <span class='ocr_line' id='line_1_10' title="bbox 205 732 1833 778; baseline 0.001 -13"><span class='ocrx_word' id='word_1_93' title='bbox 205 732 455 766; x_wconf 81' lang='lat' dir='ltr'>describerent</span> <span class='ocrx_word' id='word_1_94' title='bbox 471 758 478 765; x_wconf 88' lang='lat'><strong>.</strong></span> <span class='ocrx_word' id='word_1_95' title='bbox 497 744 580 765; x_wconf 82' lang='lat' dir='ltr'>cum</span> <span class='ocrx_word' id='word_1_96' title='bbox 599 734 727 766; x_wconf 83' lang='lat' dir='ltr'>eterna</span> <span class='ocrx_word' id='word_1_97' title='bbox 743 732 922 777; x_wconf 76' lang='lat' dir='ltr'>gymnasij</span> <span class='ocrx_word' id='word_1_98' title='bbox 943 733 1055 767; x_wconf 87' lang='lat' dir='ltr'>nostri</span> <span class='ocrx_word' id='word_1_99' title='bbox 1074 733 1298 767; x_wconf 85' lang='lat' dir='ltr'>Coloniensis</span> <span class='ocrx_word' id='word_1_100' title='bbox 1315 734 1527 778; x_wconf 84' lang='lat' dir='ltr'>ignominia.</span> <span class='ocrx_word' id='word_1_101' title='bbox 1575 734 1716 768; x_wconf 90' lang='lat' dir='ltr'>Verum</span> <span class='ocrx_word' id='word_1_102' title='bbox 1733 734 1833 777; x_wconf 87' lang='lat' dir='ltr'>quod</span> 
     </span>
     <span class='ocr_line' id='line_1_11' title="bbox 206 788 1831 832; baseline 0.002 -12"><span class='ocrx_word' id='word_1_103' title='bbox 206 788 296 821; x_wconf 87' lang='lat' dir='ltr'>fides</span> <span class='ocrx_word' id='word_1_104' title='bbox 313 788 510 821; x_wconf 86' lang='lat' dir='ltr'>christiana</span> <span class='ocrx_word' id='word_1_105' title='bbox 526 789 779 832; x_wconf 87' lang='lat' dir='ltr'>improborum</span> <span class='ocrx_word' id='word_1_106' title='bbox 798 789 907 822; x_wconf 88' lang='lat' dir='ltr'>armis</span> <span class='ocrx_word' id='word_1_107' title='bbox 926 788 1058 822; x_wconf 80' lang='lat' dir='ltr'>cedere</span> <span class='ocrx_word' id='word_1_108' title='bbox 1075 801 1150 823; x_wconf 91' lang='lat' dir='ltr'>non</span> <span class='ocrx_word' id='word_1_109' title='bbox 1168 789 1299 823; x_wconf 88' lang='lat' dir='ltr'>didicit</span> <span class='ocrx_word' id='word_1_110' title='bbox 1313 819 1319 825; x_wconf 89' lang='lat'><strong>.</strong></span> <span class='ocrx_word' id='word_1_111' title='bbox 1335 790 1491 824; x_wconf 75' lang='lat' dir='ltr'>docente</span> <span class='ocrx_word' id='word_1_112' title='bbox 1510 789 1691 824; x_wconf 88' lang='lat' dir='ltr'>saluatore</span> <span class='ocrx_word' id='word_1_113' title='bbox 1705 789 1831 823; x_wconf 86' lang='lat' dir='ltr'>Nolite</span> 
     </span>
     <span class='ocr_line' id='line_1_12' title="bbox 203 843 1834 888; baseline 0.001 -12"><span class='ocrx_word' id='word_1_114' title='bbox 203 844 335 877; x_wconf 89' lang='lat' dir='ltr'>timere</span> <span class='ocrx_word' id='word_1_115' title='bbox 361 855 422 877; x_wconf 91' lang='lat' dir='ltr'>eos</span> <span class='ocrx_word' id='word_1_116' title='bbox 440 844 503 887; x_wconf 88' lang='lat' dir='ltr'>qui</span> <span class='ocrx_word' id='word_1_117' title='bbox 521 844 695 877; x_wconf 88' lang='lat' dir='ltr'>occidunt</span> <span class='ocrx_word' id='word_1_118' title='bbox 712 855 843 887; x_wconf 89' lang='lat' dir='ltr'>corpus</span> <span class='ocrx_word' id='word_1_119' title='bbox 890 843 937 877; x_wconf 88' lang='lat' dir='ltr'>Et</span> <span class='ocrx_word' id='word_1_120' title='bbox 953 844 1029 887; x_wconf 89' lang='lat' dir='ltr'>ipse</span> <span class='ocrx_word' id='word_1_121' title='bbox 1048 855 1194 888; x_wconf 84' lang='lat' dir='ltr'>quoque</span> <span class='ocrx_word' id='word_1_122' title='bbox 1213 845 1342 879; x_wconf 89' lang='lat' dir='ltr'>doctor</span> <span class='ocrx_word' id='word_1_123' title='bbox 1357 846 1396 878; x_wconf 88' lang='lat' dir='ltr'>in</span> <span class='ocrx_word' id='word_1_124' title='bbox 1414 847 1475 878; x_wconf 90' lang='grc'><strong>[110</strong></span> <span class='ocrx_word' id='word_1_125' title='bbox 1494 845 1539 879; x_wconf 85' lang='grc'>(10</span> <span class='ocrx_word' id='word_1_126' title='bbox 1557 856 1630 888; x_wconf 87' lang='grc'><strong>(1110</strong></span> <span class='ocrx_word' id='word_1_127' title='bbox 1647 845 1834 888; x_wconf 84' lang='grc'><strong>10(1111111111·</strong></span> 
     </span>
     <span class='ocr_line' id='line_1_13' title="bbox 204 899 1832 944; baseline 0.002 -12"><span class='ocrx_word' id='word_1_128' title='bbox 204 899 332 933; x_wconf 89' lang='lat' dir='ltr'>libello</span> <span class='ocrx_word' id='word_1_129' title='bbox 350 899 490 932; x_wconf 87' lang='lat' dir='ltr'>dudum</span> <span class='ocrx_word' id='word_1_130' title='bbox 506 899 646 943; x_wconf 88' lang='lat' dir='ltr'>scripsit</span> <span class='ocrx_word' id='word_1_131' title='bbox 659 899 873 933; x_wconf 86' lang='lat' dir='ltr'>stolidorum</span> <span class='ocrx_word' id='word_1_132' title='bbox 889 903 1109 944; x_wconf 83' lang='lat' dir='ltr'>argumenta</span> <span class='ocrx_word' id='word_1_133' title='bbox 1123 903 1195 934; x_wconf 89' lang='lat' dir='ltr'>esse</span> <span class='ocrx_word' id='word_1_134' title='bbox 1212 901 1315 943; x_wconf 62' lang='lat' dir='ltr'>(dum</span> <span class='ocrx_word' id='word_1_135' title='bbox 1328 901 1471 934; x_wconf 88' lang='lat' dir='ltr'>ratione</span> <span class='ocrx_word' id='word_1_136' title='bbox 1485 912 1558 934; x_wconf 90' lang='grc'><strong>11011</strong></span> <span class='ocrx_word' id='word_1_137' title='bbox 1572 901 1722 944; x_wconf 84' lang='lat' dir='ltr'>possint)</span> <span class='ocrx_word' id='word_1_138' title='bbox 1737 901 1832 935; x_wconf 85' lang='lat' dir='ltr'>velle</span> 
     </span>
     <span class='ocr_line' id='line_1_14' title="bbox 202 955 1834 999; baseline 0 -10"><span class='ocrx_word' id='word_1_139' title='bbox 202 966 268 999; x_wconf 89' lang='lat' dir='ltr'>pro</span> <span class='ocrx_word' id='word_1_140' title='bbox 293 966 388 989; x_wconf 88' lang='lat' dir='ltr'>vano</span> <span class='ocrx_word' id='word_1_141' title='bbox 414 956 609 998; x_wconf 88' lang='lat' dir='ltr'>percutere</span> <span class='ocrx_word' id='word_1_142' title='bbox 634 955 770 989; x_wconf 84' lang='lat' dir='ltr'>Iccirco</span> <span class='ocrx_word' id='word_1_143' title='bbox 793 955 862 989; x_wconf 89' lang='grc'><strong>1100</strong></span> <span class='ocrx_word' id='word_1_144' title='bbox 886 955 993 989; x_wconf 87' lang='lat' dir='ltr'>nihili</span> <span class='ocrx_word' id='word_1_145' title='bbox 1017 956 1196 990; x_wconf 88' lang='lat' dir='ltr'>facientes</span> <span class='ocrx_word' id='word_1_146' title='bbox 1222 958 1267 990; x_wconf 91' lang='lat' dir='ltr'>de</span> <span class='ocrx_word' id='word_1_147' title='bbox 1291 958 1357 990; x_wconf 89' lang='lat' dir='ltr'>tua</span> <span class='ocrx_word' id='word_1_148' title='bbox 1380 957 1604 990; x_wconf 82' lang='lat' dir='ltr'>serenissime</span> <span class='ocrx_word' id='word_1_149' title='bbox 1630 956 1834 999; x_wconf 90' lang='lat' dir='ltr'>imperator</span> 
     </span>
     <span class='ocr_line' id='line_1_15' title="bbox 204 1011 1833 1055; baseline 0.001 -11"><span class='ocrx_word' id='word_1_150' title='bbox 204 1012 396 1054; x_wconf 87' lang='lat' dir='ltr'>protector</span> <span class='ocrx_word' id='word_1_151' title='bbox 420 1012 547 1045; x_wconf 87' lang='lat' dir='ltr'>confisi</span> <span class='ocrx_word' id='word_1_152' title='bbox 566 1039 572 1045; x_wconf 89' lang='lat'>.</span> <span class='ocrx_word' id='word_1_153' title='bbox 591 1011 655 1055; x_wconf 88' lang='lat' dir='ltr'>qui</span> <span class='ocrx_word' id='word_1_154' title='bbox 673 1012 711 1045; x_wconf 92' lang='lat' dir='ltr'>et</span> <span class='ocrx_word' id='word_1_155' title='bbox 727 1023 824 1045; x_wconf 87' lang='lat' dir='ltr'>nunc</span> <span class='ocrx_word' id='word_1_156' title='bbox 848 1014 996 1055; x_wconf 79' lang='lat' dir='ltr'>presens</span> <span class='ocrx_word' id='word_1_157' title='bbox 1016 1012 1122 1046; x_wconf 81' lang='lat' dir='ltr'>nobis</span> <span class='ocrx_word' id='word_1_158' title='bbox 1140 1012 1423 1047; x_wconf 83' lang='lat' dir='ltr'>clementissime</span> <span class='ocrx_word' id='word_1_159' title='bbox 1441 1013 1529 1047; x_wconf 87' lang='lat' dir='ltr'>ades</span> <span class='ocrx_word' id='word_1_160' title='bbox 1549 1041 1554 1046; x_wconf 90' lang='lat'>.</span> <span class='ocrx_word' id='word_1_161' title='bbox 1576 1014 1613 1046; x_wconf 90' lang='lat' dir='ltr'>et</span> <span class='ocrx_word' id='word_1_162' title='bbox 1636 1012 1723 1046; x_wconf 88' lang='lat' dir='ltr'>fidei</span> <span class='ocrx_word' id='word_1_163' title='bbox 1741 1012 1833 1046; x_wconf 83' lang='lat' dir='ltr'>chri-</span> 
     </span>
     <span class='ocr_line' id='line_1_16' title="bbox 206 1067 1835 1112; baseline 0.001 -12"><span class='ocrx_word' id='word_1_164' title='bbox 206 1068 322 1101; x_wconf 87' lang='lat' dir='ltr'>stiane</span> <span class='ocrx_word' id='word_1_165' title='bbox 348 1079 368 1101; x_wconf 90' lang='lat' dir='ltr'>a</span> <span class='ocrx_word' id='word_1_166' title='bbox 393 1067 461 1101; x_wconf 88' lang='lat' dir='ltr'>deo</span> <span class='ocrx_word' id='word_1_167' title='bbox 485 1067 704 1101; x_wconf 84' lang='lat' dir='ltr'>constitutus</span> <span class='ocrx_word' id='word_1_168' title='bbox 722 1078 759 1101; x_wconf 88' lang='lat' dir='ltr'>es</span> <span class='ocrx_word' id='word_1_169' title='bbox 777 1067 946 1101; x_wconf 88' lang='lat' dir='ltr'>defensor</span> <span class='ocrx_word' id='word_1_170' title='bbox 962 1068 1171 1112; x_wconf 78' lang='lat' dir='ltr'>praecipuus</span> <span class='ocrx_word' id='word_1_171' title='bbox 1219 1068 1275 1102; x_wconf 90' lang='lat' dir='ltr'>Ne</span> <span class='ocrx_word' id='word_1_172' title='bbox 1294 1069 1475 1112; x_wconf 80' lang='lat' dir='ltr'>quispiam</span> <span class='ocrx_word' id='word_1_173' title='bbox 1492 1068 1835 1102; x_wconf 69' lang='lat' dir='ltr'>ratiocinationibus</span> 
     </span>
     <span class='ocr_line' id='line_1_17' title="bbox 204 1123 1834 1167; baseline 0.001 -11"><span class='ocrx_word' id='word_1_174' title='bbox 204 1124 547 1166; x_wconf 88' lang='lat' dir='ltr'>persuasionibusve</span> <span class='ocrx_word' id='word_1_175' title='bbox 578 1123 725 1167; x_wconf 81' lang='lat' dir='ltr'>praefati</span> <span class='ocrx_word' id='word_1_176' title='bbox 751 1124 909 1157; x_wconf 87' lang='lat' dir='ltr'>auctoris</span> <span class='ocrx_word' id='word_1_177' title='bbox 935 1125 1068 1167; x_wconf 89' lang='lat' dir='ltr'>quibus</span> <span class='ocrx_word' id='word_1_178' title='bbox 1099 1125 1136 1158; x_wconf 91' lang='lat' dir='ltr'>in</span> <span class='ocrx_word' id='word_1_179' title='bbox 1155 1125 1254 1158; x_wconf 84' lang='lat' dir='ltr'>dicto</span> <span class='ocrx_word' id='word_1_180' title='bbox 1271 1125 1399 1159; x_wconf 90' lang='lat' dir='ltr'>libello</span> <span class='ocrx_word' id='word_1_181' title='bbox 1418 1124 1514 1158; x_wconf 88' lang='lat' dir='ltr'>visus</span> <span class='ocrx_word' id='word_1_182' title='bbox 1532 1125 1584 1158; x_wconf 89' lang='lat' dir='ltr'>est</span> <span class='ocrx_word' id='word_1_183' title='bbox 1606 1124 1776 1158; x_wconf 89' lang='lat' dir='ltr'>thalmud</span> <span class='ocrx_word' id='word_1_184' title='bbox 1794 1136 1834 1157; x_wconf 88' lang='lat' dir='ltr'>ac</span> 
     </span>
     <span class='ocr_line' id='line_1_18' title="bbox 206 1179 1835 1223; baseline 0.001 -11"><span class='ocrx_word' id='word_1_185' title='bbox 206 1179 280 1213; x_wconf 86' lang='lat' dir='ltr'>alia</span> <span class='ocrx_word' id='word_1_186' title='bbox 309 1180 503 1213; x_wconf 87' lang='lat' dir='ltr'>iudeorum</span> <span class='ocrx_word' id='word_1_187' title='bbox 535 1180 706 1223; x_wconf 87' lang='lat' dir='ltr'>improba</span> <span class='ocrx_word' id='word_1_188' title='bbox 737 1181 774 1213; x_wconf 89' lang='lat' dir='ltr'>et</span> <span class='ocrx_word' id='word_1_189' title='bbox 803 1179 957 1213; x_wconf 88' lang='lat' dir='ltr'>infamia</span> <span class='ocrx_word' id='word_1_190' title='bbox 988 1182 1199 1214; x_wconf 80' lang='lat' dir='ltr'>commenta</span> <span class='ocrx_word' id='word_1_191' title='bbox 1230 1180 1350 1215; x_wconf 82' lang='lat' dir='ltr'>iudeis</span> <span class='ocrx_word' id='word_1_192' title='bbox 1381 1181 1521 1214; x_wconf 89' lang='lat' dir='ltr'>saluare</span> <span class='ocrx_word' id='word_1_193' title='bbox 1554 1180 1708 1214; x_wconf 89' lang='lat' dir='ltr'>voluisse</span> <span class='ocrx_word' id='word_1_194' title='bbox 1729 1209 1735 1216; x_wconf 92' lang='lat'>.</span> <span class='ocrx_word' id='word_1_195' title='bbox 1753 1191 1835 1223; x_wconf 88' lang='lat' dir='ltr'>per-</span> 
     </span>
     <span class='ocr_line' id='line_1_19' title="bbox 205 1235 1834 1281; baseline 0.001 -13"><span class='ocrx_word' id='word_1_196' title='bbox 205 1235 348 1269; x_wconf 85' lang='lat' dir='ltr'>moueri</span> <span class='ocrx_word' id='word_1_197' title='bbox 365 1236 475 1278; x_wconf 88' lang='lat' dir='ltr'>possit</span> <span class='ocrx_word' id='word_1_198' title='bbox 493 1236 539 1269; x_wconf 89' lang='lat' dir='ltr'>ad</span> <span class='ocrx_word' id='word_1_199' title='bbox 563 1236 791 1269; x_wconf 88' lang='lat' dir='ltr'>credendum</span> <span class='ocrx_word' id='word_1_200' title='bbox 811 1265 818 1272; x_wconf 90' lang='lat'>.</span> <span class='ocrx_word' id='word_1_201' title='bbox 836 1236 954 1270; x_wconf 70' lang='lat' dir='ltr'>visum</span> <span class='ocrx_word' id='word_1_202' title='bbox 979 1236 1050 1270; x_wconf 87' lang='lat' dir='ltr'>fuit</span> <span class='ocrx_word' id='word_1_203' title='bbox 1072 1237 1255 1281; x_wconf 71' lang='lat' dir='ltr'>magistris</span> <span class='ocrx_word' id='word_1_204' title='bbox 1273 1238 1313 1270; x_wconf 77' lang='lat' dir='ltr'>vt</span> <span class='ocrx_word' id='word_1_205' title='bbox 1329 1238 1407 1270; x_wconf 87' lang='lat' dir='ltr'>tam</span> <span class='ocrx_word' id='word_1_206' title='bbox 1430 1237 1542 1280; x_wconf 88' lang='lat' dir='ltr'>ipsius</span> <span class='ocrx_word' id='word_1_207' title='bbox 1560 1237 1706 1270; x_wconf 84' lang='lat' dir='ltr'>articuli</span> <span class='ocrx_word' id='word_1_208' title='bbox 1723 1248 1834 1280; x_wconf 89' lang='lat' dir='ltr'>quam</span> 
     </span>
     <span class='ocr_line' id='line_1_20' title="bbox 205 1291 1837 1336; baseline 0.001 -12"><span class='ocrx_word' id='word_1_209' title='bbox 205 1291 360 1325; x_wconf 88' lang='lat' dir='ltr'>materie</span> <span class='ocrx_word' id='word_1_210' title='bbox 387 1291 523 1325; x_wconf 81' lang='lat' dir='ltr'>decisio</span> <span class='ocrx_word' id='word_1_211' title='bbox 547 1303 620 1326; x_wconf 83' lang='lat' dir='ltr'>vna</span> <span class='ocrx_word' id='word_1_212' title='bbox 645 1303 728 1325; x_wconf 87' lang='lat' dir='ltr'>cum</span> <span class='ocrx_word' id='word_1_213' title='bbox 749 1292 926 1326; x_wconf 84' lang='lat' dir='ltr'>solutione</span> <span class='ocrx_word' id='word_1_214' title='bbox 946 1293 1207 1336; x_wconf 83' lang='lat' dir='ltr'>compendiosa</span> <span class='ocrx_word' id='word_1_215' title='bbox 1223 1294 1527 1336; x_wconf 78' lang='lat' dir='ltr'>argumentorum</span> <span class='ocrx_word' id='word_1_216' title='bbox 1545 1294 1608 1327; x_wconf 90' lang='lat' dir='ltr'>tue</span> <span class='ocrx_word' id='word_1_217' title='bbox 1627 1292 1837 1327; x_wconf 86' lang='lat' dir='ltr'>celsitudini</span> 
     </span>
     <span class='ocr_line' id='line_1_21' title="bbox 205 1347 1837 1392; baseline 0.001 -12"><span class='ocrx_word' id='word_1_218' title='bbox 205 1347 397 1381; x_wconf 88' lang='lat' dir='ltr'>humiliter</span> <span class='ocrx_word' id='word_1_219' title='bbox 423 1347 546 1381; x_wconf 86' lang='lat' dir='ltr'>dicata</span> <span class='ocrx_word' id='word_1_220' title='bbox 565 1375 571 1381; x_wconf 94' lang='lat'><strong>.</strong></span> <span class='ocrx_word' id='word_1_221' title='bbox 589 1348 713 1392; x_wconf 88' lang='lat' dir='ltr'>palam</span> <span class='ocrx_word' id='word_1_222' title='bbox 730 1348 892 1392; x_wconf 81' lang='lat' dir='ltr'>legenda</span> <span class='ocrx_word' id='word_1_223' title='bbox 908 1349 1146 1383; x_wconf 86' lang='lat' dir='ltr'>traderentur</span> <span class='ocrx_word' id='word_1_224' title='bbox 1169 1349 1225 1383; x_wconf 84' lang='lat' dir='ltr'>Ne</span> <span class='ocrx_word' id='word_1_225' title='bbox 1250 1352 1397 1383; x_wconf 88' lang='lat' dir='ltr'>suorum</span> <span class='ocrx_word' id='word_1_226' title='bbox 1415 1349 1613 1383; x_wconf 84' lang='lat' dir='ltr'>verborum</span> <span class='ocrx_word' id='word_1_227' title='bbox 1636 1348 1837 1382; x_wconf 89' lang='lat' dir='ltr'>inuolucris</span> 
     </span>
     <span class='ocr_line' id='line_1_22' title="bbox 206 1403 1836 1449; baseline 0.001 -13"><span class='ocrx_word' id='word_1_228' title='bbox 206 1403 389 1447; x_wconf 85' lang='lat' dir='ltr'>quispiam</span> <span class='ocrx_word' id='word_1_229' title='bbox 420 1403 542 1447; x_wconf 84' lang='lat' dir='ltr'>decipi</span> <span class='ocrx_word' id='word_1_230' title='bbox 566 1405 629 1437; x_wconf 90' lang='lat' dir='ltr'>aut</span> <span class='ocrx_word' id='word_1_231' title='bbox 654 1416 675 1437; x_wconf 87' lang='lat' dir='ltr'>a</span> <span class='ocrx_word' id='word_1_232' title='bbox 698 1415 785 1438; x_wconf 84' lang='lat' dir='ltr'>vero</span> <span class='ocrx_word' id='word_1_233' title='bbox 809 1406 929 1447; x_wconf 90' lang='lat' dir='ltr'>posset</span> <span class='ocrx_word' id='word_1_234' title='bbox 952 1405 1087 1438; x_wconf 88' lang='lat' dir='ltr'>abduci</span> <span class='ocrx_word' id='word_1_235' title='bbox 1109 1406 1121 1449; x_wconf 82' lang='grc' dir='ltr'>ΙΙ</span> <span class='ocrx_word' id='word_1_236' title='bbox 1146 1405 1291 1439; x_wconf 82' lang='lat' dir='ltr'>Scirent</span> <span class='ocrx_word' id='word_1_237' title='bbox 1314 1416 1461 1449; x_wconf 88' lang='lat' dir='ltr'>quoque</span> <span class='ocrx_word' id='word_1_238' title='bbox 1484 1405 1586 1439; x_wconf 90' lang='lat' dir='ltr'>iudei</span> <span class='ocrx_word' id='word_1_239' title='bbox 1610 1415 1683 1438; x_wconf 90' lang='lat' dir='ltr'>non</span> <span class='ocrx_word' id='word_1_240' title='bbox 1707 1406 1784 1438; x_wconf 87' lang='lat' dir='ltr'>tam</span> <span class='ocrx_word' id='word_1_241' title='bbox 1803 1407 1836 1439; x_wconf 90' lang='lat' dir='ltr'>se</span> 
     </span>
     <span class='ocr_line' id='line_1_23' title="bbox 206 1460 1836 1505; baseline 0.001 -12"><span class='ocrx_word' id='word_1_242' title='bbox 206 1460 373 1493; x_wconf 87' lang='lat' dir='ltr'>defensos</span> <span class='ocrx_word' id='word_1_243' title='bbox 398 1471 466 1504; x_wconf 87' lang='lat' dir='ltr'>per</span> <span class='ocrx_word' id='word_1_244' title='bbox 491 1460 631 1494; x_wconf 88' lang='lat' dir='ltr'>dictum</span> <span class='ocrx_word' id='word_1_245' title='bbox 656 1460 825 1494; x_wconf 85' lang='lat' dir='ltr'>libellum</span> <span class='ocrx_word' id='word_1_246' title='bbox 849 1472 960 1504; x_wconf 86' lang='lat' dir='ltr'>quam</span> <span class='ocrx_word' id='word_1_247' title='bbox 986 1461 1192 1495; x_wconf 84' lang='lat' dir='ltr'>adulatorie</span> <span class='ocrx_word' id='word_1_248' title='bbox 1211 1461 1386 1505; x_wconf 86' lang='lat' dir='ltr'>deceptos</span> <span class='ocrx_word' id='word_1_249' title='bbox 1405 1463 1477 1495; x_wconf 88' lang='lat' dir='ltr'>esse</span> <span class='ocrx_word' id='word_1_250' title='bbox 1498 1489 1505 1495; x_wconf 87' lang='lat'><strong>.</strong></span> <span class='ocrx_word' id='word_1_251' title='bbox 1524 1461 1613 1504; x_wconf 87' lang='lat' dir='ltr'>quia</span> <span class='ocrx_word' id='word_1_252' title='bbox 1630 1461 1718 1494; x_wconf 86' lang='lat' dir='ltr'>dum</span> <span class='ocrx_word' id='word_1_253' title='bbox 1737 1461 1836 1495; x_wconf 61' lang='lat' dir='ltr'>abla&lt;</span> 
     </span>
     <span class='ocr_line' id='line_1_24' title="bbox 205 1516 1839 1561; baseline 0.001 -12"><span class='ocrx_word' id='word_1_254' title='bbox 205 1517 252 1550; x_wconf 88' lang='lat' dir='ltr'>tis</span> <span class='ocrx_word' id='word_1_255' title='bbox 276 1516 479 1560; x_wconf 86' lang='lat' dir='ltr'>impietatis</span> <span class='ocrx_word' id='word_1_256' title='bbox 506 1518 565 1549; x_wconf 93' lang='lat' dir='ltr'>sue</span> <span class='ocrx_word' id='word_1_257' title='bbox 591 1516 701 1550; x_wconf 88' lang='lat' dir='ltr'>armis</span> <span class='ocrx_word' id='word_1_258' title='bbox 720 1516 956 1560; x_wconf 87' lang='lat' dir='ltr'>(blasphemis</span> <span class='ocrx_word' id='word_1_259' title='bbox 976 1517 1114 1551; x_wconf 86' lang='lat' dir='ltr'>scilicet</span> <span class='ocrx_word' id='word_1_260' title='bbox 1130 1517 1248 1560; x_wconf 84' lang='lat' dir='ltr'>libris)</span> <span class='ocrx_word' id='word_1_261' title='bbox 1266 1516 1411 1550; x_wconf 74' lang='lat' dir='ltr'>facilius</span> <span class='ocrx_word' id='word_1_262' title='bbox 1427 1528 1514 1550; x_wconf 83' lang='lat' dir='ltr'>vere</span> <span class='ocrx_word' id='word_1_263' title='bbox 1533 1516 1621 1550; x_wconf 91' lang='lat' dir='ltr'>fidei</span> <span class='ocrx_word' id='word_1_264' title='bbox 1637 1516 1724 1561; x_wconf 84' lang='lat' dir='ltr'>iugo</span> <span class='ocrx_word' id='word_1_265' title='bbox 1743 1517 1839 1551; x_wconf 81' lang='lat' dir='ltr'>colla</span> 
     </span>
     <span class='ocr_line' id='line_1_25' title="bbox 206 1572 1836 1618; baseline 0 -12"><span class='ocrx_word' id='word_1_266' title='bbox 206 1573 360 1606; x_wconf 86' lang='lat' dir='ltr'>subdere</span> <span class='ocrx_word' id='word_1_267' title='bbox 385 1573 587 1616; x_wconf 89' lang='lat' dir='ltr'>potuissent</span> <span class='ocrx_word' id='word_1_268' title='bbox 610 1574 656 1606; x_wconf 91' lang='lat' dir='ltr'>sic</span> <span class='ocrx_word' id='word_1_269' title='bbox 674 1584 771 1606; x_wconf 88' lang='lat' dir='ltr'>nunc</span> <span class='ocrx_word' id='word_1_270' title='bbox 795 1572 916 1617; x_wconf 82' lang='lat' dir='ltr'>rigida</span> <span class='ocrx_word' id='word_1_271' title='bbox 940 1573 1083 1607; x_wconf 83' lang='lat' dir='ltr'>ceruice</span> <span class='ocrx_word' id='word_1_272' title='bbox 1109 1573 1303 1617; x_wconf 82' lang='lat' dir='ltr'>eriguntur</span> <span class='ocrx_word' id='word_1_273' title='bbox 1323 1574 1364 1607; x_wconf 88' lang='lat' dir='ltr'>vt</span> <span class='ocrx_word' id='word_1_274' title='bbox 1386 1583 1498 1616; x_wconf 89' lang='lat' dir='ltr'>quam</span> <span class='ocrx_word' id='word_1_275' title='bbox 1517 1573 1627 1606; x_wconf 89' lang='lat' dir='ltr'>antea</span> <span class='ocrx_word' id='word_1_276' title='bbox 1643 1572 1753 1618; x_wconf 83' lang='lat' dir='ltr'>longe</span> <span class='ocrx_word' id='word_1_277' title='bbox 1771 1574 1836 1606; x_wconf 90' lang='lat' dir='ltr'>mi-</span> 
     </span>
     <span class='ocr_line' id='line_1_26' title="bbox 206 1628 1837 1673; baseline 0 -11"><span class='ocrx_word' id='word_1_278' title='bbox 206 1629 305 1662; x_wconf 86' lang='lat' dir='ltr'>noris</span> <span class='ocrx_word' id='word_1_279' title='bbox 323 1628 410 1662; x_wconf 90' lang='lat' dir='ltr'>fidei</span> <span class='ocrx_word' id='word_1_280' title='bbox 428 1629 549 1662; x_wconf 89' lang='lat' dir='ltr'>nostre</span> <span class='ocrx_word' id='word_1_281' title='bbox 565 1630 793 1662; x_wconf 85' lang='lat' dir='ltr'>sacramenta</span> <span class='ocrx_word' id='word_1_282' title='bbox 807 1640 847 1663; x_wconf 88' lang='lat' dir='ltr'>ac</span> <span class='ocrx_word' id='word_1_283' title='bbox 862 1630 1082 1663; x_wconf 80' lang='lat' dir='ltr'>tractatores</span> <span class='ocrx_word' id='word_1_284' title='bbox 1097 1629 1296 1663; x_wconf 79' lang='lat' dir='ltr'>catholicos</span> <span class='ocrx_word' id='word_1_285' title='bbox 1311 1629 1498 1663; x_wconf 88' lang='lat' dir='ltr'>estiment.</span> <span class='ocrx_word' id='word_1_286' title='bbox 1509 1629 1657 1673; x_wconf 90' lang='lat' dir='ltr'>quando</span> <span class='ocrx_word' id='word_1_287' title='bbox 1672 1639 1740 1673; x_wconf 88' lang='lat' dir='ltr'>per</span> <span class='ocrx_word' id='word_1_288' title='bbox 1753 1640 1837 1663; x_wconf 90' lang='lat' dir='ltr'>eum</span> 
     </span>
     <span class='ocr_line' id='line_1_27' title="bbox 207 1684 1837 1730; baseline 0 -12"><span class='ocrx_word' id='word_1_289' title='bbox 207 1686 245 1718; x_wconf 86' lang='lat' dir='ltr'>et</span> <span class='ocrx_word' id='word_1_290' title='bbox 271 1687 304 1718; x_wconf 89' lang='grc'>[0</span> <span class='ocrx_word' id='word_1_291' title='bbox 321 1684 491 1719; x_wconf 90' lang='lat' dir='ltr'>laudatos</span> <span class='ocrx_word' id='word_1_292' title='bbox 509 1686 547 1719; x_wconf 90' lang='lat' dir='ltr'>et</span> <span class='ocrx_word' id='word_1_293' title='bbox 563 1685 646 1719; x_wconf 85' lang='lat' dir='ltr'>illos</span> <span class='ocrx_word' id='word_1_294' title='bbox 664 1687 897 1729; x_wconf 89' lang='lat' dir='ltr'>contemptos</span> <span class='ocrx_word' id='word_1_295' title='bbox 916 1685 1045 1719; x_wconf 88' lang='lat' dir='ltr'>vident</span> <span class='ocrx_word' id='word_1_296' title='bbox 1062 1715 1069 1721; x_wconf 86' lang='lat'><em>.</em></span> <span class='ocrx_word' id='word_1_297' title='bbox 1088 1697 1156 1729; x_wconf 89' lang='lat' dir='ltr'>per</span> <span class='ocrx_word' id='word_1_298' title='bbox 1173 1696 1285 1729; x_wconf 87' lang='lat' dir='ltr'>quem</span> <span class='ocrx_word' id='word_1_299' title='bbox 1302 1685 1370 1730; x_wconf 90' lang='lat' dir='ltr'>ipsi</span> <span class='ocrx_word' id='word_1_300' title='bbox 1389 1686 1596 1729; x_wconf 84' lang='lat' dir='ltr'>contempti</span> <span class='ocrx_word' id='word_1_301' title='bbox 1611 1712 1617 1719; x_wconf 95' lang='lat'><strong>.</strong></span> <span class='ocrx_word' id='word_1_302' title='bbox 1634 1686 1672 1719; x_wconf 90' lang='lat' dir='ltr'>et</span> <span class='ocrx_word' id='word_1_303' title='bbox 1687 1685 1742 1718; x_wconf 88' lang='lat' dir='ltr'>illi</span> <span class='ocrx_word' id='word_1_304' title='bbox 1759 1685 1837 1718; x_wconf 86' lang='lat' dir='ltr'>lau-</span> 
     </span>
     <span class='ocr_line' id='line_1_28' title="bbox 207 1740 1837 1787; baseline 0 -13"><span class='ocrx_word' id='word_1_305' title='bbox 207 1741 287 1775; x_wconf 90' lang='lat' dir='ltr'>dari</span> <span class='ocrx_word' id='word_1_306' title='bbox 305 1742 342 1775; x_wconf 90' lang='lat' dir='ltr'>et</span> <span class='ocrx_word' id='word_1_307' title='bbox 359 1741 611 1787; x_wconf 87' lang='lat' dir='ltr'>commendari</span> <span class='ocrx_word' id='word_1_308' title='bbox 629 1741 838 1775; x_wconf 86' lang='lat' dir='ltr'>debuissent</span> <span class='ocrx_word' id='word_1_309' title='bbox 856 1741 993 1775; x_wconf 83' lang='lat' dir='ltr'>Contra</span> <span class='ocrx_word' id='word_1_310' title='bbox 1008 1741 1077 1775; x_wconf 88' lang='grc'><strong>1100</strong></span> <span class='ocrx_word' id='word_1_311' title='bbox 1095 1742 1194 1785; x_wconf 83' lang='grc' dir='ltr'><strong>(111οᾱ</strong></span> <span class='ocrx_word' id='word_1_312' title='bbox 1214 1742 1409 1776; x_wconf 88' lang='lat' dir='ltr'>ezechielis</span> <span class='ocrx_word' id='word_1_313' title='bbox 1426 1741 1490 1786; x_wconf 88' lang='lat' dir='ltr'>xiij</span> <span class='ocrx_word' id='word_1_314' title='bbox 1511 1753 1540 1776; x_wconf 90' lang='lat' dir='ltr'>c.</span> <span class='ocrx_word' id='word_1_315' title='bbox 1563 1741 1686 1776; x_wconf 87' lang='lat' dir='ltr'>scribit</span> <span class='ocrx_word' id='word_1_316' title='bbox 1710 1740 1764 1775; x_wconf 90' lang='lat' dir='ltr'>Ue</span> <span class='ocrx_word' id='word_1_317' title='bbox 1781 1741 1837 1774; x_wconf 91' lang='lat' dir='ltr'>his</span> 
     </span>
     <span class='ocr_line' id='line_1_29' title="bbox 207 1797 1837 1842; baseline -0.001 -11"><span class='ocrx_word' id='word_1_318' title='bbox 207 1797 271 1842; x_wconf 88' lang='lat' dir='ltr'>qui</span> <span class='ocrx_word' id='word_1_319' title='bbox 289 1798 469 1831; x_wconf 89' lang='lat' dir='ltr'>consuunt</span> <span class='ocrx_word' id='word_1_320' title='bbox 485 1797 661 1840; x_wconf 88' lang='lat' dir='ltr'>puluillos</span> <span class='ocrx_word' id='word_1_321' title='bbox 679 1798 743 1832; x_wconf 88' lang='lat' dir='ltr'>sub</span> <span class='ocrx_word' id='word_1_322' title='bbox 762 1798 861 1831; x_wconf 89' lang='lat' dir='ltr'>omni</span> <span class='ocrx_word' id='word_1_323' title='bbox 879 1798 1004 1831; x_wconf 88' lang='lat' dir='ltr'>cubito</span> <span class='ocrx_word' id='word_1_324' title='bbox 1023 1799 1062 1832; x_wconf 87' lang='lat' dir='ltr'>et</span> <span class='ocrx_word' id='word_1_325' title='bbox 1077 1798 1219 1832; x_wconf 89' lang='lat' dir='ltr'>faciunt</span> <span class='ocrx_word' id='word_1_326' title='bbox 1232 1797 1430 1832; x_wconf 86' lang='lat' dir='ltr'>ceruicalia</span> <span class='ocrx_word' id='word_1_327' title='bbox 1447 1797 1510 1831; x_wconf 91' lang='lat' dir='ltr'>sub</span> <span class='ocrx_word' id='word_1_328' title='bbox 1529 1798 1650 1841; x_wconf 87' lang='lat' dir='ltr'>capite</span> <span class='ocrx_word' id='word_1_329' title='bbox 1669 1797 1837 1831; x_wconf 86' lang='lat' dir='ltr'>vniuerse</span> 
     </span>
     <span class='ocr_line' id='line_1_30' title="bbox 208 1853 1838 1901; baseline -0.001 -13"><span class='ocrx_word' id='word_1_330' title='bbox 208 1854 316 1888; x_wconf 87' lang='lat' dir='ltr'>etatis</span> <span class='ocrx_word' id='word_1_331' title='bbox 327 1881 333 1888; x_wconf 92' lang='lat'>.</span> <span class='ocrx_word' id='word_1_332' title='bbox 344 1854 443 1898; x_wconf 90' lang='lat' dir='ltr'>quod</span> <span class='ocrx_word' id='word_1_333' title='bbox 462 1864 650 1898; x_wconf 79' lang='lat' dir='ltr'>exponens</span> <span class='ocrx_word' id='word_1_334' title='bbox 665 1854 773 1888; x_wconf 86' lang='lat' dir='ltr'>diuus</span> <span class='ocrx_word' id='word_1_335' title='bbox 788 1853 1286 1901; x_wconf 55' lang='grc' dir='ltr'><strong>(11108.ἔν11].1111,11101·01111111</strong></span> <span class='ocrx_word' id='word_1_336' title='bbox 1305 1853 1396 1887; x_wconf 92' lang='lat' dir='ltr'>dicit</span> <span class='ocrx_word' id='word_1_337' title='bbox 1419 1853 1478 1886; x_wconf 88' lang='lat' dir='ltr'>Ad</span> <span class='ocrx_word' id='word_1_338' title='bbox 1494 1853 1564 1887; x_wconf 88' lang='grc'><strong>1100</strong></span> <span class='ocrx_word' id='word_1_339' title='bbox 1581 1853 1760 1897; x_wconf 83' lang='grc'><strong>1111111111110</strong></span> <span class='ocrx_word' id='word_1_340' title='bbox 1778 1853 1838 1887; x_wconf 77' lang='lat' dir='ltr'>vel</span> 
     </span>
     <span class='ocr_line' id='line_1_31' title="bbox 207 1909 1838 1954; baseline -0.001 -10"><span class='ocrx_word' id='word_1_341' title='bbox 207 1910 368 1944; x_wconf 81' lang='lat' dir='ltr'>ceruical</span> <span class='ocrx_word' id='word_1_342' title='bbox 393 1910 456 1944; x_wconf 89' lang='lat' dir='ltr'>sub</span> <span class='ocrx_word' id='word_1_343' title='bbox 482 1911 603 1954; x_wconf 88' lang='lat' dir='ltr'>capite</span> <span class='ocrx_word' id='word_1_344' title='bbox 627 1911 782 1945; x_wconf 86' lang='lat' dir='ltr'>iacentis</span> <span class='ocrx_word' id='word_1_345' title='bbox 806 1911 958 1954; x_wconf 87' lang='lat' dir='ltr'>ponitur</span> <span class='ocrx_word' id='word_1_346' title='bbox 975 1937 982 1944; x_wconf 91' lang='lat'><strong>.</strong></span> <span class='ocrx_word' id='word_1_347' title='bbox 1001 1911 1042 1944; x_wconf 84' lang='lat' dir='ltr'>vt</span> <span class='ocrx_word' id='word_1_348' title='bbox 1066 1910 1228 1945; x_wconf 86' lang='lat' dir='ltr'>molliter</span> <span class='ocrx_word' id='word_1_349' title='bbox 1246 1910 1410 1954; x_wconf 83' lang='lat' dir='ltr'>quiescat</span> <span class='ocrx_word' id='word_1_350' title='bbox 1428 1938 1434 1943; x_wconf 90' lang='lat'>.</span> <span class='ocrx_word' id='word_1_351' title='bbox 1455 1909 1618 1952; x_wconf 85' lang='lat' dir='ltr'>quisquis</span> <span class='ocrx_word' id='word_1_352' title='bbox 1636 1920 1723 1954; x_wconf 83' lang='lat' dir='ltr'>ergo</span> <span class='ocrx_word' id='word_1_353' title='bbox 1741 1909 1838 1943; x_wconf 90' lang='lat' dir='ltr'>male</span> 
     </span>
     <span class='ocr_line' id='line_1_32' title="bbox 208 1965 1837 2011; baseline -0.001 -11"><span class='ocrx_word' id='word_1_354' title='bbox 208 1967 405 2011; x_wconf 84' lang='lat' dir='ltr'>agentibus</span> <span class='ocrx_word' id='word_1_355' title='bbox 429 1966 602 2001; x_wconf 84' lang='lat' dir='ltr'>adulatur</span> <span class='ocrx_word' id='word_1_356' title='bbox 625 1967 823 2011; x_wconf 88' lang='lat' dir='ltr'>puluillum</span> <span class='ocrx_word' id='word_1_357' title='bbox 847 1967 910 2001; x_wconf 89' lang='lat' dir='ltr'>sub</span> <span class='ocrx_word' id='word_1_358' title='bbox 934 1966 1059 2000; x_wconf 87' lang='lat' dir='ltr'>cubito</span> <span class='ocrx_word' id='word_1_359' title='bbox 1086 1966 1146 2000; x_wconf 85' lang='lat' dir='ltr'>vel</span> <span class='ocrx_word' id='word_1_360' title='bbox 1171 1966 1331 2000; x_wconf 86' lang='lat' dir='ltr'>ceruical</span> <span class='ocrx_word' id='word_1_361' title='bbox 1355 1966 1418 1999; x_wconf 85' lang='lat' dir='ltr'>sub</span> <span class='ocrx_word' id='word_1_362' title='bbox 1445 1965 1566 2009; x_wconf 88' lang='lat' dir='ltr'>capite</span> <span class='ocrx_word' id='word_1_363' title='bbox 1593 1965 1749 1999; x_wconf 84' lang='lat' dir='ltr'>iacentis</span> <span class='ocrx_word' id='word_1_364' title='bbox 1773 1976 1837 2010; x_wconf 91' lang='lat' dir='ltr'>po-</span> 
     </span>
     <span class='ocr_line' id='line_1_33' title="bbox 207 2020 1838 2067; baseline -0.001 -11"><span class='ocrx_word' id='word_1_365' title='bbox 207 2023 289 2058; x_wconf 90' lang='lat' dir='ltr'>nit.</span> <span class='ocrx_word' id='word_1_366' title='bbox 308 2024 350 2057; x_wconf 80' lang='lat' dir='ltr'>vt</span> <span class='ocrx_word' id='word_1_367' title='bbox 380 2024 443 2066; x_wconf 88' lang='lat' dir='ltr'>qui</span> <span class='ocrx_word' id='word_1_368' title='bbox 475 2023 609 2067; x_wconf 89' lang='lat' dir='ltr'>corripi</span> <span class='ocrx_word' id='word_1_369' title='bbox 641 2035 685 2057; x_wconf 81' lang='lat' dir='ltr'>ex</span> <span class='ocrx_word' id='word_1_370' title='bbox 716 2023 827 2067; x_wconf 88' lang='lat' dir='ltr'>culpa</span> <span class='ocrx_word' id='word_1_371' title='bbox 850 2022 1056 2059; x_wconf 85' lang='lat' dir='ltr'>debuerat.</span> <span class='ocrx_word' id='word_1_372' title='bbox 1076 2022 1114 2055; x_wconf 92' lang='lat' dir='ltr'>in</span> <span class='ocrx_word' id='word_1_373' title='bbox 1139 2033 1182 2056; x_wconf 88' lang='lat' dir='ltr'>ea</span> <span class='ocrx_word' id='word_1_374' title='bbox 1208 2022 1323 2056; x_wconf 87' lang='lat' dir='ltr'>fultus</span> <span class='ocrx_word' id='word_1_375' title='bbox 1352 2022 1525 2056; x_wconf 80' lang='lat' dir='ltr'>laudibus</span> <span class='ocrx_word' id='word_1_376' title='bbox 1549 2020 1713 2055; x_wconf 86' lang='lat' dir='ltr'>molliter</span> <span class='ocrx_word' id='word_1_377' title='bbox 1736 2021 1838 2065; x_wconf 87' lang='lat' dir='ltr'>quie-</span> 
     </span>
     <span class='ocr_line' id='line_1_34' title="bbox 209 2077 1837 2123; baseline -0.002 -10"><span class='ocrx_word' id='word_1_378' title='bbox 209 2081 283 2113; x_wconf 86' lang='lat' dir='ltr'>scat</span> <span class='ocrx_word' id='word_1_379' title='bbox 316 2079 364 2113; x_wconf 90' lang='lat' dir='ltr'>Et</span> <span class='ocrx_word' id='word_1_380' title='bbox 381 2082 501 2113; x_wconf 84' lang='lat' dir='ltr'>rursus</span> <span class='ocrx_word' id='word_1_381' title='bbox 519 2090 666 2123; x_wconf 87' lang='lat' dir='ltr'>quoque</span> <span class='ocrx_word' id='word_1_382' title='bbox 687 2079 855 2113; x_wconf 89' lang='lat' dir='ltr'>scribitur</span> <span class='ocrx_word' id='word_1_383' title='bbox 872 2106 878 2112; x_wconf 95' lang='lat'>.</span> <span class='ocrx_word' id='word_1_384' title='bbox 898 2078 977 2122; x_wconf 87' lang='lat' dir='ltr'>Ipse</span> <span class='ocrx_word' id='word_1_385' title='bbox 997 2078 1196 2112; x_wconf 88' lang='lat' dir='ltr'>edificabat</span> <span class='ocrx_word' id='word_1_386' title='bbox 1212 2078 1406 2122; x_wconf 89' lang='lat' dir='ltr'>parietem.</span> <span class='ocrx_word' id='word_1_387' title='bbox 1430 2077 1485 2110; x_wconf 92' lang='lat' dir='ltr'>illi</span> <span class='ocrx_word' id='word_1_388' title='bbox 1512 2078 1636 2111; x_wconf 89' lang='lat' dir='ltr'>autem</span> <span class='ocrx_word' id='word_1_389' title='bbox 1653 2077 1837 2111; x_wconf 89' lang='lat' dir='ltr'>liniebant</span> 
     </span>
     <span class='ocr_line' id='line_1_35' title="bbox 209 2133 1835 2179; baseline -0.002 -9"><span class='ocrx_word' id='word_1_390' title='bbox 209 2147 293 2170; x_wconf 84' lang='lat' dir='ltr'>eum</span> <span class='ocrx_word' id='word_1_391' title='bbox 313 2162 320 2169; x_wconf 89' lang='lat'><strong>.</strong></span> <span class='ocrx_word' id='word_1_392' title='bbox 337 2136 490 2179; x_wconf 86' lang='lat' dir='ltr'>parietis</span> <span class='ocrx_word' id='word_1_393' title='bbox 515 2135 653 2179; x_wconf 89' lang='lat' dir='ltr'>quippe</span> <span class='ocrx_word' id='word_1_394' title='bbox 679 2135 827 2170; x_wconf 90' lang='lat' dir='ltr'>nomine</span> <span class='ocrx_word' id='word_1_395' title='bbox 859 2135 1004 2178; x_wconf 86' lang='lat' dir='ltr'>peccati</span> <span class='ocrx_word' id='word_1_396' title='bbox 1035 2134 1172 2168; x_wconf 88' lang='lat' dir='ltr'>duritia</span> <span class='ocrx_word' id='word_1_397' title='bbox 1203 2134 1417 2179; x_wconf 79' lang='lat' dir='ltr'>designatur</span> <span class='ocrx_word' id='word_1_398' title='bbox 1433 2160 1440 2167; x_wconf 95' lang='lat'>.</span> <span class='ocrx_word' id='word_1_399' title='bbox 1460 2133 1632 2167; x_wconf 85' lang='lat' dir='ltr'>edificare</span> <span class='ocrx_word' id='word_1_400' title='bbox 1659 2144 1746 2177; x_wconf 81' lang='lat' dir='ltr'>ergo</span> <span class='ocrx_word' id='word_1_401' title='bbox 1772 2144 1835 2177; x_wconf 90' lang='lat' dir='ltr'>pa-</span> 
     </span>
     <span class='ocr_line' id='line_1_36' title="bbox 209 2189 1833 2236; baseline -0.003 -10"><span class='ocrx_word' id='word_1_402' title='bbox 209 2193 339 2226; x_wconf 88' lang='lat' dir='ltr'>rietem</span> <span class='ocrx_word' id='word_1_403' title='bbox 358 2194 411 2226; x_wconf 87' lang='lat' dir='ltr'>est</span> <span class='ocrx_word' id='word_1_404' title='bbox 427 2193 557 2225; x_wconf 85' lang='lat' dir='ltr'>contra</span> <span class='ocrx_word' id='word_1_405' title='bbox 578 2194 611 2225; x_wconf 84' lang='lat' dir='ltr'>se</span> <span class='ocrx_word' id='word_1_406' title='bbox 630 2191 844 2236; x_wconf 87' lang='lat' dir='ltr'>quempiam</span> <span class='ocrx_word' id='word_1_407' title='bbox 863 2191 1051 2225; x_wconf 84' lang='lat' dir='ltr'>obstacula</span> <span class='ocrx_word' id='word_1_408' title='bbox 1067 2190 1213 2234; x_wconf 87' lang='lat' dir='ltr'>peccati</span> <span class='ocrx_word' id='word_1_409' title='bbox 1232 2191 1441 2224; x_wconf 87' lang='lat' dir='ltr'>construere</span> <span class='ocrx_word' id='word_1_410' title='bbox 1462 2218 1468 2224; x_wconf 87' lang='lat'>.</span> <span class='ocrx_word' id='word_1_411' title='bbox 1490 2189 1628 2223; x_wconf 87' lang='lat' dir='ltr'>scilicet</span> <span class='ocrx_word' id='word_1_412' title='bbox 1650 2189 1833 2232; x_wconf 88' lang='lat' dir='ltr'>parietem</span> 
     </span>
     <span class='ocr_line' id='line_1_37' title="bbox 207 2245 1834 2292; baseline -0.002 -11"><span class='ocrx_word' id='word_1_413' title='bbox 207 2248 346 2282; x_wconf 87' lang='lat' dir='ltr'>liniunt</span> <span class='ocrx_word' id='word_1_414' title='bbox 370 2249 434 2291; x_wconf 88' lang='lat' dir='ltr'>qui</span> <span class='ocrx_word' id='word_1_415' title='bbox 458 2249 613 2292; x_wconf 87' lang='lat' dir='ltr'>peccata</span> <span class='ocrx_word' id='word_1_416' title='bbox 635 2248 937 2291; x_wconf 75' lang='lat' dir='ltr'>perpetrantibus</span> <span class='ocrx_word' id='word_1_417' title='bbox 967 2246 1189 2280; x_wconf 87' lang='lat' dir='ltr'>adulantur.</span> <span class='ocrx_word' id='word_1_418' title='bbox 1208 2247 1250 2280; x_wconf 82' lang='lat' dir='ltr'>vt</span> <span class='ocrx_word' id='word_1_419' title='bbox 1273 2246 1373 2290; x_wconf 90' lang='lat' dir='ltr'>quod</span> <span class='ocrx_word' id='word_1_420' title='bbox 1402 2245 1459 2278; x_wconf 90' lang='lat' dir='ltr'>illi</span> <span class='ocrx_word' id='word_1_421' title='bbox 1489 2246 1654 2289; x_wconf 90' lang='lat' dir='ltr'>peruersi</span> <span class='ocrx_word' id='word_1_422' title='bbox 1681 2246 1834 2289; x_wconf 78' lang='lat' dir='ltr'>agentes</span> 
     </span>
     <span class='ocr_line' id='line_1_38' title="bbox 209 2301 1835 2348; baseline -0.003 -10"><span class='ocrx_word' id='word_1_423' title='bbox 209 2304 404 2338; x_wconf 87' lang='lat' dir='ltr'>edificant.</span> <span class='ocrx_word' id='word_1_424' title='bbox 419 2304 487 2348; x_wconf 89' lang='lat' dir='ltr'>ipsi</span> <span class='ocrx_word' id='word_1_425' title='bbox 505 2304 699 2338; x_wconf 84' lang='lat' dir='ltr'>adulantes</span> <span class='ocrx_word' id='word_1_426' title='bbox 720 2303 820 2347; x_wconf 89' lang='lat' dir='ltr'>quasi</span> <span class='ocrx_word' id='word_1_427' title='bbox 841 2303 1001 2337; x_wconf 89' lang='lat' dir='ltr'>nitidum</span> <span class='ocrx_word' id='word_1_428' title='bbox 1020 2303 1200 2337; x_wconf 87' lang='lat' dir='ltr'>reddant.</span> <span class='ocrx_word' id='word_1_429' title='bbox 1218 2301 1328 2336; x_wconf 85' lang='lat' dir='ltr'>Cuius</span> <span class='ocrx_word' id='word_1_430' title='bbox 1349 2301 1463 2336; x_wconf 88' lang='lat' dir='ltr'>etiam</span> <span class='ocrx_word' id='word_1_431' title='bbox 1482 2301 1659 2345; x_wconf 89' lang='lat' dir='ltr'>scripture</span> <span class='ocrx_word' id='word_1_432' title='bbox 1675 2301 1835 2345; x_wconf 84' lang='lat' dir='ltr'>optimos</span> 
     </span>
     <span class='ocr_line' id='line_1_39' title="bbox 209 2356 1837 2405; baseline -0.003 -11"><span class='ocrx_word' id='word_1_433' title='bbox 209 2364 371 2405; x_wconf 89' lang='lat' dir='ltr'>quosque</span> <span class='ocrx_word' id='word_1_434' title='bbox 396 2360 494 2394; x_wconf 83' lang='lat' dir='ltr'>viros</span> <span class='ocrx_word' id='word_1_435' title='bbox 512 2388 518 2394; x_wconf 88' lang='lat'><em>.</em></span> <span class='ocrx_word' id='word_1_436' title='bbox 537 2361 667 2405; x_wconf 83' lang='lat' dir='ltr'>poetas</span> <span class='ocrx_word' id='word_1_437' title='bbox 690 2361 728 2394; x_wconf 90' lang='lat' dir='ltr'>et</span> <span class='ocrx_word' id='word_1_438' title='bbox 749 2360 940 2394; x_wconf 84' lang='lat' dir='ltr'>historicos</span> <span class='ocrx_word' id='word_1_439' title='bbox 962 2371 1145 2394; x_wconf 84' lang='lat' dir='ltr'>memores</span> <span class='ocrx_word' id='word_1_440' title='bbox 1170 2359 1341 2403; x_wconf 87' lang='lat' dir='ltr'>optamus</span> <span class='ocrx_word' id='word_1_441' title='bbox 1365 2369 1411 2391; x_wconf 89' lang='lat' dir='ltr'>ne</span> <span class='ocrx_word' id='word_1_442' title='bbox 1435 2357 1518 2401; x_wconf 92' lang='lat' dir='ltr'>plus</span> <span class='ocrx_word' id='word_1_443' title='bbox 1540 2359 1694 2401; x_wconf 86' lang='lat' dir='ltr'>persone</span> <span class='ocrx_word' id='word_1_444' title='bbox 1722 2356 1837 2390; x_wconf 87' lang='lat' dir='ltr'>cuius-</span> 
     </span>
     <span class='ocr_line' id='line_1_40' title="bbox 209 2412 1838 2461; baseline -0.004 -10"><span class='ocrx_word' id='word_1_445' title='bbox 209 2428 367 2460; x_wconf 88' lang='lat' dir='ltr'>cumque</span> <span class='ocrx_word' id='word_1_446' title='bbox 400 2417 529 2460; x_wconf 88' lang='lat' dir='ltr'>(etiam</span> <span class='ocrx_word' id='word_1_447' title='bbox 560 2417 586 2450; x_wconf 85' lang='lat' dir='ltr'>si</span> <span class='ocrx_word' id='word_1_448' title='bbox 611 2417 699 2451; x_wconf 86' lang='lat' dir='ltr'>olim</span> <span class='ocrx_word' id='word_1_449' title='bbox 723 2416 870 2461; x_wconf 84' lang='lat' dir='ltr'>genitor</span> <span class='ocrx_word' id='word_1_450' title='bbox 893 2416 1097 2460; x_wconf 88' lang='lat' dir='ltr'>cuiuspiam</span> <span class='ocrx_word' id='word_1_451' title='bbox 1123 2426 1250 2450; x_wconf 86' lang='lat' dir='ltr'>eorum</span> <span class='ocrx_word' id='word_1_452' title='bbox 1272 2414 1410 2457; x_wconf 77' lang='lat' dir='ltr'>fuisset)</span> <span class='ocrx_word' id='word_1_453' title='bbox 1434 2413 1561 2447; x_wconf 85' lang='lat' dir='ltr'>fauore</span> <span class='ocrx_word' id='word_1_454' title='bbox 1580 2440 1587 2446; x_wconf 88' lang='lat'><em>.</em></span> <span class='ocrx_word' id='word_1_455' title='bbox 1606 2424 1718 2457; x_wconf 88' lang='lat' dir='ltr'>quam</span> <span class='ocrx_word' id='word_1_456' title='bbox 1750 2412 1838 2445; x_wconf 78' lang='lat' dir='ltr'>fidei</span> 
     </span>
     <span class='ocr_line' id='line_1_41' title="bbox 209 2469 1836 2517; baseline -0.004 -10"><span class='ocrx_word' id='word_1_457' title='bbox 209 2473 367 2508; x_wconf 85' lang='lat' dir='ltr'>veritate</span> <span class='ocrx_word' id='word_1_458' title='bbox 386 2484 427 2507; x_wconf 89' lang='lat' dir='ltr'>ac</span> <span class='ocrx_word' id='word_1_459' title='bbox 444 2473 662 2517; x_wconf 84' lang='lat' dir='ltr'>integritate</span> <span class='ocrx_word' id='word_1_460' title='bbox 681 2473 980 2516; x_wconf 82' lang='lat' dir='ltr'>pernioueantur.</span> <span class='ocrx_word' id='word_1_461' title='bbox 1007 2472 1161 2506; x_wconf 87' lang='lat' dir='ltr'>scientes</span> <span class='ocrx_word' id='word_1_462' title='bbox 1179 2470 1279 2515; x_wconf 87' lang='lat' dir='ltr'>quod</span> <span class='ocrx_word' id='word_1_463' title='bbox 1296 2471 1379 2514; x_wconf 89' lang='lat' dir='ltr'>post</span> <span class='ocrx_word' id='word_1_464' title='bbox 1394 2469 1523 2513; x_wconf 86' lang='lat' dir='ltr'>longas</span> <span class='ocrx_word' id='word_1_465' title='bbox 1541 2469 1836 2503; x_wconf 89' lang='lat' dir='ltr'>concertationes</span> 
     </span>
     <span class='ocr_line' id='line_1_42' title="bbox 209 2518 1838 2572; baseline -0.004 -8"><span class='ocrx_word' id='word_1_466' title='bbox 209 2530 409 2564; x_wconf 87' lang='lat' dir='ltr'>verborum</span> <span class='ocrx_word' id='word_1_467' title='bbox 433 2531 471 2563; x_wconf 85' lang='lat' dir='ltr'>et</span> <span class='ocrx_word' id='word_1_468' title='bbox 499 2518 604 2563; x_wconf 82' lang='lat' dir='ltr'>illata</span> <span class='ocrx_word' id='word_1_469' title='bbox 634 2528 798 2563; x_wconf 86' lang='lat' dir='ltr'>conuitia</span> <span class='ocrx_word' id='word_1_470' title='bbox 824 2539 945 2572; x_wconf 90' lang='lat' dir='ltr'>neque</span> <span class='ocrx_word' id='word_1_471' title='bbox 976 2528 1067 2562; x_wconf 90' lang='lat' dir='ltr'>fides</span> <span class='ocrx_word' id='word_1_472' title='bbox 1095 2528 1320 2562; x_wconf 86' lang='lat' dir='ltr'>intemerata</span> <span class='ocrx_word' id='word_1_473' title='bbox 1336 2553 1343 2560; x_wconf 94' lang='lat'>.</span> <span class='ocrx_word' id='word_1_474' title='bbox 1362 2535 1484 2568; x_wconf 85' lang='lat' dir='ltr'>neque</span> <span class='ocrx_word' id='word_1_475' title='bbox 1513 2525 1651 2558; x_wconf 82' lang='lat' dir='ltr'>veritas</span> <span class='ocrx_word' id='word_1_476' title='bbox 1674 2535 1838 2568; x_wconf 83' lang='lat' dir='ltr'>vnquam</span> 
     </span>
     <span class='ocr_line' id='line_1_43' title="bbox 210 2578 1837 2629; baseline -0.005 -9"><span class='ocrx_word' id='word_1_477' title='bbox 210 2586 326 2620; x_wconf 87' lang='lat' dir='ltr'>vincit</span> <span class='ocrx_word' id='word_1_478' title='bbox 349 2586 410 2620; x_wconf 89' lang='lat' dir='ltr'>sed</span> <span class='ocrx_word' id='word_1_479' title='bbox 434 2585 615 2629; x_wconf 61' lang='lat' dir='ltr'>praevalet</span> <span class='ocrx_word' id='word_1_480' title='bbox 638 2586 677 2619; x_wconf 91' lang='lat' dir='ltr'>et</span> <span class='ocrx_word' id='word_1_481' title='bbox 698 2584 922 2618; x_wconf 88' lang='lat' dir='ltr'>conualescit</span> <span class='ocrx_word' id='word_1_482' title='bbox 945 2584 1037 2618; x_wconf 86' lang='lat' dir='ltr'>sicut</span> <span class='ocrx_word' id='word_1_483' title='bbox 1062 2583 1187 2617; x_wconf 89' lang='lat' dir='ltr'>scribit</span> <span class='ocrx_word' id='word_1_484' title='bbox 1210 2582 1395 2626; x_wconf 88' lang='lat' dir='ltr'>apostolus</span> <span class='ocrx_word' id='word_1_485' title='bbox 1419 2581 1465 2614; x_wconf 91' lang='lat' dir='ltr'>ad</span> <span class='ocrx_word' id='word_1_486' title='bbox 1489 2580 1646 2614; x_wconf 89' lang='lat' dir='ltr'>hebreos</span> <span class='ocrx_word' id='word_1_487' title='bbox 1672 2579 1722 2625; x_wconf 64' lang='lat' dir='ltr'>gi.</span> <span class='ocrx_word' id='word_1_488' title='bbox 1749 2578 1837 2612; x_wconf 84' lang='lat' dir='ltr'>San-</span> 
     </span>
     <span class='ocr_line' id='line_1_44' title="bbox 211 2635 1836 2686; baseline -0.006 -10"><span class='ocrx_word' id='word_1_489' title='bbox 211 2643 261 2676; x_wconf 88' lang='lat' dir='ltr'>cti</span> <span class='ocrx_word' id='word_1_490' title='bbox 282 2652 350 2686; x_wconf 89' lang='lat' dir='ltr'>per</span> <span class='ocrx_word' id='word_1_491' title='bbox 367 2642 479 2676; x_wconf 87' lang='lat' dir='ltr'>fidem</span> <span class='ocrx_word' id='word_1_492' title='bbox 496 2642 667 2675; x_wconf 84' lang='lat' dir='ltr'>vicerunt</span> <span class='ocrx_word' id='word_1_493' title='bbox 684 2651 799 2685; x_wconf 84' lang='lat' dir='ltr'>regna</span> <span class='ocrx_word' id='word_1_494' title='bbox 817 2640 961 2684; x_wconf 88' lang='lat' dir='ltr'>operati</span> <span class='ocrx_word' id='word_1_495' title='bbox 978 2640 1061 2673; x_wconf 87' lang='lat' dir='ltr'>sunt</span> <span class='ocrx_word' id='word_1_496' title='bbox 1076 2639 1259 2672; x_wconf 85' lang='lat' dir='ltr'>iusticiam</span> <span class='ocrx_word' id='word_1_497' title='bbox 1277 2638 1405 2681; x_wconf 86' lang='lat' dir='ltr'>adepti</span> <span class='ocrx_word' id='word_1_498' title='bbox 1423 2637 1506 2670; x_wconf 89' lang='lat' dir='ltr'>sunt</span> <span class='ocrx_word' id='word_1_499' title='bbox 1522 2635 1836 2679; x_wconf 85' lang='lat' dir='ltr'>repromissiones.</span> 
     </span>
     <span class='ocr_line' id='line_1_45' title="bbox 209 2690 1839 2742; baseline -0.006 -10"><span class='ocrx_word' id='word_1_500' title='bbox 209 2698 257 2732; x_wconf 91' lang='lat' dir='ltr'>Et</span> <span class='ocrx_word' id='word_1_501' title='bbox 269 2698 357 2742; x_wconf 81' lang='lat' dir='ltr'>quia</span> <span class='ocrx_word' id='word_1_502' title='bbox 370 2697 591 2732; x_wconf 89' lang='lat' dir='ltr'>serenissime</span> <span class='ocrx_word' id='word_1_503' title='bbox 606 2697 809 2740; x_wconf 84' lang='lat' dir='ltr'>imperator</span> <span class='ocrx_word' id='word_1_504' title='bbox 823 2696 875 2730; x_wconf 86' lang='lat' dir='ltr'>sui</span> <span class='ocrx_word' id='word_1_505' title='bbox 893 2695 991 2729; x_wconf 87' lang='lat' dir='ltr'>illius</span> <span class='ocrx_word' id='word_1_506' title='bbox 1004 2694 1124 2729; x_wconf 85' lang='lat' dir='ltr'>libelli</span> <span class='ocrx_word' id='word_1_507' title='bbox 1138 2695 1176 2728; x_wconf 90' lang='lat' dir='ltr'>et</span> <span class='ocrx_word' id='word_1_508' title='bbox 1189 2692 1468 2727; x_wconf 86' lang='lat' dir='ltr'>consultationis</span> <span class='ocrx_word' id='word_1_509' title='bbox 1482 2690 1671 2725; x_wconf 86' lang='lat' dir='ltr'>occasione</span> <span class='ocrx_word' id='word_1_510' title='bbox 1685 2690 1839 2734; x_wconf 86' lang='lat' dir='ltr'>plurimi</span> 
     </span>
     <span class='ocr_line' id='line_1_46' title="bbox 211 2747 1839 2797; baseline -0.006 -9"><span class='ocrx_word' id='word_1_511' title='bbox 211 2754 439 2788; x_wconf 84' lang='lat' dir='ltr'>arbitrantur</span> <span class='ocrx_word' id='word_1_512' title='bbox 457 2779 464 2787; x_wconf 89' lang='lat'><strong><em>.</em></strong></span> <span class='ocrx_word' id='word_1_513' title='bbox 481 2753 678 2797; x_wconf 84' lang='lat' dir='ltr'>negocium</span> <span class='ocrx_word' id='word_1_514' title='bbox 703 2751 899 2786; x_wconf 86' lang='lat' dir='ltr'>ablationis</span> <span class='ocrx_word' id='word_1_515' title='bbox 916 2751 1095 2784; x_wconf 86' lang='lat' dir='ltr'>librorum</span> <span class='ocrx_word' id='word_1_516' title='bbox 1118 2749 1350 2783; x_wconf 86' lang='lat' dir='ltr'>iudaicorum</span> <span class='ocrx_word' id='word_1_517' title='bbox 1368 2748 1509 2782; x_wconf 88' lang='lat' dir='ltr'>dudum</span> <span class='ocrx_word' id='word_1_518' title='bbox 1535 2758 1603 2791; x_wconf 87' lang='lat' dir='ltr'>per</span> <span class='ocrx_word' id='word_1_519' title='bbox 1619 2747 1722 2780; x_wconf 89' lang='lat' dir='ltr'>tuam</span> <span class='ocrx_word' id='word_1_520' title='bbox 1741 2748 1839 2780; x_wconf 84' lang='lat' dir='ltr'>cesa-</span> 
     </span>
     <span class='ocr_line' id='line_1_47' title="bbox 211 2801 1837 2852; baseline -0.006 -9"><span class='ocrx_word' id='word_1_521' title='bbox 211 2822 313 2845; x_wconf 89' lang='lat' dir='ltr'>ream</span> <span class='ocrx_word' id='word_1_522' title='bbox 330 2810 563 2844; x_wconf 84' lang='lat' dir='ltr'>maiestatem</span> <span class='ocrx_word' id='word_1_523' title='bbox 587 2809 752 2843; x_wconf 88' lang='lat' dir='ltr'>seriosius</span> <span class='ocrx_word' id='word_1_524' title='bbox 777 2808 929 2852; x_wconf 89' lang='lat' dir='ltr'>ceptum</span> <span class='ocrx_word' id='word_1_525' title='bbox 947 2834 953 2841; x_wconf 88' lang='lat'><strong><em>.</em></strong></span> <span class='ocrx_word' id='word_1_526' title='bbox 971 2807 1150 2840; x_wconf 86' lang='lat' dir='ltr'>hactenus</span> <span class='ocrx_word' id='word_1_527' title='bbox 1173 2805 1280 2839; x_wconf 86' lang='lat' dir='ltr'>fuisse</span> <span class='ocrx_word' id='word_1_528' title='bbox 1305 2803 1551 2838; x_wconf 76' lang='lat' dir='ltr'>intermissum</span> <span class='ocrx_word' id='word_1_529' title='bbox 1570 2829 1577 2836; x_wconf 91' lang='lat'>.</span> <span class='ocrx_word' id='word_1_530' title='bbox 1596 2801 1734 2836; x_wconf 88' lang='lat' dir='ltr'>Iccirco</span> <span class='ocrx_word' id='word_1_531' title='bbox 1758 2801 1837 2835; x_wconf 86' lang='lat' dir='ltr'>zelo</span> 
     </span>
     <span class='ocr_line' id='line_1_48' title="bbox 212 2858 1838 2910; baseline -0.006 -9"><span class='ocrx_word' id='word_1_532' title='bbox 212 2867 372 2901; x_wconf 85' lang='lat' dir='ltr'>ecclesiae</span> <span class='ocrx_word' id='word_1_533' title='bbox 404 2876 470 2910; x_wconf 91' lang='lat' dir='ltr'>pro</span> <span class='ocrx_word' id='word_1_534' title='bbox 496 2864 584 2898; x_wconf 89' lang='lat' dir='ltr'>fidei</span> <span class='ocrx_word' id='word_1_535' title='bbox 607 2863 809 2898; x_wconf 79' lang='lat' dir='ltr'>orthodoxe</span> <span class='ocrx_word' id='word_1_536' title='bbox 834 2862 1123 2906; x_wconf 81' lang='lat' dir='ltr'>amplificatione</span> <span class='ocrx_word' id='word_1_537' title='bbox 1152 2862 1190 2896; x_wconf 88' lang='lat' dir='ltr'>et</span> <span class='ocrx_word' id='word_1_538' title='bbox 1218 2861 1407 2895; x_wconf 85' lang='lat' dir='ltr'>occasione</span> <span class='ocrx_word' id='word_1_539' title='bbox 1438 2858 1686 2894; x_wconf 85' lang='lat' dir='ltr'>conuersionis</span> <span class='ocrx_word' id='word_1_540' title='bbox 1716 2858 1838 2902; x_wconf 83' lang='lat' dir='ltr'>gentis</span> 
     </span>
     <span class='ocr_line' id='line_1_49' title="bbox 213 2913 1837 2966; baseline -0.007 -9"><span class='ocrx_word' id='word_1_541' title='bbox 213 2923 351 2957; x_wconf 82' lang='lat' dir='ltr'>hebi-ee</span> <span class='ocrx_word' id='word_1_542' title='bbox 370 2949 376 2956; x_wconf 92' lang='lat'>.</span> <span class='ocrx_word' id='word_1_543' title='bbox 397 2922 443 2956; x_wconf 90' lang='lat' dir='ltr'>ad</span> <span class='ocrx_word' id='word_1_544' title='bbox 460 2921 618 2966; x_wconf 81' lang='lat' dir='ltr'>gloriam</span> <span class='ocrx_word' id='word_1_545' title='bbox 636 2919 697 2954; x_wconf 91' lang='lat' dir='ltr'>dei</span> <span class='ocrx_word' id='word_1_546' title='bbox 715 2921 752 2954; x_wconf 88' lang='lat' dir='ltr'>et</span> <span class='ocrx_word' id='word_1_547' title='bbox 768 2920 831 2953; x_wconf 90' lang='lat' dir='ltr'>tue</span> <span class='ocrx_word' id='word_1_548' title='bbox 850 2917 1078 2953; x_wconf 85' lang='lat' dir='ltr'>celsitudinis</span> <span class='ocrx_word' id='word_1_549' title='bbox 1097 2928 1138 2951; x_wconf 88' lang='grc'>00</span> <span class='ocrx_word' id='word_1_550' title='bbox 1155 2916 1361 2961; x_wconf 87' lang='lat' dir='ltr'>imperialis</span> <span class='ocrx_word' id='word_1_551' title='bbox 1378 2915 1536 2950; x_wconf 87' lang='lat' dir='ltr'>nominis</span> <span class='ocrx_word' id='word_1_552' title='bbox 1555 2913 1837 2948; x_wconf 80' lang='lat' dir='ltr'>exaltationem.</span> 
     </span>
     <span class='ocr_line' id='line_1_50' title="bbox 211 2969 1838 3022; baseline -0.006 -10"><span class='ocrx_word' id='word_1_553' title='bbox 211 2979 305 3012; x_wconf 90' lang='lat' dir='ltr'>illud</span> <span class='ocrx_word' id='word_1_554' title='bbox 330 2979 449 3022; x_wconf 88' lang='lat' dir='ltr'>ipsum</span> <span class='ocrx_word' id='word_1_555' title='bbox 474 2977 643 3021; x_wconf 81' lang='lat' dir='ltr'>religiose</span> <span class='ocrx_word' id='word_1_556' title='bbox 666 2975 795 3020; x_wconf 87' lang='lat' dir='ltr'>perfici</span> <span class='ocrx_word' id='word_1_557' title='bbox 819 2975 947 3008; x_wconf 85' lang='lat' dir='ltr'>iubeas</span> <span class='ocrx_word' id='word_1_558' title='bbox 988 2973 1046 3007; x_wconf 86' lang='lat' dir='ltr'>Ne</span> <span class='ocrx_word' id='word_1_559' title='bbox 1070 2973 1206 3017; x_wconf 88' lang='lat' dir='ltr'>perfidi</span> <span class='ocrx_word' id='word_1_560' title='bbox 1231 2983 1340 3007; x_wconf 91' lang='lat' dir='ltr'>canes</span> <span class='ocrx_word' id='word_1_561' title='bbox 1363 2971 1505 3005; x_wconf 87' lang='lat' dir='ltr'>inimici</span> <span class='ocrx_word' id='word_1_562' title='bbox 1528 2969 1688 3004; x_wconf 89' lang='lat' dir='ltr'>nominis</span> <span class='ocrx_word' id='word_1_563' title='bbox 1713 2969 1838 3003; x_wconf 87' lang='lat' dir='ltr'>christi</span> 
     </span>
     <span class='ocr_line' id='line_1_51' title="bbox 213 3025 1837 3079; baseline -0.007 -11"><span class='ocrx_word' id='word_1_564' title='bbox 213 3035 276 3078; x_wconf 89' lang='lat' dir='ltr'>qui</span> <span class='ocrx_word' id='word_1_565' title='bbox 293 3046 360 3079; x_wconf 87' lang='lat' dir='ltr'>pro</span> <span class='ocrx_word' id='word_1_566' title='bbox 379 3034 516 3078; x_wconf 84' lang='lat' dir='ltr'>ereptis</span> <span class='ocrx_word' id='word_1_567' title='bbox 535 3033 601 3067; x_wconf 88' lang='lat' dir='ltr'>sibi</span> <span class='ocrx_word' id='word_1_568' title='bbox 618 3032 722 3065; x_wconf 85' lang='lat' dir='ltr'>libris</span> <span class='ocrx_word' id='word_1_569' title='bbox 739 3042 858 3076; x_wconf 85' lang='lat' dir='ltr'>nuper</span> <span class='ocrx_word' id='word_1_570' title='bbox 874 3040 1017 3064; x_wconf 85' lang='lat' dir='ltr'>merere</span> <span class='ocrx_word' id='word_1_571' title='bbox 1036 3029 1214 3072; x_wconf 84' lang='lat' dir='ltr'>ceperant</span> <span class='ocrx_word' id='word_1_572' title='bbox 1230 3056 1237 3063; x_wconf 95' lang='lat'><strong><em>.</em></strong></span> <span class='ocrx_word' id='word_1_573' title='bbox 1254 3040 1353 3062; x_wconf 89' lang='grc'><strong>1111110</strong></span> <span class='ocrx_word' id='word_1_574' title='bbox 1373 3028 1479 3062; x_wconf 87' lang='lat' dir='ltr'>nobis</span> <span class='ocrx_word' id='word_1_575' title='bbox 1495 3027 1550 3071; x_wconf 88' lang='lat' dir='ltr'>(vt</span> <span class='ocrx_word' id='word_1_576' title='bbox 1567 3026 1620 3060; x_wconf 90' lang='lat' dir='ltr'>ait</span> <span class='ocrx_word' id='word_1_577' title='bbox 1636 3025 1837 3070; x_wconf 85' lang='lat' dir='ltr'>psalmista)</span> 
     </span>
    </p>
   </div>
   <div class='ocr_carea' id='block_1_3' title="bbox 172 3087 1570 3125">
    <p class='ocr_par' dir='ltr' id='par_1_3' title="bbox 172 3087 1570 3125">
     <span class='ocr_line' id='line_1_52' title="bbox 172 3087 1570 3125; baseline -0.006 -1"><span class='ocrx_word' id='word_1_578' title='bbox 172 3104 260 3124; x_wconf 57' lang='lat' dir='ltr'>nrm.</span> <span class='ocrx_word' id='word_1_579' title='bbox 280 3104 345 3125; x_wconf 75' lang='lat' dir='ltr'>OPP.</span> <span class='ocrx_word' id='word_1_580' title='bbox 364 3104 465 3124; x_wconf 70' lang='lat' dir='ltr'>svrrn.</span> <span class='ocrx_word' id='word_1_581' title='bbox 484 3103 515 3123; x_wconf 86' lang='grc' dir='ltr'>Π,</span> <span class='ocrx_word' id='word_1_582' title='bbox 1527 3087 1570 3117; x_wconf 80' lang='grc'>35</span> 
     </span>
    </p>
   </div>
  </div>
 </body>
</html>
