2119 3522
774 203 917 225 SIN'sffl-:N
943 221 949 227 ,
965 220 971 226 ,
988 220 994 226 ,
1020 201 1148 222 SOTPHI.
1719 178 1813 223 473

105 319 256 351 lasticus
288 318 364 349 vita
395 320 431 348 et
463 317 749 348 conuersacione
787 316 938 346 deuotus
978 316 1165 356 vtriusque
1203 315 1323 356 lingue
1361 313 1552 356 perdoctus
1591 312 1651 353 qui
1683 311 1817 343 solario

106 375 251 417 publico
278 373 401 405 domus
428 373 640 404 clericorum
667 372 798 404 ibidem
825 372 948 403 multis
974 372 1077 402 anuis
1103 372 1238 413 prefuit
1263 371 1322 402 vbi
1349 373 1421 401 tam
1448 370 1483 400 in
1502 368 1695 400 virtutibus
1714 377 1819 408 qnam

106 431 142 462 in
169 431 341 461 bonarum
375 429 577 461 litterarum
610 426 781 467 sciencijs
812 427 929 458 claros
961 427 1157 469 discipulos
1186 437 1298 468 Vsque
1327 426 1434 457 hodie
1461 425 1579 456 adhuc
1604 425 1640 455 in
1666 422 1820 454 diuersis

107 485 304 528 gymnasijs
330 483 499 524 ecclesijs
526 487 562 515 et
587 482 750 522 cenobijs
776 483 950 524 degentes
977 483 1153 514 erudiuit⁷
1180 482 1338 524 Collegit
1363 485 1398 514 et
1421 481 1569 523 scripsit
1594 490 1671 511 cum
1697 489 1819 520 supra-

107 545 304 573 memorato
340 541 448 582 hegio
486 540 544 570 cui
576 539 612 570 in
645 540 900 580 componendis
940 537 1208 579 commentarijs
1244 549 1352 580 super
1383 536 1584 570 doctrinale
1618 535 1819 567 allexandri

107 597 197 639 galli
222 597 343 629 socius
375 599 454 628 erat
484 595 792 627 familiarissimus
823 598 859 626 et
889 606 1008 627 comes
1034 595 1240 626 indefessus
1269 597 1305 626 et
1330 594 1398 625 hoc
1423 594 1487 625 sub
1514 592 1581 625 tali
1607 592 1820 624 condicione

107 657 144 685 vt
170 653 230 694 qui
255 652 352 694 prior
378 652 492 683 altero
517 651 594 683 vita
619 651 877 692 defungeretur
908 651 1007 682 illius
1039 654 1075 682 et.
1102 651 1244 682 nomine
1271 650 1364 681 liber
1388 649 1639 681 intitularetur
1665 647 1758 689 quod
1786 652 1821 678 et

108 710 244 741 factum
271 719 349 740 csse
377 708 511 749 liquido
539 710 684 739 constat
709 710 810 738 extat
835 706 1010 748 siquidem
1038 706 1102 738 illa
1127 707 1243 747 ipsius
1270 706 1419 747 egregia

106 764 220 797 Glosa
245 775 354 806 super
379 764 494 805 prima
521 766 622 804 parte
649 762 852 793 allexandri
951 762 977 793 li
996 771 1011 802 J
1108 762 1239 792 Omnia
1264 761 1408 792 nomina
1434 761 1561 802 quibus
1586 761 1702 791 latina

108 821 219 852 Glosa
244 830 351 861 super
375 818 571 851 secundam
949 817 975 848 li
994 826 1010 857 J
1106 817 1354 849 Grammatiea
1380 820 1434 848 est
1459 827 1516 848 ars
1547 820 1646 848 recte
1677 817 1822 847 seriben

106 879 146 908 In
173 876 371 918 composita
402 875 590 907 verborum
621 876 859 905 commentum
953 873 978 904 li
998 882 1013 913 J
1108 873 1137 903 A
1162 873 1235 914 [ipo
1265 873 1461 914 composita

107 934 148 965 In
173 932 286 964 verba
311 929 570 972 deponentalia
952 929 977 960 li
1004 938 1012 967 1
1107 930 1245 961 Vescor
1270 939 1348 961 cum
1374 929 1495 970 potior

107 989 154 1020 Et
179 988 253 1020 alia
278 987 454 1019 nonnulla
480 996 548 1027 que
576 985 619 1017 ad
646 986 816 1016 noticiam
846 996 959 1016 meam
986 996 1055 1017 nou
1082 989 1261 1017 venerunt
1320 984 1462 1016 Claruit
1485 985 1550 1015 sub
1580 984 1758 1015 frederico
1777 987 1822 1017 ἔν’,

197 1055 232 1096 7)
257 1056 341 1096 Ipse
368 1055 627 1086 Piemontauus
654 1053 815 1085 modeste
841 1064 877 1084 se
905 1063 1045 1094 quoque
1073 1053 1212 1085 Siuthis
1238 1052 1454 1094 discipulum
1488 1052 1598 1083 fuisse
1625 1050 1822 1092 significat.

110 1142 511 1175 SLETSTADIENSIS.
534 1136 603 1171 vid.
626 1133 760 1184 Hugo.

112 1234 280 1272 SOLMS,
313 1224 542 1275 XVigandus
576 1223 637 1270 dc,
672 1224 871 1271 „iuvenis,
904 1224 976 1262 sed
1008 1225 1063 1262 ita
1095 1224 1253 1270 doctus,
1287 1223 1396 1274 quod
1427 1229 1560 1274 potest
1591 1223 1825 1273 aqiiivale1·e

112 1296 235 1320 unuin
267 1282 502 1331 magistrum
533 1285 731 1318 nostrum:
765 1281 851 1330 ipse
875 1281 971 1318 dicit
992 1281 1101 1331 quod
1124 1280 1247 1318 vellet
1279 1294 1367 1317 cum
1389 1279 1590 1317 Reuchlin
1615 1280 1823 1329 disputare

110 1353 181 1389 pro
223 1338 362 1375 decem
399 1336 576 1375 florenis.
608 1341 665 1373 et*
687 1350 818 1386 nuper
855 1337 1202 1388 superdisputavit
1241 1337 1439 1374 Ioannem
1477 1335 1730 1373 I‘Iuttichium
1772 1336 1826 1372 ita.

110 1395 220 1446 quod
252 1394 329 1431 fuit
360 1393 570 1430 conclusus
600 1398 639 1429 ct
670 1393 771 1429 nihil
802 1394 919 1430 scivit
947 1393 1223 1443 respondere“
1254 1406 1288 1438 p.
1306 1397 1381 1428 273.
1405 1393 1430 1429 i.
1454 1392 1481 1429 f.
1505 1397 1581 1427 274.
1600 1392 1688 1428 init.
1729 1391 1826 1428 Haec

111 1457 204 1488 sunt
235 1464 322 1500 quae
355 1450 405 1487 de
435 1449 511 1486 hoc
542 1449 688 1485 nobilis
720 1450 940 1487 stemmatis
972 1450 1130 1487 surculo
1164 1449 1259 1486 mihi
1292 1455 1387 1485 nota
1417 1454 1530 1486 sunt:
1572 1462 1664 1486 nam
1702 1448 1826 1484 filium

112 1522 201 1545 eum
233 1506 387 1544 comitis
412 1506 460 1543 (16
484 1504 853 1543 Solms-Braunfels
875 1505 1107 1543 Bernhardi
1128 1506 1223 1551 HL,
1256 1506 1325 1555 qui
1347 1519 1382 1542 a.
1410 1505 1527 1543 1492.
1559 1503 1828 1553 Margarethae

111 1562 453 1612 Hennebergensi
474 1567 669 1612 nupserat
690 1575 881 1612 annoque
907 1563 1026 1600 1547.
1051 1562 1235 1608 decessit,
1259 1561 1534 1612 Philippique,
1560 1561 1627 1611 qui
1650 1574 1684 1599 a.
1708 1561 1827 1597 1571.

112 1619 366 1657 iudiciariam
395 1619 527 1669 legem
560 1615 651 1666 (der
683 1619 916 1666 Grafschafl
947 1620 1067 1655 Solms
1098 1625 1169 1655 ele.
1197 1619 1387 1655 Gericlzts-
1419 1620 1497 1654 und
1525 1615 1827 1665 Landordmcnq)

112 1676 346 1727 publicavit,
381 1675 546 1712 fratrem
577 1674 715 1721 fuisse,
749 1675 914 1712 nonnisi
946 1675 1101 1713 incerta
1133 1675 1366 1712 coniectura
1395 1687 1485 1712 mea
1512 1679 1584 1711 est.

114 1784 292 1822 SOTPHI,
326 1775 546 1826 „magister
567 1781 706 1813 noster
736 1777 777 1813 in
798 1775 922 1814 bursa
942 1776 1091 1813 Kneck
1115 1773 1295 1827 [Kuijk]‚
1330 1776 1399 1826 qui
1421 1775 1646 1825 composuit
1677 1773 1831 1824 glosam

112 1833 333 1870 notabilem
364 1845 486 1882 super
516 1843 581 1869 1111
615 1829 715 1883 [sive
746 1833 877 1883 potius
911 1832 1009 1870 duas
1042 1830 1215 1883 priores]
1249 1838 1383 1883 partes
1415 1831 1671 1869 Alexandri“
1706 1826 1830 1878 (p.7³¹

115 1887 208 1937 10¹¹)
243 1895 282 1927 et
313 1902 459 1935 „nunc
490 1888 592 1938 proh
625 1889 740 1926 dolor
772 1895 831 1927 est
861 1890 1075 1926 mortuus“
1108 1886 1161 1939 (p.
1178 1887 1287 1938 29³2),
1324 1894 1384 1926 est
1416 1887 1622 1926 Gerardus
1655 1887 1704 1924 dc
1736 1886 1829 1923 Zut-

114 1946 265 1996 phania
298 1943 365 1993 (ex
396 1958 475 1995 quo
508 1946 672 1983 nomine
705 1945 810 1983 istud
845 1945 1028 1996 ‘Sotphi⁷
1062 1951 1291 1995 corruptum
1323 1950 1394 1991 est,
1427 1950 1471 1981 ut
1502 1944 1706 1993 hodieque
1738 1942 1830 1979 Zut-

114 2002 274 2052 phaniae
305 2015 452 2039 nomen
483 2001 525 2038 in
559 2001 780 2039 Germania
810 2002 1004 2039 inferiore
1044 2002 1159 2051 quasi
1191 2003 1322 2049 Sdlfen
1355 1999 1676 2051 pronuntiatur),
1718 1998 1830 2036 theo-

113 2059 231 2107 logiae
263 2058 482 2108 professor,
525 2058 593 2107 qui
626 2071 660 2095 a.
694 2059 814 2096 1505.
846 2064 976 2096 rector
1006 2058 1284 2095 universitatis
1317 2056 1572 2095 Coloniensis
1612 2056 1708 2098 suit,
1748 2068 1831 2091 non

115 2113 431 2152 confundendus
471 2113 539 2150 ille
578 2128 665 2151 cum
698 2113 881 2152 Germ-do
914 2115 1064 2164 Magno
1096 2113 1407 2160 Daventriensi,
1450 2118 1603 2150 mortuo
1636 2126 1671 2149 a.
1698 2111 1830 2156 1384„

116 2184 247 2221 neque
279 2184 367 2207 611111
400 2183 445 2206 eo
480 2168 663 2207 Germ-do
697 2170 747 2208 de
778 2170 1026 2221 Zutphania,
1068 2184 1185 2221 quem
1215 2167 1482 2207 Trithemius¹
1515 2169 1620 2206 circa
1650 2182 1686 2205 a.
1712 2168 1832 2205 1400.

116 2227 307 2264 claruisse
339 2226 510 2276 scripsit,
544 2226 636 2263 libri
669 2226 718 2264 de
751 2227 1037 2264 reformatione
1069 2227 1212 2264 virium
1243 2224 1409 2264 animae²
1440 2230 1622 2273 auctore,
1656 2223 1728 2262 sed
1759 2237 1834 2261 nec

117 2297 204 2320 cum
238 2295 284 2319 eo
309 2281 492 2320 Gerardo
516 2274 823 2333 Zutphaniensi,
857 2296 974 2334 quem
997 2296 1032 2320 a.
1059 2284 1191 2329 1598„
1216 2283 1344 2321 {etatis
1367 2284 1433 2319 31.
1458 2281 1605 2318 obiisse
1626 2278 1835 2318 Desselus3

116 2339 294 2389 scripsit,
333 2359 380 2364 —
415 2339 456 2375 in
487 2351 588 2388 quos
622 2353 760 2378 omnes
793 2340 910 2377 simul
949 2353 1103 2377 errores
1134 2353 1277 2377 vereor
1314 2352 1366 2376 ne
1397 2334 1706 2375 Hartzhemius³
1736 2337 1833 2373 inci-

118 2396 235 2433 derit.
259 2395 309 2432 de
340 2394 542 2445 prioribus
567 2395 720 2433 duobus
752 2397 985 2434 conferatur
1010 2393 1254 2443 Fabricius&
1288 2395 1356 2446 qui
1385 2395 1495 2432 hunc
1525 2399 1706 2431 nostrum
1736 2406 1833 2443 prae-

116 2452 237 2489 teriit.
290 2451 353 2488 Ab
385 2451 447 2488 his
480 2452 667 2490 omnibus
701 2453 882 2490 diversus
912 2452 1074 2490 videtur
1104 2453 1136 2489 is
1169 2452 1219 2490 de
1250 2465 1329 2502 quo
1361 2451 1446 2489 Ioa.
1469 2451 1762 2488 Piemontanus
1793 2449 1834 2485 in

122 2508 207 2546 MS.
231 2507 423 2545 Auctario
445 2520 540 2545 scrr.
564 2508 660 2546 eccl.
685 2509 754 2546 fol.
778 2510 848 2547 39³
871 2509 955 2547 haec
975 2508 1117 2547 habet:

119 2583 326 2616 Gerhardus
351 2583 394 2615 de
421 2584 622 2625 zutphania
649 2585 740 2618 alius
768 2597 788 2617 a
813 2587 928 2628 primo
955 2585 1173 2618 coloniensis
1198 2585 1378 2627 gymnasii
1402 2584 1573 2616 fundatus
1593 2584 1661 2621 [sic]
1682 2586 1717 2614 et
1733 2592 1835 2614 sacre

117 2639 303 2681 theologie
329 2639 562 2672 baccalarius
588 2641 765 2674 formatus
790 2643 844 2674 vir
869 2643 996 2674 doetus
1022 2645 1057 2674 et
1082 2641 1186 2674 valde
1213 2640 1437 2673 venerabilis
1462 2640 1606 2681 ingenio
1632 2637 1779 2670 subtilis
1803 2641 1838 2669 et

118 2695 324 2736 disputator
349 2695 573 2735 questionum
599 2697 802 2730 difficilium
835 2699 1067 2730 acutissimus
1096 2698 1243 2739 scripsit
1268 2697 1419 2738 quedam
1446 2705 1517 2728 non
1542 2694 1683 2726 inutilis
1707 2693 1836 2726 lectio-

118 2752 174 2783 nis
200 2761 310 2793 opera
337 2761 354 2782 e
382 2751 511 2791 quibus
538 2755 665 2784 extant

120 2808 235 2849 Super
259 2806 463 2839 sententias
811 2810 838 2841 li
863 2821 915 2851 111]

120 2863 339 2903 Questiones
370 2863 657 2904 quodlibetarias
810 2866 836 2897 li
899 2876 914 2907 J

211 2974 244 3016 1)
265 2974 357 3020 Opp.
383 2975 439 3007 Ff.
462 2976 558 3008 1601.
578 2977 640 3009 fol.
659 2979 685 3010 Ι.
705 2988 739 3019 p.
756 2979 829 3009 149.
962 2978 995 3019 2)
1015 2978 1124 3010 Hain.
1142 2983 1191 3010 11⁰.
1209 2980 1327 3011 16291.
1349 2989 1427 3020 sqq.
1558 2977 1592 3019 3)
1611 2977 1836 3009 Hartzheim.

214 3040 308 3073 Bibl,
327 3040 451 3073 colon,
471 3043 506 3074 p.
526 3036 601 3071 101,
714 3034 750 3075 4)
769 3033 863 3069 Bibl.
884 3034 967 3067 Lat.
986 3034 1078 3067 med.
1099 3037 1136 3067 et
1152 3035 1217 3070 inf.
1237 3037 1294 3067 aet.
1313 3034 1379 3066 III.
1400 3035 1473 3067 117.
1494 3031 1568 3065 127.
