2119 3522
118 221 190 242 121212.
202 219 244 243 56.
263 219 304 243 57.
331 221 521 244 GILBERTVS
538 222 771 244 romzss'romvs
788 222 946 244 onrvmo.
971 235 1013 239 —-
1036 222 1207 246 GALIENVS
1223 222 1500 246 PADEBORNENSIS
1516 223 1674 246 on'rvmo.
1714 207 1808 251 745

95 277 181 320 Pag.
201 277 292 314 275.
1405 281 1493 322 Pag.
1507 282 1582 313 275.
1601 292 1653 313 vv.
1668 289 1683 313 2
1698 305 1706 314 .
1721 305 1729 314 .
1743 306 1751 313 .
1765 290 1809 314 29.

185 333 317 375 thyron
342 329 408 366 τὸν
425 332 594 376 θυρῶνα,
621 333 656 365 id
673 337 726 366 est
743 335 969 375 vestibulum,
994 335 1238 378 intelligamus
1256 347 1264 367 τ
1280 336 1356 368 fieri
1380 337 1505 379 nequit
1521 340 1561 369 ut
1578 347 1662 379 pars
1680 338 1808 370 aedium

185 399 256 420 non
282 390 342 430 sit,
369 399 447 421 cum
465 389 673 431 prothyrum
699 390 793 422 inter
811 391 1016 433 exemptilia
1040 395 1248 424 numeretur
1272 392 1349 425 sine
1368 392 1495 424 aedium
1519 392 1711 425 fractura“.
1729 399 1761 425 et
1778 406 1808 425 r.

184 445 421 486 Pomponium
445 448 545 476 recte
578 447 666 485 puto
693 445 848 487 explicat
875 446 1067 479 Salmasius
1098 447 1142 478 ad
1167 446 1351 490 Spartiani
1375 449 1472 480 Pesc.
1489 448 1569 491 Nig.
1588 459 1616 480 0.
1636 450 1706 489 1-2.,
1731 460 1809 491 pro-

184 499 346 541 phyrum,
372 498 618 542 (prophurum,
644 500 876 542 prophorum)
901 502 1022 543 legens
1048 507 1086 535 et
1110 504 1302 544 maeniana,
1329 503 1508 546 peribula,
1532 503 1613 537 hod.
1631 504 1809 545 balcones,

184 555 401 598 significare,
429 560 465 587 et
489 554 655 587 ‘iterum’
683 566 761 588 esse
786 571 828 583 =
854 557 995 599 ιἵκριον
1020 557 1195 600 (pergula,
1221 559 1411 601 tabulum)'
1438 559 1641 592 ostendens.
1674 560 1809 592 Contra

185 610 396 646 Salmasium
426 611 533 642 verba
557 609 644 643 facit
669 612 887 645 Heineccius
912 613 973 655 (de
1000 613 1042 646 V.
1063 613 1100 646 S.
1117 613 1150 646 h.
1170 613 1236 655 v.)‚
1270 615 1330 656 qui
1355 615 1445 646 nihil
1477 625 1564 657 opus
1595 625 1670 648 esse
1695 621 1806 649 muta-

183 667 280 698 tione
304 668 483 708 opinatur.
531 666 802 709 Marquardtum
826 672 948 700 autem
973 668 1080 709 (Rc'im.
1106 671 1361 702 Privatullerth.
1383 671 1482 713 Lips.
1503 672 1599 703 1864.
1618 672 1646 705 I.
1665 683 1698 714 p.
1718 672 1808 712 211.)

182 721 370 754 dolendum
400 727 471 763 est,
503 732 617 764 neque
648 723 692 754 ad
720 723 909 765 Pomponii
939 723 1054 756 10011111
1090 735 1207 766 neque
1241 725 1285 757 ad
1316 724 1577 758 Salmasianum
1607 737 1729 759 comm.
1756 737 1806 759 re-

183 778 357 820 spexisse,
390 778 450 810 sed
474 778 692 810 solummodo
724 779 768 810 ad
793 779 934 811 Vitruv.
958 779 981 812 1.
1002 790 1030 812 0.
1051 780 1258 813 adnotasse:
1291 782 1384 821 „Die
1409 781 1608 824 Bedeuenny
1638 794 1699 816 von
1725 778 1806 815 διοί-

181 834 285 875 θυρα
309 835 352 866 ist
375 835 566 866 unbekannt
589 836 656 866 und
679 835 754 866 eine
784 834 873 865 leiir
898 836 981 866 nach
1012 836 1084 867 dem
1109 836 1241 868 Atrium
1266 838 1309 868 ist
1339 838 1451 868 weder
1475 839 1509 869 in
1533 848 1664 870 nnserm
1690 839 1806 870 Hause

180 888 273 931 [dem
295 890 588 931 pompeiani-§chen
606 891 666 921 des
691 888 826 932 Pansa]
850 891 934 922 noch
957 896 1051 922 sons!
1073 892 1276 932 gewo'knlae‘clz
1301 892 1527 925 erleennhar.“

179 944 233 976 Ad
249 945 356 977 verba
383 945 557 977 ‘trahitur
576 969 583 976 .
602 969 609 976 .
628 969 635 976 .
653 945 689 977 in
707 945 809 977 domo
826 945 993 978 Accursii
1010 945 1172 987 Cyrella'
1200 947 1412 989 explicanda
1428 948 1506 980 haec
1522 948 1652 981 habeo:
1679 949 1808 982 Glossa

179 998 225 1033 ad
250 1012 283 1033 V.
308 1001 512 1041 „sacerdoti
545 1004 581 1033 et
612 1001 894 1043 hierophylaco“
920 1001 1030 1035 Scaev.
1048 1003 1089 1033 L.
1108 1004 1161 1036 20.
1188 1002 1336 1044 (Annua
1360 1004 1437 1045 his)
1468 1005 1486 1044 ξ
1515 1007 1542 1036 1.
1562 1004 1699 1045 (Attia)
1724 1006 1806 1047 Dig.

180 1057 222 1089 de
246 1068 329 1089 ann.
346 1057 455 1099 legat.
472 1068 605 1090 xxxu1.
628 1060 655 1089 1.
682 1057 965 1100 „HIerophylaci
991 1069 1117 1090 nomen
1141 1063 1196 1091 est
1221 1059 1366 1101 capellae
1391 1059 1446 1091 vel
1478 1060 1556 1092 1000
1583 1060 1644 1092 ubi
1669 1065 1724 1093 est
1751 1072 1807 1093 ca-

179 1113 271 1155 pella
290 1125 298 1145 z
316 1118 357 1145 ut
384 1113 548 1145 sacerdos
567 1113 782 1154 Ricardinae,
808 1113 1026 1146 delectabilis
1051 1117 1186 1146 nostrae
1211 1114 1319 1146 villae.
1338 1115 1494 1147 Accvn.“
1520 1120 1554 1148 et
1572 1115 1625 1148 Gl.
1643 1116 1687 1148 ad
1703 1117 1806 1148 Pauli

178 1169 221 1202 L.
240 1170 293 1204 40,
313 1168 398 1210 (Qui
416 1168 575 1210 fundum)
593 1170 611 1208 ἓ
630 1171 661 1202 6.
681 1169 789 1209 (Rota
815 1180 965 1211 quoque,
993 1180 1052 1211 per
1071 1180 1177 1211 quam
1195 1181 1287 1212 aqua
1306 1170 1517 1212 traheretur)
1535 1171 1617 1213 Dig.
1635 1172 1676 1204 de
1693 1177 1806 1205 contr.

179 1227 414 1266 empt.xvr11.
436 1227 464 1256 1.
491 1225 613 1264 „Rota
639 1229 677 1256 ut
708 1226 744 1256 in
769 1225 905 1266 palatio
938 1225 1070 1257 domini
1096 1226 1276 1266 Accursii,
1308 1226 1368 1257 ubi
1399 1231 1479 1258 rota
1509 1230 1579 1267 est,
1611 1237 1671 1269 per
1703 1238 1805 1269 quam

176 1281 334 1312 trahitur
359 1281 487 1322 aqua.“

178 1336 276 1367 Sarti
306 1335 347 1367 de
377 1336 483 1368 claris
513 1337 733 1378 archigymn.
758 1337 895 1371 Bonon.
920 1338 1147 1379 professor-ib.
1165 1337 1301 1369 Bonon.
1325 1339 1419 1370 1769.
1445 1338 1505 1370 fol.
1523 1350 1555 1380 p.
1578 1341 1652 1375 143.
1675 1340 1712 1371 in
1731 1341 1806 1372 vita

175 1391 354 1423 Accursii:
387 1416 423 1431 ‚‚.
445 1419 450 1425 .
479 1393 516 1424 in
543 1392 693 1424 civitate
718 1392 925 1433 magnificas
950 1393 1041 1424 aedes
1067 1393 1213 1433 habuit,
1239 1393 1318 1425 loco
1345 1394 1443 1426 urbis
1469 1394 1718 1436 celeberrimo,
1744 1396 1806 1427 ubi

177 1458 271 1479 nunc
297 1452 352 1480 est
383 1448 559 1490 palatium
590 1448 772 1490 publicum
797 1449 976 1486 civitatis,
1008 1450 1044 1480 in
1070 1459 1139 1490 quo
1172 1449 1332 1491 Legatus
1357 1450 1603 1491 Apostolicus,
1634 1454 1668 1483 et
1692 1451 1805 1493 Magi-

178 1506 312 1536 stratus
338 1504 464 1536 urbani
490 1504 606 1536 sedem
630 1504 778 1544 habent,
810 1504 854 1535 ad
880 1515 957 1536 eam
983 1510 1141 1546 partem,
1172 1505 1234 1537 ubi
1258 1505 1432 1547 praecelsa
1463 1507 1573 1538 turris
1598 1517 1676 1538 cum
1700 1507 1804 1539 horo-

176 1559 273 1602 logio
299 1561 474 1602 assurgit3
506 1563 540 1592 et
564 1561 600 1592 in
621 1571 708 1602 agro
735 1560 958 1592 Bononiensi
990 1561 1206 1602 splendidam
1231 1560 1370 1601 villam,
1403 1566 1438 1593 et
1468 1561 1586 1603 ampla
1615 1562 1806 1595 latifundia

177 1616 222 1647 ad
247 1615 491 1656 Ricardinam3
524 1617 583 1658 qui
608 1616 724 1656 locus,
750 1620 789 1647 ut
817 1620 901 1648 tune
926 1616 1089 1648 Accursii
1115 1627 1278 1657 secessu,
1305 1618 1355 1648 ita
1380 1622 1463 1658 post
1487 1617 1632 1660 aliquod
1656 1622 1805 1660 tempus,

176 1671 220 1703 ob
245 1671 408 1713 praelium
440 1675 543 1703 atrox
574 1673 668 1704 inter
692 1673 847 1704 Venetos
872 1676 908 1704 et
933 1672 1089 1705 Galeatii
1115 1672 1260 1704 Sfortiae
1293 1673 1416 1714 copias
1447 1673 1496 1705 ibi
1528 1677 1685 1715 gestum,
1718 1675 1805 1707 cele-

175 1727 247 1759 bris
272 1727 352 1759 fuit.
401 1728 566 1760 Meminit
590 1729 782 1760 Accursius
809 1729 885 1770 ipse
909 1728 1059 1760 huiusce
1086 1729 1220 1769 domus,
1246 1740 1367 1770 quam,
1392 1732 1432 1760 ut
1457 1733 1534 1761 erat
1561 1730 1648 1762 satis
1675 1730 1804 1773 glorio-

177 1793 254 1823 sus,
288 1783 461 1825 palatium
492 1789 615 1824 vocat;
649 1785 685 1816 in
719 1795 829 1826 eaque
861 1785 974 1816 fuisse
998 1785 1088 1817 dicit
1114 1788 1226 1816 rotam
1251 1784 1495 1827 hydraulicam
1514 1797 1521 1817 :
1540 1786 1636 1828 quod
1661 1796 1701 1818 eo
1727 1787 1805 1819 rudi

176 1839 306 1871 saeculo
332 1850 396 1881 pro
422 1840 594 1872 miraculo
619 1840 740 1872 haberi
765 1843 911 1882 poterat
929 1841 980 1883 (d.
998 1840 1052 1872 Gl.
1069 1841 1113 1872 ad
1137 1841 1178 1872 L.
1198 1841 1267 1881 Qui
1285 1840 1455 1882 fundum).
1503 1841 1554 1872 Ac
1577 1841 1675 1874 villae
1700 1843 1807 1874 etiam

176 1905 250 1928 suae
275 1895 477 1928 Ricardinae
510 1897 669 1929 meminit
695 1897 743 1938 (0.
765 1896 820 1930 Gl.
840 1897 883 1928 ad
909 1897 948 1927 L.
968 1896 1121 1936 Annua).
1170 1897 1243 1928 Nec.
1273 1897 1415 1929 dubium
1447 1900 1518 1939 est,
1551 1898 1637 1939 quin
1661 1907 1701 1929 eo
1734 1898 1805 1930 1001

175 1961 210 1984 se
235 1951 362 1983 abdere
387 1953 626 1993 consueverit,
653 1964 730 1985 cum
755 1957 897 1985 vacaret
922 1965 942 1984 a
969 1952 1197 1984 scholasticis
1216 1954 1434 1993 muneribus,
1461 1959 1497 1986 et
1522 1953 1589 1985 fori
1614 1953 1720 1986 etiam
1746 1965 1804 1986 oc-

175 2008 444 2049 cupationibus3
471 2010 508 2040 in
534 2019 603 2051 quo
630 2009 818 2041 verisimile
845 2013 900 2042 est
924 2008 1025 2040 illum
1050 2020 1121 2040 non
1147 2020 1226 2040 raro
1252 2014 1431 2041 versatum
1456 2019 1549 2050 esse,
1582 2010 1703 2051 ibique
1731 2010 1804 2041 suis

175 2065 437 2097 commentariis
462 2065 499 2096 in
523 2065 617 2097 Iuris
642 2065 797 2097 Caesarei
820 2065 924 2097 libris
949 2065 1161 2103 scribendis,
1196 2075 1237 2095 ac
1262 2064 1438 2106 poliendis
1464 2065 1680 2097 incubuisse.
1728 2065 1805 2098 Has

173 2119 335 2151 Aceursii
367 2120 461 2152 aedes
493 2121 537 2153 ad
562 2121 790 2153 Ricardinam
815 2122 1013 2163 descriptas
1046 2121 1218 2153 habemus
1250 2122 1287 2152 in
1320 2121 1451 2153 tabulis
1483 2132 1576 2153 anno
1605 2123 1699 2154 1318.
1720 2122 1804 2153 seri-

174 2176 259 2217 ptis,
285 2186 363 2207 cum
388 2177 491 2209 Anna
517 2178 749 2210 Lambertina
774 2178 958 2210 Francisci
982 2177 1146 2209 Accursii
1172 2187 1282 2209 nurus
1309 2177 1457 2209 tutelam
1482 2178 1641 2219 suscepit
1666 2177 1803 2210 Castel-

174 2231 249 2262 lani
275 2232 331 2263 sui
356 2234 508 2274 nepotis.
559 2234 631 2265 Eas
655 2234 692 2266 in
718 2234 920 2275 Appendice
947 2234 1097 2265 damus.
1120 2234 1164 2264 .“.

297 2319 530 2354 EPISTOLA
557 2323 620 2359 57.
664 2320 907 2355 GALIENVS
934 2319 1334 2355 PADEBORNENSIS
1361 2319 1589 2355 ORTVINO.

85 2402 127 2433 20
153 2398 330 2432 Galienus
355 2410 450 2443 saepe
477 2415 520 2427 =
539 2399 726 2442 Galienus,
753 2400 818 2433 sed
844 2401 897 2433 est
923 2410 1069 2443 quoque
1096 2399 1247 2443 quidam
1275 2398 1469 2433 ι(1111101105
1495 2399 1600 2443 gaico
1626 2399 1671 2434 de
1698 2401 1802 2434 west-

173 2454 291 2488 frisia’
319 2454 357 2488 in
383 2455 467 2489 albo
486 2455 588 2489 acad.
619 2456 811 2500 Viteberg.
832 2467 889 2500 ap.
908 2455 1160 2490 Forstemann.
1179 2467 1213 2499 p.
1234 2459 1263 2489 5.

85 2514 126 2544 :23
152 2510 293 2553 loquela
386 2511 436 2545 acl
460 2512 525 2555 me]
553 2512 611 2546 ein
640 2512 795 2554 Gerede,
822 2512 889 2546 clas
912 2511 970 2546 ich
994 2521 1236 2553 veo-novantem,
1262 2521 1386 2545 rumor
1412 2511 1475 2554 qui
1501 2511 1547 2545 ad
1573 2522 1678 2545 aures
1702 2522 1803 2546 meas

174 2566 287 2602 venit.

83 2625 126 2656 24
151 2622 291 2664 faciens
381 2624 566 2667 superius]
593 2634 665 2667 quo
687 2634 833 2658 rumore
859 2623 986 2657 audito
1012 2623 1300 2667 perterrefactus
1325 2634 1422 2664 sum,
1450 2623 1492 2656 ut
1516 2622 1688 2657 steterint
1711 2623 1803 2657 mihi

177 2689 302 2713 comae.

84 2738 126 2769 25
152 2738 201 2769 est
224 2746 390 2769 murmur
416 2736 489 2779 etc]
517 2734 654 2769 Contra
670 2734 877 2776 Mai-uerus,
904 2735 973 2768 nisi
990 2745 1089 2778 papa
1113 2734 1306 2778 theologos
1325 2734 1538 2779 corrigeret,
1566 2735 1724 2769 schisma
1748 2735 1801 2768 fu-

172 2791 298 2824 turum
324 2801 401 2824 esse
427 2790 567 2824 iuravit
590 2802 624 2834 p.
646 2794 719 2832 189,
738 2800 781 2824 28.
794 2804 860 2833 sqq.

84 2849 126 2881 27
145 2846 352 2889 praedicare
379 2873 385 2880 .
406 2873 412 2879 .
440 2846 554 2880 aliam
577 2846 702 2890 fidem]
735 2845 794 2879 Ad
817 2846 853 2880 h.
871 2846 895 2882 1.
913 2846 1078 2890 aliosque
1110 2846 1319 2890 complures
1350 2846 1481 2881 harum
1506 2846 1598 2891 Epp.
1617 2846 1657 2881 O.
1676 2846 1720 2881 V.
1741 2858 1801 2881 ex-

173 2901 364 2946 plicandos
382 2902 532 2946 egregie
550 2901 640 2936 facit
652 2901 800 2935 Buschii
819 2901 976 2946 epistola
992 2901 1088 2936 infra
1105 2902 1274 2947 repetita.
1300 2902 1344 2937 cf.
1360 2902 1490 2947 Consp.
1505 2902 1667 2937 chronol.
1682 2914 1716 2947 p.
1728 2906 1801 2937 134.

176 2956 209 2990 d.
227 2961 279 2991 30.
294 2955 394 3001 Sept.
413 2968 444 2991 a.
464 2961 560 2991 1514.

84 3017 127 3048 29
152 3013 193 3047 in
217 3012 442 3057 Bolaemiam]
469 3013 512 3047 cf.
533 3013 579 3047 ad
603 3015 716 3048 26512.
736 3015 774 3047 et
798 3024 873 3059 seq.
893 3027 921 3048 v.
937 3026 963 3050 2.
