2119 3522
351 243 423 264 EPP.
438 242 461 265 1.
476 240 501 265 2.
526 242 696 265 IOHANNES
713 243 816 265 LABIA
835 243 992 266 ORTVINO.
1010 256 1052 259 —-
1073 243 1242 265 IOHANNES
1259 242 1370 265 GRAPP
1386 243 1544 266 ORTVINO.
1706 223 1800 269 653

90 300 176 342 Pag.
195 298 284 335 186.
1178 301 1264 342 Pag.
1279 302 1353 333 185.
1371 312 1402 332 v.
1416 308 1431 333 9
1449 325 1456 332 .
1472 325 1479 332 .
1494 325 1502 332 .
1519 302 1606 342 Pag.
1623 301 1696 332 187.
1715 311 1745 332 ν.
1759 308 1801 331 22.

90 357 133 388 28
156 353 360 388 carminum
384 356 416 388 et
448 354 687 398 dictaminas]
725 353 880 387 nimium
910 354 979 388 hoe
1009 354 1174 388 videtur:
1206 353 1268 388 vix
1299 354 1370 398 ipsi
1402 353 1557 388 Obscuri
1592 355 1669 388 tam
1704 352 1801 387 foede

180 409 416 453 scripserunt,
443 410 482 443 et
506 408 637 443 Crotus
660 409 754 443 tales
779 410 857 444 sine
882 409 957 444 sale
983 420 1125 444 errores
1149 421 1223 445 non
1248 410 1458 444 adhibebat.

90 468 132 500 31
156 465 372 509 Psalmista]
398 464 532 498 Psalm.
551 476 638 498 01111.
656 468 710 499 28.

90 524 133 554 33
157 520 371 565 Psalmista]
396 520 531 554 Psalm.
549 532 650 554 exn.
671 524 698 554 1.

89 580 133 610 34
155 577 272 620 suam]
298 586 365 620 pro
392 576 520 618 ‘eius’,
546 577 588 609 ut
612 576 725 610 etiam
750 577 789 610 in
814 578 906 612 vett.
924 588 1008 621 epp.
1027 578 1112 621 (vol.
1131 578 1173 622 I.)
1198 577 1275 612 fere
1300 578 1524 622 perpetuum
1550 579 1615 612 est.

134 632 235 666 dabit
258 632 324 676 φτ]
357 631 402 666 cf.
419 633 509 666 47³⁶.
536 632 657 666 obiter
687 632 877 666 adluditur
904 633 950 666 ad
975 633 1157 678 originem
1181 634 1340 668 nominis
1366 633 1502 675 Gratii,
1529 633 1574 668 de
1600 643 1674 677 qua
1697 632 1724 667 I.
1743 643 1801 677 ep.

178 691 231 722 38.
249 688 288 722 et
311 699 346 732 p.
364 691 440 721 281.
457 687 605 732 plenius
629 688 820 722 tractatur.

88 747 131 779 36
156 744 233 789 Iob]
259 756 343 778 xvn.
364 747 415 778 12.

131 809 207 834 non
230 799 468 843 intelliyendo
493 800 568 844 etc]
594 800 618 833 i.
636 810 666 834 e.
685 799 784 843 quod
813 810 887 834 non
919 799 970 834 sie
1000 800 1172 845 intellegi
1195 801 1330 844 voluit,
1360 801 1460 835 istud
1490 801 1696 846 Epistolare
1727 811 1800 835 non

178 865 255 889 esse
281 854 528 889 artificialiter
551 855 808 900 compositum.

87 915 175 955 Pag.
193 912 243 948 18
251 913 284 949 7.

87 973 107 1003 3
132 967 287 1011 etiamsi]
313 967 355 1000 In
380 967 470 1001 vett.
490 977 573 1012 epp.
593 967 678 1011 (vol.
696 967 740 1009 Ι.)
757 967 827 1001 hoc
852 968 1076 1002 vocabulum
1100 979 1173 1002 non
1198 968 1346 1013 legitur.

132 1023 299 1058 deberent
318 1050 326 1058 .
341 1050 347 1057 .
363 1050 370 1058 .
389 1024 475 1068 sua]
501 1024 524 1057 i.
543 1034 574 1057 e.
591 1023 724 1067 eapitis
748 1034 871 1068 poena
894 1024 946 1057 eis
970 1023 1202 1068 inpenderet.
1244 1023 1463 1058 Germanice
1489 1024 1696 1058 diceremus
1719 1024 1799 1058 mid

174 1080 309 1114 wenn's
343 1079 422 1113 ihre
458 1079 583 1122 Ko'pfe
612 1080 716 1124 yo‘lte.
770 1079 1043 1113 Inconcinnitas
1074 1080 1310 1125 cogitationis
1347 1091 1459 1124 quam
1490 1080 1688 1114 verborum
1724 1090 1800 1113 ma-

175 1136 231 1170 ior
256 1136 322 1170 est.

86 1197 107 1227 4
132 1192 388 1226 eoecellentiora
407 1218 415 1226 .
430 1218 438 1225 .
453 1218 461 1226 .
479 1192 527 1236 se]
553 1191 612 1225 Ita
628 1190 784 1225 Ortvino
810 1192 852 1225 ut
875 1192 1045 1226 veterum
1070 1191 1310 1236 epistolarum
1328 1191 1369 1226 Ο.
1387 1192 1431 1226 V.
1449 1191 1575 1235 editio,
1601 1192 1714 1226 etiam
1738 1191 1800 1225 ha-

175 1259 257 1282 rum
282 1258 463 1282 novarum
488 1247 782 1292 colligendarum
807 1247 1110 1291 edendarumque
1136 1248 1329 1282 consilium
1354 1248 1564 1293 adfingitur.

86 1308 106 1339 5
130 1314 205 1338 non
228 1307 333 1338 cuo-at
352 1331 359 1338 .
376 1331 383 1338 .
398 1329 406 1338 .
425 1303 557 1347 titulis]
584 1302 636 1337 Cf.
658 1304 712 1337 ‘et
735 1303 819 1347 plus
843 1304 873 1337 si
897 1303 1030 1338 vellet’
1056 1315 1091 1348 p.
1109 1306 1162 1338 3⁸.

85 1364 105 1394 6
130 1360 314 1394 Dominus
339 1361 413 1404 ete]
439 1359 574 1393 Psalm.
592 1372 686 1393 xxv1.
705 1363 734 1392 1.

87 1421 104 1452 7
128 1416 348 1451 minorando
370 1441 398 1450 ..
417 1415 680 1460 πιαίοναῦίύπη]
712 1414 898 1449 Minorare
928 1415 967 1449 in
992 1414 1158 1460 Vulgata
1187 1417 1320 1460 saepius
1351 1417 1407 1450 est
1435 1417 1615 1450 minorem
1645 1426 1799 1450 numero

174 1472 315 1513 facere,
341 1482 432 1513 non,
458 1472 502 1505 ut
523 1471 559 1505 h.
576 1470 600 1505 l.
617 1471 657 1505 et
680 1470 837 1505 Gemma
861 1483 894 1516 g.
921 1471 1132 1513 „minorem
1164 1472 1286 1506 faeere
1311 1472 1333 1505 i.
1353 1482 1382 1505 e.
1399 1472 1595 1506 humiliare
1621 1474 1700 1506 se“.
1725 1483 1800 1505 ma—

175 1529 312 1563 iorare’
345 1528 379 1562 h.
404 1527 427 1561 l.
447 1528 485 1562 et
513 1528 552 1561 in
584 1527 742 1561 Gemma
765 1539 799 1571 g.
824 1530 986 1571 „yrosser
1016 1527 1102 1561 oder
1131 1530 1223 1572 yross‘
1252 1528 1431 1562 machen“
1460 1528 1497 1560 in
1527 1527 1691 1571 Vulgata
1726 1538 1800 1561 non

175 1585 324 1629 legitur.

130 1640 330 1684 scriptura]
356 1639 487 1674 Matth.
506 1652 605 1674 xxm.
626 1643 676 1674 12.

85 1702 105 1732 8
130 1697 392 1741 Ecclesiastici]
418 1709 474 1729 xx.
495 1699 545 1730 11.

88 1757 127 1788 10
152 1753 372 1796 Prophetam
396 1752 523 1797 Naim]
549 1752 697 1786 Nahum
721 1764 744 1786 1.
763 1755 793 1786 8.

88 1813 126 1843 11
153 1809 250 1853 quod
270 1836 298 1844 ..
313 1836 321 1844 .
344 1808 500 1853 mimici]
528 1819 590 1842 eos
613 1808 705 1842 mihi
729 1818 955 1842 succensere.

87 1870 128 1900 13
152 1865 365 1909 Horatium]
392 1865 459 1899 art.
476 1865 577 1909 poet.
595 1868 648 1899 78.

88 1925 129 1956 14
151 1921 308 1956 scribens
330 1921 498 1964 scribam]
524 1922 547 1955 i.
565 1931 596 1955 e.
614 1932 698 1955 cum
722 1921 884 1965 primum
908 1921 1077 1962 scribam,
1105 1920 1297 1963 exquiram
1320 1921 1515 1955 rationem.

88 1980 128 2011 16
153 1977 245 2020 disp.
263 1977 314 2011 ad
337 1977 426 2021 olym]
459 1978 564 2020 quasi
589 1977 634 2011 de
665 1977 796 2011 haeresi
826 1977 1000 2021 ageretur
1030 1976 1076 2010 ab
1106 1975 1329 2010 Hochstrato
1360 1975 1599 2010 diiudicanda
1628 1975 1798 2009 condem-

174 2033 384 2077 nandaque.

88 2093 128 2124 18
153 2089 244 2133 quid
264 2116 271 2123 .
287 2116 294 2122 .
310 2117 316 2123 .
335 2090 407 2133 vos]
434 2089 524 2133 quid
548 2090 618 2123 tibi
642 2089 874 2134 propositum
898 2088 1082 2131 habueris,
1107 2099 1182 2123 ‘tuas
1204 2088 1275 2122 Ilm·
1299 2088 1388 2123 doch
1409 2088 1597 2122 vorhattet.
1766 2131 1774 2133 -

85 2150 128 2180 20
152 2146 194 2180 in
221 2145 339 2179 (Im-ia
362 2145 478 2188 Rom]
505 2145 549 2178 H.
566 2145 589 2179 l.
607 2145 784 2187 nondum,
810 2146 853 2179 ut
876 2145 1008 2189 saepius
1031 2144 1138 2187 infra,
1165 2143 1275 2179 Curia
1290 2144 1458 2178 Romana
1481 2145 1661 2187 tanquam
1684 2143 1799 2188 ipsius

175 2202 277 2236 urbis
302 2202 399 2235 esset
421 2212 569 2244 nomen,
596 2202 805 2245 usurpatur.

426 2335 663 2371 EPISTOLA
689 2338 725 2374 2.
764 2335 1014 2371 IOHANNES
1039 2335 1199 2370 GRAPP
1226 2334 1456 2370 ORTVINO.

86 2430 128 2461 22
152 2426 334 2462 Iohannes
360 2426 492 2472 Crapp,
518 2428 562 2461 ut
583 2426 682 2461 infra
705 2437 763 2471 ep.
779 2430 834 2461 40.
850 2437 986 2461 nomen
1011 2427 1191 2471 scriptum
1215 2427 1281 2468 est,
1307 2426 1383 2460 sive
1410 2425 1554 2470 Crappe
1579 2426 1625 2460 ab
1651 2435 1681 2459 a.
1701 2428 1798 2459 1494.

176 2494 292 2528 usque
319 2483 366 2517 ad
395 2483 555 2518 mortem
580 2494 610 2517 a.
632 2487 728 2517 1503.
746 2483 982 2517 subsecutam
1012 2483 1146 2527 saepius
1177 2482 1408 2516 consulatum
1432 2481 1798 2526 Wittenbergensem

175 2541 300 2584 gessit,
327 2539 553 2583 reliquitque
579 2538 697 2572 filium
721 2538 991 2582 Hieronymum
1017 2539 1055 2573 et
1079 2537 1194 2572 filiam
1212 2538 1460 2579 Gathar-inam,
1486 2538 1614 2571 natam
1638 2547 1670 2571 a.
1688 2540 1796 2578 1497„

176 2607 288 2639 quam
313 2595 383 2629 sibi
407 2594 588 2638 aequalem
612 2594 876 2629 Melanehthon
901 2605 931 2628 a.
950 2598 1049 2629 15:20.
1065 2605 1219 2628 uxorem
1245 2594 1351 2628 duxit
1374 2594 1413 2627 et
1441 2603 1600 2637 quacum
1624 2592 1719 2626 vixit
1741 2603 1797 2626 us-

176 2662 248 2695 que
274 2651 321 2685 ad
345 2650 379 2684 d.
399 2654 449 2684 11.
468 2649 547 2684 Oet.
565 2661 596 2684 a.
616 2654 711 2684 1557.
759 2649 1087 2684 Bretschneiderus
1112 2649 1239 2693 (Corp.
1255 2649 1416 2683 Reform.
1435 2649 1462 2682 I.
1478 2661 1513 2693 p.
1532 2660 1584 2682 cr..
1601 2648 1624 2682 i.
1642 2648 1681 2691 f.)
1705 2647 1797 2682 falso

177 2706 415 2741 Catharinam
449 2705 701 2749 ‘Hieronymi’
737 2705 852 2739 filiam
882 2705 993 2740 fuisse
1018 2705 1180 2749 scripsit,
1213 2705 1316 2739 cuius
1346 2715 1447 2739 soror
1475 2705 1556 2738 fuit.
1593 2703 1637 2738 cf.
1654 2702 1797 2737 Forste—

176 2762 302 2796 manni
330 2762 435 2796 Neue
463 2761 587 2795 Mitth.
604 2772 637 2795 a.
656 2761 689 2795 d.
711 2760 794 2795 Geb.
818 2761 1005 2805 antiquar.
1023 2761 1171 2795 Forsch.
1198 2760 1269 2794 vol.
1286 2773 1324 2794 11.
1346 2760 1434 2794 fasc.
1450 2764 1481 2794 4.
1504 2772 1540 2805 p.
1558 2763 1633 2795 653.
1651 2771 1729 2804 sqq.
1754 2780 1797 2784 fl

175 2818 262 2852 Haec
294 2817 472 2851 adnotavi
506 2828 580 2851 non
610 2817 715 2861 quasi
749 2817 847 2851 hunc
878 2816 1065 2861 Crappum
1096 2816 1242 2850 Ortvini
1273 2815 1460 2859 quondam
1496 2815 1719 2860 discipulum
1755 2826 1797 2850 ae

176 2873 472 2907 Melanchthonis
502 2883 646 2907 socrum
671 2872 831 2907 eundem
861 2872 1049 2907 hominem
1079 2872 1201 2906 facere
1226 2872 1348 2906 velim.
1397 2870 1471 2906 Sed
1493 2871 1647 2906 fortasse
1671 2872 1797 2906 nostro

176 2940 312 2964 nomen
341 2928 414 2962 fuit
445 2927 628 2963 ‘Andreas
659 2928 864 2973 Crappus',
896 2928 943 2962 ad
974 2939 1085 2972 quem
1118 2928 1269 2962 Sibutus
1300 2928 1338 2961 111
1365 2926 1524 2962 ‘Silvula
1552 2928 1591 2961 in
1615 2927 1797 2962 Albiorim

178 2985 401 3019 illustratam
426 2983 557 3028 (Lipcz
582 2995 650 3029 per
676 3012 683 3020 .
698 3012 706 3020 .
725 2984 887 3018 Martini]
910 2984 1103 3029 lantzberg
1127 2984 1423 3029 Herbipolitanh:
1452 2984 1491 3028 [s.
1509 2995 1539 3018 a.
1557 2985 1616 3029 4⁰.]
1642 2995 1728 3028 pag.
1745 2985 1796 3020 114.

177 3044 269 3087 sqq.)
301 3041 422 3076 uimiae
460 3041 580 3075 laudis
617 3041 769 3085 plenum
806 3041 1013 3086 elegiacum
1049 3052 1197 3076 carmen
1222 3054 1285 3075 xm
1316 3040 1555 3075 distichorum
1592 3040 1796 3085 conposuit.
