2119 3522
274 175 368 221 648
783 185 1048 210 comOExrABws
1072 184 1118 206 An
1143 184 1214 205 EPP.
1233 183 1263 205 0.
1281 183 1313 205 v.
1338 182 1416 204 von.
1433 182 1470 203 11.

272 252 357 293 l'ag.
376 249 465 285 183.

362 302 470 336 alteri
500 299 744 345 praetulerim,
777 308 859 331 cum
891 296 1049 339 utraque
1080 294 1249 339 proprias
1279 304 1363 328 suas
1393 292 1498 327 dotes
1525 291 1680 334 habeat;
1712 292 1777 326 sed
1805 292 1982 326 maiorem

360 358 458 390 inter
481 356 677 398 utramque
701 353 847 397 partem
873 350 1122 385 differentiam
1146 349 1275 384 videre
1299 349 1391 383 mihi
1415 348 1561 391 videor,
1587 358 1699 392 quam
1723 347 1786 382 alii
1804 349 1983 389 statuunt,

360 413 403 446 ut
426 411 491 445 ubi
516 409 658 445 occasio
681 407 828 449 tulerit,
859 406 1055 441 adnotabo.

273 474 290 503 7
315 467 522 511 Heraclitae]
548 476 615 510 pro
643 463 880 505 ‘Heraclito’,
907 462 1010 496 cuius
1034 462 1234 497 sectatores
1252 460 1499 496 Heraclitistae
1516 460 1612 493 sunt.
1651 459 1787 494 Noster
1802 459 1900 501 vult,
1925 459 1986 493 vel

360 522 591 557 Heraclitum
621 519 790 564 quamvis
814 519 997 563 perpetuo
1028 516 1119 552 fletu
1142 528 1200 552 res
1222 517 1402 550 humanas
1426 516 1730 560 prosequeretur,
1760 515 1888 549 tamen
1911 525 1985 549 non

359 588 551 621 nunquam
574 575 712 617 risisse,
740 576 778 609 et
801 574 919 615 certe,
946 573 976 606 si
998 573 1066 607 has
1091 572 1268 617 epistulas
1291 572 1417 617 legere
1442 572 1583 616 posset,
1609 571 1769 605 risurum
1793 581 1882 605 esse.

271 641 290 670 S
315 633 485 669 Stoicidoe
509 631 609 677 apud
631 631 797 665 Iuvenal.
814 630 881 664 sat.
897 641 934 663 11.
952 641 987 663 r.
1005 632 1057 664 65.
1076 628 1280 663 scholiastae
1306 629 1392 662 sunt
1415 627 1511 671 „qui
1533 627 1600 661 sub
1623 627 1807 672 praetextu
1828 625 1986 671 philoso-

359 688 455 734 phiae
483 688 676 722 infamiam
710 686 895 721 exercent.
954 683 1056 719 Dicit
1091 683 1357 719 contumeliose
1383 685 1516 718 ....“.
1574 682 1773 717 Lemaerius
1803 682 1986 726 (Iuvenal.

358 744 472 778 Paris.
492 747 588 778 1823.
613 745 659 778 8⁰.
683 754 718 787 p.
738 744 832 784 111.)
858 740 1074 775 adnot-avit:
1110 738 1312 782 „Stoicidae
1345 738 1588 783 contemptim
1619 738 1792 772 dicuntur
1820 737 1988 772 homines

359 799 549 834 libidinosi
583 798 851 844 flagitiosique,
890 796 954 831 sed
986 795 1196 831 Stoicorum
1227 795 1389 840 speciem
1419 806 1495 839 prae
1527 805 1564 829 se
1593 794 1756 829 ferentes
1786 804 1988 838 eorumque

359 866 461 890 more
493 856 539 890 de
571 855 708 889 virtute
741 854 990 898 disputantes,
1023 853 1066 886 ut
1098 849 1278 891 Στώακες
1308 851 1369 885 vel
1401 849 1571 891 Στύακες
1602 849 1823 884 diminutive
1855 850 1894 884 et
1921 860 1989 894 per

361 913 618 957 contemptum
642 921 709 955 pro
729 908 894 945 Στωικοὶ
917 907 957 941 111
980 907 1062 942 loco
1080 907 1251 942 Athenaei
1269 934 1276 941 .
1296 911 1351 941 .“.
1398 906 1534 942 Noster
1558 917 1631 941 non
1656 905 1900 950 contemptim
1924 905 1989 940 sed

358 968 497 1003 ironice
529 968 605 1002 sive
636 968 758 1001 iocose
783 963 965 1000 Stoicidas
996 963 1270 1008 patronymice,
1297 964 1319 997 i.
1339 974 1368 997 e.
1386 974 1453 1007 pro
1479 962 1687 997 Stoicorum
1711 960 1814 1004 filiis,
1845 972 1988 1006 rugosae

358 1024 488 1059 frontis
512 1023 618 1065 viris,
651 1022 889 1057 severitatem
914 1019 1220 1064 philosophorum
1248 1030 1324 1063 prae
1350 1029 1386 1052 se
1412 1017 1616 1053 ferentibus
1639 1017 1804 1062 posuisse
1828 1016 1988 1051 videtur.

271 1085 312 1116 10
335 1080 476 1115 Exerce
494 1079 715 1123 pulmonem]
747 1075 913 1111 Iuvenal.
932 1076 998 1109 sat.
1020 1079 1069 1109 10.
1088 1089 1117 1108 r.
1132 1084 1174 1109 33.
1189 1087 1233 1117 sq.
1261 1073 1478 1118 „Perpetuo
1507 1073 1583 1107 risu
1606 1073 1822 1118 pulmonem
1847 1073 1989 1118 agitare

359 1136 503 1171 solebat
530 1134 790 1169 Democritus.
810 1135 866 1167 .“.
904 1172 907 1176 .

270 1195 357 1236 Pag.
376 1193 466 1230 184.

314 1248 402 1283 Haec
427 1249 483 1282 est
507 1247 678 1282 secundae
702 1256 883 1281 novarum
909 1244 1150 1290 epistolarum
1170 1243 1210 1278 Ο.
1225 1243 1269 1277 V.
1288 1242 1460 1277 editionis
1484 1241 1688 1286 inscriptio.
1720 1241 1765 1276 cf.
1783 1252 1894 1286 supra
1910 1241 1989 1276 Ind.

360 1303 442 1338 edd.
459 1314 570 1348 pagg.
589 1306 619 1337 7.
637 1306 667 1337 8.

270 1365 289 1394 ‘3
309 1359 452 1404 paleas]
484 1358 607 1394 Paleae
633 1359 801 1403 quamvis
826 1358 976 1403 proprie
1001 1367 1201 1403 granorum
1227 1355 1404 1389 frumenti
1428 1354 1639 1400 tegumina,
1672 1353 1790 1397 Spreu
1814 1357 1992 1398 (spruwer

361 1414 518 1450 Gemma
534 1416 583 1460 g.)
602 1414 827 1460 significent,
854 1414 1013 1458 scriptor
1036 1415 1163 1447 tamen
1187 1411 1309 1445 minus
1332 1411 1366 1445 h.
1384 1411 1408 1445 l.
1426 1421 1539 1455 quam
1562 1422 1598 1455 p.
1617 1412 1717 1444 214²*
1741 1410 1922 1455 cogitavit
1945 1409 1991 1444 de

360 1471 495 1515 paleis,
528 1470 695 1506 Gratiani
727 1470 876 1505 decreto
910 1480 931 1503 a
954 1468 1189 1513 Paucapalea
1221 1467 1375 1511 aliisque
1412 1466 1500 1500 viris
1529 1466 1763 1511 interspersis
1795 1465 1990 1510 capitibus,

361 1538 442 1571 quae
480 1527 543 1561 diu
579 1538 655 1571 prae
690 1526 779 1571 ipsis
810 1524 978 1561 Gratiani
1014 1524 1139 1570 granis
1177 1522 1521 1558 contemnebantur.
1582 1521 1818 1566 Scripserunt
1854 1521 1900 1556 de
1936 1521 1992 1556 his

360 1582 478 1627 paleis
507 1583 633 1625 multi,
668 1593 686 1617 e
719 1582 852 1626 quibus
882 1581 1110 1626 Rieggerum
1137 1578 1325 1624 (Friburg.
1345 1579 1462 1622 1773.)
1489 1579 1527 1612 et
1550 1577 1759 1612 Bickellum
1785 1576 1992 1623 (Marburg.

364 1640 482 1682 1827.)
506 1638 714 1673 nominasse
740 1637 888 1672 sufficit.
935 1637 1076 1679 Paleae,
1109 1635 1218 1670 saeces
1249 1636 1287 1669 et
1311 1634 1537 1679 quisquiliae,
1568 1634 1606 1667 in
1632 1644 1723 1678 quas
1744 1633 1803 1668 hae
1828 1633 1993 1678 epistolae

360 1694 513 1737 ludunt,
543 1696 629 1729 sunt
654 1693 817 1737 Ortrini,
843 1692 1083 1738 Pepericorni
1107 1692 1338 1735 aliorumque
1364 1689 1779 1724 Antireuchlinistarum
1801 1684 1933 1724 libelli.

317 1751 431 1794 foeces]
458 1752 495 1785 et
517 1750 592 1793 foex
618 1750 864 1793 (Bodensatz,
893 1748 1007 1792 Hefe,
1040 1748 1175 1789 Trube,
1207 1747 1321 1782 etiam
1346 1745 1618 1791 ausycihrender
1641 1744 1820 1787 Schaum)
1845 1746 1922 1780 tam
1947 1745 1993 1780 de

363 1807 473 1841 rebus
499 1817 610 1850 quam
636 1806 681 1840 de
706 1806 918 1840 hominibus
943 1804 1119 1846 sordidis,
1146 1803 1317 1845 abiectis,
1343 1802 1479 1836 vilibus
1503 1802 1542 1836 in
1566 1813 1635 1836 usu
1660 1803 1725 1836 est.
1765 1802 1856 1836 item

318 1862 549 1907 quisquilias]
582 1861 794 1906 (σκύβαλα,
828 1858 1032 1906 φρυγάνων
1058 1864 1209 1905 χαῖται,
1240 1857 1515 1904 περιψήματα.·
1545 1857 1774 1903 Philox.g1.;
1804 1858 1994 1901 Auswurf,

363 1918 556 1961 Kehricht,
580 1917 745 1960 Abfeille,
777 1917 982 1962 lVeywurf)
1013 1918 1091 1951 tam
1123 1927 1180 1951 res
1205 1926 1316 1960 quam
1341 1925 1517 1960 personas
1542 1914 1722 1957 abiectas,
1753 1914 1863 1958 viles,
1894 1925 1994 1959 sper-

362 1974 503 2009 nendas
541 1974 653 2008 etiam
692 1973 850 2007 Romani
885 1973 1079 2007 vocabant.
1141 1972 1268 2007 Cicero
1300 1971 1368 2015 (ad
1398 1971 1511 2006 Attio.
1528 1971 1556 2005 Ι.
1575 1972 1697 2013 16,3.)
1729 1970 1910 2005 vocabulo
1948 1971 1993 2006 de

362 2030 503 2064 miseris
533 2031 716 2064 iudicibus
746 2030 883 2064 habet:
927 2057 966 2071 „.
987 2057 993 2063 .
1018 2029 1174 2074 triginta
1203 2028 1371 2062 homines
1398 2054 1405 2062 .
1423 2054 1431 2061 .
1455 2027 1660 2062 levissimos
1685 2037 1728 2061 ac
1751 2027 1995 2071 nequissimos

363 2086 563 2120 nummulis
589 2086 750 2130 acceptis
774 2086 829 2119 ius
855 2096 896 2120 ac
922 2085 976 2119 fas
1001 2096 1110 2119 omne
1137 2085 1280 2126 delere,
1309 2086 1346 2118 et
1371 2084 1470 2128 quod
1496 2094 1623 2118 omnes
1646 2094 1720 2118 non
1744 2083 1855 2117 modo
1878 2083 1995 2117 homi-

362 2152 443 2184 nes,
480 2153 610 2177 verum
643 2142 756 2176 etiam
787 2142 950 2186 pecudes
981 2142 1122 2176 factum
1153 2151 1230 2175 esse
1263 2141 1396 2182 sciant,
1435 2139 1474 2173 id
1505 2139 1661 2174 Talnam
1787 2140 1824 2173 et
1854 2140 1996 2173 ceteras

362 2197 473 2232 huius
496 2197 598 2232 modi
622 2198 839 2242 quisquilias
865 2199 1028 2232 statuere
1054 2207 1246 2241 nunquam
1272 2207 1349 2230 esse
1374 2195 1558 2230 factum“.

318 2264 335 2288 6
359 2253 454 2297 quib.
471 2264 544 2288 sese
565 2281 570 2287 .
586 2281 592 2288 .
609 2280 616 2288 .
636 2254 822 2298 iactitant]
840 2253 930 2295 ,Nisi
947 2265 984 2288 se
1004 2264 1067 2287 suo
1085 2263 1188 2287 more
1208 2252 1362 2287 Obscuri
1378 2251 1627 2294 iactitassent‚
1653 2250 1765 2286 hodie
1784 2261 1846 2285 eos
1862 2262 1996 2286 muscae

364 2308 626 2351 comedissent,
657 2311 699 2343 ut
722 2309 798 2344 fere
826 2308 993 2344 Curionis
1018 2310 1102 2342 utar
1126 2308 1248 2342 verbis
1274 2309 1347 2352 (ap.
1366 2307 1439 2342 Cic.
1457 2307 1559 2341 Brut.
1578 2311 1638 2349 60,
1657 2309 1742 2351 2η).

319 2364 478 2409 barbari]
506 2364 544 2398 Si
567 2365 662 2399 hanc
686 2365 967 2409 inscriptionem
994 2365 1108 2399 etiam
1132 2366 1278 2398 veteres
1296 2363 1461 2407 epistolae
1480 2363 1521 2397 O.
1535 2362 1579 2397 V.
1598 2363 1634 2406 (i.
1653 2373 1683 2397 6.
1701 2363 1773 2398 vol.
1790 2363 1832 2406 I.)
1849 2364 1996 2399 habuis-

365 2421 463 2462 sent,
490 2420 570 2454 fieri
594 2430 667 2454 non
691 2420 874 2464 potuisset
898 2420 998 2464 quod
1015 2420 1188 2454 Erasmus
1211 2419 1358 2454 rettulit
1376 2419 1496 2462 (Hutt.
1514 2417 1609 2463 Opp.
1626 2418 1671 2453 II.
1689 2430 1726 2464 p.
1743 2421 1851 2462 442.):
1878 2419 1998 2463 „Post

363 2476 402 2509 in
426 2475 629 2510 Brabantia
660 2476 762 2520 prior
792 2475 944 2519 quidam
975 2475 1239 2510 Dominicanus
1271 2477 1308 2509 et
1337 2474 1516 2520 Magister
1546 2476 1672 2509 noster
1700 2475 1829 2510 volens
1852 2475 1996 2511 innote-

365 2541 464 2565 scere
494 2531 663 2575 patribus
693 2531 829 2565 coemit
853 2542 1027 2566 acervum
1053 2542 1181 2566 eorum
1204 2531 1435 2573 libellorum,
1468 2532 1511 2564 ut
1540 2531 1636 2565 dono
1661 2531 1830 2566 mitteret
1859 2531 1997 2566 ordinis

364 2587 595 2630 proceribus,
621 2587 715 2621 nihil
740 2587 914 2621 dubitans
939 2587 1028 2631 quin
1052 2587 1091 2621 in
1117 2587 1254 2621 ordinis
1278 2587 1457 2621 honorem
1481 2586 1638 2621 fuissent
1661 2586 1850 2631 scriptae“.

277 2647 295 2676 3
321 2642 496 2688 elivzyzoes]
539 2642 591 2677 Cf.
611 2641 683 2677 Cic.
706 2653 756 2677 or.
773 2644 858 2687 post
881 2643 957 2677 red.
981 2643 1020 2676 in
1044 2654 1119 2677 sen.
1138 2648 1175 2685 3,
1194 2653 1220 2677 6.
1245 2646 1421 2685 „mutum
1452 2643 1589 2684 forum,
1625 2642 1812 2688 elinguem
1843 2643 1995 2686 curiam,

364 2698 519 2733 tacitam
544 2700 581 2733 et
604 2698 761 2733 fractam
787 2699 979 2733 civitatem
1003 2699 1230 2734 videbatis“.

320 2753 422 2788 scioli
445 2780 452 2788 .
467 2781 474 2788 .
490 2781 497 2787 .
520 2755 742 2799 arroyantes]
770 2753 821 2789 Cf.
840 2755 978 2790 Arnob.
997 2755 1079 2790 adv.
1097 2757 1197 2800 gent.
1218 2755 1262 2789 Π.
1281 2766 1312 2789 c.
1330 2759 1382 2790 62.
1402 2756 1457 2799 (p.
1475 2756 1568 2799 86.):
1596 2765 1748 2799 „neque
1772 2754 1867 2789 fflud
1892 2755 1996 2790 obre-

366 2810 448 2852 pat,
477 2836 509 2844 ..
535 2810 635 2853 quod
659 2821 681 2845 a
704 2811 825 2846 sciolis
849 2822 922 2846 non
947 2811 1057 2846 nullis
1083 2813 1121 2846 et
1145 2811 1348 2855 plurimum
1373 2810 1444 2845 sibi
1468 2810 1729 2856 arrogantibus
1754 2810 1899 2854 dicitur,
1926 2811 1996 2846 deo

369 2875 444 2899 esse
471 2876 508 2899 se
533 2867 664 2909 gnatos
683 2893 690 2901 .
709 2870 748 2901 .‘·
763 2894 770 2901 .

279 2923 300 2954 5
324 2920 491 2955 delicatis
513 2947 520 2954 .
541 2947 549 2955 .
572 2922 709 2967 crurib]
743 2922 893 2965 Quintil.
910 2923 999 2957 Inst.
1017 2934 1068 2958 or.
1086 2923 1149 2958 HI.
1169 2928 1199 2966 1,
1217 2934 1243 2959 3.
1268 2950 1306 2966 „.
1325 2951 1333 2958 .
1350 2934 1396 2958 ne
1421 2923 1547 2958 ieiuna
1571 2924 1684 2967 atque
1710 2922 1813 2957 arida
1842 2922 1992 2957 traditio

369 2976 555 3011 averteret
580 2976 720 3012 animos
747 2979 783 3012 et
808 2989 914 3013 aures
938 2980 1144 3023 praesertim
1168 2981 1246 3014 tam
1272 2979 1450 3015 delicatas
1474 2978 1649 3013 raderet.
1668 2981 1728 3013 .“.
