2119 3522
329 238 354 285 7
362 238 422 285 38
840 249 1104 276 conMEnrAmvs
1128 250 1175 275 An
1199 250 1271 277 1:1212.
1289 254 1319 276 o.
1336 251 1370 277 v.
1393 250 1472 276 vor..
1489 250 1526 276 11.

325 314 566 401 pag-{iffest
590 366 726 399 donum
752 364 851 408 quod
876 365 981 398 venit
1005 365 1090 399 ante
1108 365 1267 408 preces',
1293 364 1433 399 ‘Geben
1448 365 1496 398 ist
1512 364 1656 407 doppelt
1671 364 1799 407 werth,
1821 375 1926 399 wenn
1947 374 2033 399 man

412 423 511 456 ‘nicht
529 421 698 465 beyehrt’.
732 420 895 455 Wander
911 419 1084 463 Spriehw.
1101 420 1127 457 Ι,
1146 420 1215 453 001.
1233 423 1329 454 1368.
1345 432 1380 453 n.
1398 423 1451 454 39.
1482 419 1629 463 Unyern
1646 419 1740 464 yiebt
1757 420 1822 454 der
1836 420 1907 454 viel
1923 420 2033 464 frayt.

411 477 499 511 ibid.
517 489 551 510 n.
577 480 646 510 133.
693 475 781 509 Was
805 486 891 510 man
915 476 1110 519 unyebeten
1133 475 1245 519 yiebt,
1269 476 1317 509 ist
1333 476 1475 519 duppelt
1493 475 1570 509 lfieb.
1596 486 1631 508 n.
1651 478 1725 509 145.
1770 474 1901 509 Wem’s
1918 475 2034 510 Ernst

411 534 478 574 ist,
511 532 588 575 class
619 543 656 565 er
680 531 787 575 {leben
810 532 902 573 will,
934 531 998 565 der
1028 531 1123 575 yiebt
1150 531 1283 565 berctus
1311 531 1390 565 und
1419 530 1520 575 frayt
1543 531 1644 564 wicht
1667 530 1747 564 viel.
1771 542 1806 564 n.
1827 533 1899 564 154.
1950 530 2036 564 Wer

414 589 527 622 einem
551 588 659 631 yeben
682 586 776 628 will,
801 587 866 620 cler
889 587 985 630 fra-cf
1010 586 1127 628 nicht,
1152 586 1193 620 ob
1218 586 1285 620 er’s
1309 586 1422 620 haben
1438 586 1523 620 will.
1548 598 1583 619 n.
1603 589 1676 621 165.
1722 585 1808 620 Wer
1822 587 1929 630 qeben
1947 586 2035 628 will,

411 644 476 677 der
498 643 592 687 yzssebt
615 643 747 677 hernus
770 642 850 675 mzd
872 642 974 686 fraqe
997 642 1098 676 wicht
1121 642 1201 675 viel.
1226 653 1261 675 n.
1281 645 1353 675 172.
1399 641 1485 675 Wer
1500 652 1587 685 yeroz
1603 642 1714 686 yiebt,
1739 642 1804 675 der
1819 642 1921 686 frayt
1935 642 2035 675 wicht

409 699 490 732 viel.
514 710 549 732 n.
568 701 642 732 178.
694 697 779 741 Wer
807 708 897 741 90111
928 697 1040 741 yiebt,
1070 697 1152 740 lcisst
1175 697 1251 732 sich
1275 697 1375 731 ‘nicht
1399 697 1504 740 lange
1528 697 1649 731 bitten.
1673 708 1708 730 n.
1729 700 1802 731 181.
1829 698 1867 731 et
1889 697 2034 730 similia.

324 758 412 798 Pag.
429 756 521 792 270.

326 815 340 843 1
367 809 532 844 velociter
555 809 621 853 ire]
650 819 862 853 properare.

322 870 343 899 4
369 866 554 899 Iohannes
576 875 646 899 von
670 864 735 899 cler
763 865 879 908 Wick]
906 864 950 899 cf.
968 864 1046 898 Ind.
1065 864 1182 909 biogr.
1198 876 1233 908 p.
1252 868 1328 899 502.
1347 875 1399 908 sq.
1422 865 1489 898 art.
1507 863 1628 898 Wick.

322 925 342 954 5
367 921 483 955 currit
501 924 531 954 et
548 921 716 964 recurrit]
743 920 903 954 officiose
926 920 1123 954 Reuchlini
1142 931 1289 954 causam
1316 919 1459 964 agendo
1483 930 1551 963 per
1574 920 1703 954 urbem
1729 919 1911 962 discurrit,
1938 920 2035 962 Is'iuft

411 977 476 1010 hin
501 977 580 1010 mccl
603 976 675 1010 her.

367 1032 558 1075 imposuit]
584 1033 839 1075 praesentavit,
872 1033 914 1065 ut
937 1032 1046 1066 hodie
1071 1032 1274 1075 loquimur,
1304 1031 1498 1064 iudicibus.
1539 1031 1583 1065 cf.
1602 1031 1733 1075 Consp.
1751 1030 1912 1065 chronol.
1931 1031 1965 1064 d.
1985 1035 2034 1065 19.

412 1087 487 1121 Ian.
506 1098 537 1121 a.
559 1091 652 1121 1515.
672 1089 709 1121 et
726 1087 760 1122 d.
778 1091 808 1121 2.
827 1087 894 1121 Iul.
913 1098 944 1121 a.
966 1091 1060 1121 1516.
1078 1086 1273 1120 Reuchlini
1297 1086 1392 1120 Acta
1414 1086 1580 1120 iudicior.
1597 1097 1708 1131 pagg.
1725 1086 1741 1119 Ι
1755 1086 1807 1130 iij.
1821 1097 1911 1129 sqq.,
1937 1086 2036 1120 unde

413 1144 490 1177 liaec
516 1143 703 1176 enotanda
728 1154 804 1177 esse
830 1143 1021 1177 videntur:
1049 1169 1088 1184 „.
1104 1169 1111 1177 .
1134 1142 1344 1186 comparuit
1367 1141 1404 1175 in
1429 1141 1566 1175 iudicio
1591 1141 1759 1186 legitime
1785 1152 1908 1175 coram
1930 1141 2036 1176 nobis

412 1199 589 1243 magister
612 1198 767 1232 Ioannes
792 1209 863 1233 van
889 1199 955 1232 der
971 1197 1093 1241 Wyck
1118 1198 1337 1242 procurator
1360 1197 1560 1241 praedictus
1583 1224 1612 1232 ..
1627 1224 1635 1232 .
1659 1198 1698 1231 et
1720 1197 1841 1241 primo
1867 1198 2038 1241 exposuit

411 1254 517 1288 nobis
549 1255 587 1287 et
617 1254 812 1298 allegavit,
846 1254 960 1297 quod,
994 1253 1083 1287 licet
1102 1280 1109 1288 .
1125 1281 1154 1287 ..
1175 1255 1368 1298 episcopus
1394 1252 1575 1298 Spirensis
1684 1252 1854 1287 libellum
1879 1252 2036 1287 Oculare

411 1309 601 1353 speculum
622 1337 630 1344 .
644 1337 651 1344 .
667 1337 675 1344 .
694 1321 760 1343 sua
777 1309 976 1343 diffinitiva
992 1310 1179 1343 sententia
1194 1310 1264 1343 rite
1282 1320 1392 1343 causa
1408 1309 1558 1353 cognita
1577 1309 1622 1343 de
1641 1308 1792 1343 consilio
1808 1309 1885 1342 tam
1903 1308 2035 1342 utrius-

411 1376 482 1409 que
507 1365 596 1398 iuris
621 1366 815 1399 doctorum
841 1376 952 1409 quam
977 1365 1174 1409 theologiae
1199 1365 1459 1409 magistrorum
1485 1365 1699 1408 approbatae
1722 1364 1892 1399 lectionis
1915 1364 2035 1398 decla-

410 1421 565 1463 raverit,
593 1432 633 1455 ac
658 1432 726 1465 per
749 1421 799 1455 Ia.
818 1421 862 1454 de
881 1421 1147 1463 Hochstraten,
1172 1448 1180 1455 .
1196 1448 1202 1454 .
1218 1447 1227 1456 .
1249 1420 1390 1454 domini
1413 1420 1560 1454 Ioannis
1578 1420 1783 1465 [Reuchh'n]
1809 1421 1848 1454 et
1870 1419 1956 1453 libri
1979 1419 2036 1453 3111

410 1477 664 1510 insidiatorem
695 1488 736 1511 ac
770 1477 999 1511 adhaerentes
1033 1477 1198 1511 eiusdem
1230 1477 1427 1510 temerarie
1461 1477 1499 1510 et
1528 1476 1663 1510 iniuste
1694 1475 1926 1510 diffamatum
1955 1475 2036 1520 pari

410 1532 596 1566 sententia
624 1533 942 1576 pronunciaverit,
968 1559 975 1566 .
991 1560 996 1566 .
1013 1559 1037 1575 .,
1063 1534 1191 1567 contra
1220 1532 1340 1576 leges,
1371 1542 1547 1573 0111101103,
1580 1532 1636 1565 1113
1667 1531 1834 1565 divinum
1860 1532 1898 1565 et
1920 1532 2036 1565 bonos

411 1599 530 1622 mores
555 1588 690 1621 librum
716 1588 836 1632 ipsum
861 1588 1072 1622 huiusmodi
1104 1587 1294 1621 indirectis
1323 1588 1360 1621 et
1384 1587 1543 1631 obliquis
1567 1587 1636 1621 viis
1661 1587 1883 1621 detractorie
1908 1588 2037 1621 contra

412 1643 665 1688 evangelicam
691 1644 914 1686 doctrinam,
942 1656 1053 1688 quam
1084 1643 1318 1688 profitentur,
1345 1642 1537 1676 diffamare
1563 1644 1602 1677 et
1625 1642 1672 1676 ad
1697 1642 1879 1677 sororinas
1903 1644 1942 1677 et
1964 1643 2036 1677 fra·

409 1700 524 1733 trinas
549 1699 745 1744 theologiae
771 1701 916 1734 assertae
942 1699 1138 1733 facultates
1162 1699 1336 1733 adversus
1353 1698 1546 1733 iudiciales
1562 1699 1765 1733 sententias
1784 1725 1792 1733 .
1806 1725 1814 1734 .
1833 1710 2034 1742 recurrere,

410 1757 449 1789 et
478 1755 587 1789 falsas
613 1756 651 1789 et
675 1756 872 1789 ementitas
898 1755 1140 1789 detractorias
1165 1756 1203 1788 et
1228 1754 1494 1788 diffamatorias
1518 1755 1721 1788 sententias
1745 1756 1935 1799 reportare
1959 1782 1966 1789 .
1982 1782 1989 1789 .
2004 1782 2011 1789 .
2027 1782 2035 1789 .

410 1822 451 1845 ac
484 1811 559 1845 fere
590 1811 744 1844 crimina
767 1811 861 1845 laesae
886 1811 1091 1844 maiestatis
1115 1810 1308 1854 libellique
1333 1809 1463 1844 famosi
1489 1810 1528 1844 et
1551 1810 1605 1844 vis
1630 1810 1788 1854 publicae
1813 1821 1855 1844 110
1880 1811 2035 1855 privatae

409 1878 477 1910 per
501 1866 689 1910 praemissa
713 1866 865 1910 impune
891 1867 1154 1901 00111111111010ιι
1181 1867 1219 1900 et
1243 1877 1277 1909 q.
1298 1877 1324 1900 3.

321 1928 362 1957 13
386 1922 518 1956 audivi
542 1923 616 1966 eta]
651 1922 797 1963 Quanta
827 1922 1052 1957 confidentia
1076 1922 1272 1956 Reuchlini
1302 1921 1557 1966 supprimendi
1582 1921 1824 1956 Hochstratus
1851 1924 1936 1967 post
1958 1934 2034 1957 mo-

408 1977 641 2011 lestissimam
660 1977 871 2022 Spirensem
896 1978 1120 2012 sententiam
1147 1978 1196 2022 (d.
1214 1981 1267 2012 29.
1284 1976 1392 2011 Mart.
1410 1988 1440 2011 a.
1462 1981 1556 2012 1513.
1575 1977 1727 2022 dictam)
1745 1978 1901 2012 Romam
1924 1989 2034 2013 vene-

410 2034 473 2075 rit,
514 2033 625 2067 etiam
662 2033 718 2068 hae
750 2034 915 2078 epistolae
945 2034 1082 2078 passim
1112 2034 1298 2067 testantur
1329 2033 1393 2075 (cf.
1413 2044 1442 2067 e.
1461 2045 1513 2078 gr.
1532 2033 1579 2067 ad
1609 2034 1776 2078 proxime
1807 2036 2034 2079 superiorem

409 2102 441 2123 v.
459 2092 514 2123 24.
531 2088 648 2133 adn.);
674 2100 795 2133 neque
821 2090 943 2123 minus
967 2091 1115 2133 quantae
1140 2089 1379 2123 difficultates
1396 2089 1593 2124 Reuchlini
1618 2100 1734 2124 causae
1760 2090 1938 2134 oppositae
1956 2090 2034 2125 fue-

409 2146 499 2187 rint,
527 2155 571 2179 01(
595 2155 733 2189 magna
755 2146 835 2179 tum
860 2146 975 2190 ipsius
992 2145 1188 2179 Reuchlini
1212 2146 1293 2179 tum
1318 2145 1521 2179 amicorum
1547 2145 1624 2179 eius
1647 2145 1807 2179 maxime
1831 2156 1898 2190 per
1920 2156 2034 2180 annos

412 2205 507 2235 1515.
525 2201 563 2234 et
582 2204 677 2235 1516.
696 2201 915 2245 scriptarum
934 2201 1175 2245 epistolarum
1193 2201 1299 2245 copia
1316 2202 1488 2246 cognosci
1504 2202 1637 2245 potest.
1664 2200 1708 2235 cf.
1726 2201 1857 2245 Consp.
1871 2202 2033 2236 chronol.

408 2269 442 2301 p.
464 2261 536 2291 135.
555 2268 633 2300 sqq.
651 2256 697 2290 ad
722 2257 788 2291 hos
813 2268 937 2292 annos.

321 2317 360 2347 17
381 2323 500 2346 omnes
520 2312 712 2346 Curtiscwzi
735 2313 810 2346 tim.
829 2314 920 2357 eum]
948 2312 1021 2346 Sed
1045 2324 1141 2346 nunc
1166 2312 1330 2346 Fortuna
1354 2314 1519 2347 verterat
1543 2313 1672 2346 rotam.
1705 2313 1749 2346 cf.
1766 2324 1801 2356 p.
1821 2314 1963 2347 ’ἴθ’-ΒΝ·

322 2373 362 2402 19
389 2368 662 2412 Questenberyk]
689 2368 829 2402 cf.›Ind.
847 2368 965 2413 biogr.
988 2380 1023 2412 p.
1041 2371 1118 2402 446.
1136 2368 1233 2402 1111110
1258 2369 1324 2402 art.

366 2424 470 2467 eiam]
498 2433 598 2457 error
621 2424 785 2468 typogr.,
814 2424 956 2468 corrige
984 2424 1145 2457 ‘etiam'.

319 2484 359 2514 ‘22
385 2480 475 2514 Istis
497 2479 549 2513 8ἰο
571 2479 765 2523 stantibus]
797 2479 884 2521 Quae
910 2490 993 2513 011111
1018 2480 1070 2513 ita
1095 2480 1226 2513 essent.

318 2540 360 2570 23
384 2536 417 2569 si
442 2538 491 2569 est
515 2535 661 2578 climens]
689 2533 726 2568 Si
750 2545 818 2578 per
841 2535 1139 2577 universitatem,
1166 2546 1246 2578 quae
1271 2536 1461 2569 doctorem
1485 2535 1574 2569 fecit
1590 2535 1795 2578 Wickium,
1824 2534 2030 2578 (Colonien-

407 2602 484 2625 sem
508 2591 615 2635 puto)
640 2590 786 2632 liceret,
814 2591 942 2635 aperte
967 2591 1162 2635 indignum
1181 2601 1265 2624 eum
1283 2590 1492 2634 appellaret
1508 2591 1675 2635 scriptor.
1708 2590 1804 2625 Sane
1821 2591 1890 2625 1100
1909 2591 1957 2625 ‘si
1975 2592 2031 2625 est

407 2647 558 2691 dignus'
585 2646 809 2679 contrarium
835 2647 890 2680 est
914 2646 1080 2680 modesto
1105 2646 1364 2690 theologorum
1390 2647 1577 2690 ‘quamvis
1600 2647 1806 2692 indignus'.

317 2708 358 2737 *29
384 2703 523 2746 colleyz‘t
547 2702 670 2736 artico.
688 2702 923 2746 hcereticales]
954 2702 996 2735 In
1022 2701 1240 2746 colligendis
1271 2701 1542 2736 haereticalibus
1572 2703 1737 2736 articulis
1766 2703 1805 2736 et
1833 2702 1880 2736 ad
1902 2703 2028 2748 ignem

407 2758 624 2792 damnandis
648 2757 830 2792 haereticis
855 2758 972 2792 omnis
989 2757 1201 2791 Hochstrati
1226 2768 1283 2791 ars
1309 2758 1347 2791 et
1368 2757 1569 2792 delectatio
1586 2759 1707 2803 posita
1724 2759 1813 2793 erat.
1854 2758 1898 2793 cf.
1916 2770 2027 2802 quam

408 2815 557 2858 egregie
594 2814 702 2847 minis
738 2814 939 2848 insectatus
970 2815 1026 2848 est
1053 2813 1245 2847 Erasmum
1277 2812 1346 2855 „Si
1378 2824 1446 2857 ego
1484 2813 1594 2847 venio
1631 2814 1677 2847 ad
1708 2814 1937 2856 Almaniam,

408 2880 476 2914 ego
501 2869 585 2903 volo
610 2869 679 2903 sibi
703 2880 814 2913 super
837 2871 991 2904 cutem“
1021 2881 1057 2913 p.
1076 2870 1234 2903 751515411-

318 2930 360 2960 30
383 2936 483 2959 mmo
508 2928 558 2959 est
581 2926 700 2969 aliud]
726 2926 771 2959 cf.
789 2926 836 2960 ad
859 2937 937 2970 sup.
956 2937 989 2960 v.
1008 2928 1060 2959 17.

318 2984 360 3013 3⁴2
384 2981 459 3021 fecit
470 2984 553 3023 post
570 2981 817 3024 disputatum]
842 2981 876 3014 d.
896 2985 927 3015 2.
944 2981 1011 3014 Iul.
1031 2991 1062 3014 a.
1083 2983 1177 3015 1516.
1211 2980 1255 3014 cf.
1274 2980 1403 3025 Consp.
1423 2981 1584 3015 chronol.
1603 2993 1637 3024 p.
1658 2985 1730 3016 139.
1750 2981 1795 3015 ad
1814 2981 1846 3014 h.
1866 2981 1898 3014 d.
1918 2981 1956 3014 et
1971 2981 2024 3014 ibi

408 3036 484 3069 citt.
502 3036 695 3069 Reuchlini
720 3035 812 3069 Acta
837 3036 1002 3069 iudicior.
1027 3036 1087 3069 fol.
1112 3036 1179 3071 ult.
