2119 3522
282 218 378 264 540
799 232 1060 255 coimmmmvs
1084 232 1129 252 AD
1155 233 1226 253 EPP.
1245 231 1274 253 0.
1293 232 1323 253 ν.
1349 231 1424 253 vor..
1442 231 1464 253 1.

282 295 331 325 Pa
360 319 366 325 .
389 294 449 330 15.

334 306 356 336 g
370 346 552 389 „quidam
576 346 710 389 putant
732 356 768 378 se
792 344 929 377 habere
953 353 1059 386 posse
1083 353 1166 375 cum
1188 342 1381 376 honestat-e
1406 341 1627 375 concubinas
1653 369 1658 375 .
1678 369 1684 375 .
1705 369 1711 375 .
1736 343 1921 386 praecipue
1946 343 1983 376 in

368 402 439 435 illis
464 401 686 442 diocesibus,
712 401 750 433 in
775 399 908 443 quibus
933 397 1123 432 annuatim
1147 397 1235 431 data
1256 396 1370 431 fuerit
1394 397 1550 431 collecta
1567 398 1631 431 aut
1647 397 1851 431 subsidium
1868 398 1983 432 chari-

368 458 544 498 tativum,
577 456 782 500 vulgariter
807 456 871 489 der
886 453 1148 497 milchpfenmy
1165 454 1239 487 vnd
1255 453 1497 496 kindsszehent
1515 480 1521 486 .
1541 455 1581 486 .“
1607 453 1645 486 et
1665 453 1777 496 paulo
1799 455 1884 497 post
1907 453 1982 498 epi-

369 513 469 556 scopi
494 512 625 546 fiscalis
651 522 731 545 eam
757 511 951 544 collectam
969 509 1120 554 exigens
1136 509 1319 543 sacerdoti
1342 509 1495 553 neganti
1519 519 1556 542 se
1580 509 1716 542 habere
1734 510 1799 542 aut
1813 509 1984 544 habuisse

369 568 612 602 concubinam
636 566 836 611 respondet
860 566 920 608 „si
943 576 1017 600 non
1033 565 1164 607 habes,
1192 564 1344 609 dispone
1360 565 1430 599 tibi
1446 575 1574 606 unam,
1601 565 1775 608 quoniam
1793 565 1985 609 episcopus

368 624 449 657 vult
471 623 608 657 habere
634 623 829 667 pecuniam
854 623 892 656 et
908 632 977 666 ego
996 621 1108 655 etiam
1125 622 1271 664 partem
1294 631 1426 654 meam.
1460 631 1543 654 cum
1559 621 1616 654 tot
1637 620 1775 654 habeas
1791 620 1983 662 beneficia,

367 691 490 723 posses
513 679 573 713 vel
597 679 759 713 nobilem
784 678 971 712 educare“
997 677 1056 711 &c.
1104 676 1241 711 Kessler
1259 676 1421 710 Sabbata
1445 675 1510 719 (St.
1531 676 1662 710 Gallen
1682 679 1777 710 1866.
1795 677 1846 710 8⁰.
1863 688 1898 720 p.
1919 678 1984 720 11.)

365 736 476 778 „Den
488 736 643 778 priester
659 735 760 769 ward
777 735 1022 778 mtchyelctssen
1045 734 1161 767 haren
1183 732 1247 775 fur
1264 732 1408 766 eewiber
1423 732 1555 773 haben,
1578 732 1666 766 cloch
1681 743 1792 766 zvann
1809 733 1868 766 die
1884 733 1986 767 aines

368 792 476 825 kinds
500 794 625 836 yencss,
653 791 729 825 clem
755 790 906 832 bischoff
924 790 1000 823 vici·
1023 790 1159 834 gyulclen
1182 798 1219 823 ze
1242 789 1349 832 ychen
1375 787 1552 830 verfallen
1576 788 1671 822 εἰπέ(

279 853 299 881 4
324 848 480 882 ancillas
505 858 575 881 esse
600 857 626 881 c.
639 846 774 891 presb]
803 845 967 880 Canones
993 845 1135 879 clericis
1152 843 1323 878 convictu
1349 854 1412 877 seu
1431 843 1706 878 cohabitatione
1732 855 1815 878 cum
1839 844 1985 878 feminis

365 903 608 944 interdicunt,
641 903 711 936 nisi
734 902 789 936 hae
820 901 915 935 forte
946 901 1122 945 proximae
1148 900 1430 943 consanguineae
1458 900 1580 933 essent
1605 900 1670 933 aut
1692 899 1773 934 aliis
1798 910 1842 934 ex
1867 900 1985 934 causis

367 959 483 993 omnis
507 959 665 1002 suspicio
691 957 958 992 excluderetur.

277 1020 295 1048 5
321 1017 368 1049 sit
392 1027 415 1048 (ι
439 1015 492 1049 πεῖ
518 1015 549 1058 b]
575 1015 659 1048 utut
690 1024 748 1047 res
772 1024 808 1046 se
839 1013 992 1054 habeat,
1026 1012 1101 1045 sive
1127 1022 1256 1045 verum
1289 1012 1336 1045 sit
1360 1011 1459 1055 quod
1490 1022 1639 1045 severus
1669 1011 1732 1045 ille
1764 1011 1984 1055 praedicator

366 1071 474 1113 dixit,
501 1071 577 1104 sive
602 1081 685 1104 non.

277 1132 294 1160 7
321 1128 408 1161 (leus
434 1131 483 1161 est
506 1126 724 1170 misericors]
752 1125 952 1158 Deuteron.
971 1124 1032 1157 IV.
1051 1128 1103 1159 31.
1123 1124 1161 1157 et
1185 1122 1244 1157 all.
1262 1122 1351 1156 locc.

275 1188 294 1213 8
319 1183 526 1217 Alexandri
554 1181 670 1226 Galli]
699 1181 742 1215 cf.
760 1181 838 1214 Incl.
856 1181 972 1225 biogr.
990 1192 1024 1224 p.
1043 1183 1117 1213 297.
1137 1190 1214 1222 sqq.
1233 1180 1299 1212 art.
1318 1178 1528 1212 Alexander
1553 1179 1598 1213 de
1624 1179 1725 1213 Villa
1749 1179 1820 1213 dei.

274 1243 292 1271 9
318 1239 477 1282 antiqui]
504 1238 704 1282 opponitur
731 1237 867 1280 ‘poetis
892 1235 1094 1270 modernis’
1122 1236 1144 1268 i.
1164 1234 1430 1268 e.h11manistis
1456 1234 1532 1269 sive
1561 1235 1685 1278 potius
1711 1235 1756 1269 ab
1781 1235 1838 1270 his
1862 1236 1984 1270 denuo

364 1293 583 1328 introductis
607 1292 796 1327 veteribus
821 1291 1082 1336 grammaticis.

321 1349 589 1394 reprehendere]
616 1349 755 1383 reicere
781 1350 822 1382 ut
846 1348 1056 1389 barbarum,
1083 1358 1155 1381 non
1181 1345 1364 1380 Latinum.

277 1410 313 1438 11
341 1405 518 1450 metimus]
545 1405 805 1445 habitavimus,
831 1404 965 1438 litteris
990 1403 1208 1443 studuimus
1234 1403 1275 1435 ut
1301 1404 1372 1436 16⁴.
1392 1403 1429 1436 et
1453 1414 1536 1446 saep.

318 1462 391 1506 hic]
419 1461 626 1505 Lipsiensis.

277 1522 315 1550 12
341 1518 509 1559 faceretis
533 1518 755 1562 imprimere]
783 1528 929 1551 curares
953 1516 1126 1560 imprimi.

319 1574 430 1617 dedit]
458 1584 531 1607 non
556 1573 759 1607 Alexandri
783 1573 931 1614 librum⁷
959 1572 1022 1606 sed
1049 1572 1203 1616 ‘scripta
1226 1582 1293 1615 pro
1320 1572 1397 1605 eius
1423 1571 1668 1605 defensione&

275 1633 315 1662 14
334 1630 540 1673 poetalite‘r]
566 1631 608 1663 ut
631 1629 906 1674 magistr-aliter,
934 1627 1200 1669 doctrinaliter,
1226 1627 1482 1668 historialiter,
1510 1627 1710 1667 moraliter,
1737 1628 1981 1671 poeticah'ter,

363 1685 648 1726 rhetoricaliter,
677 1685 922 1726 concorditer,
950 1683 1180 1723 mentaliter,
1207 1683 1448 1724 unanimiter⁷
1475 1683 1731 1727 pectoraliter,
1759 1684 1981 1726 cordialiter,

363 1740 617 1783 affectualiter,
643 1741 864 1782 iucunditer‚
882 1740 1110 1781 humaniter,
1131 1739 1328 1773 carnaliter
1345 1739 1490 1782 aliaque
1510 1739 1690 1773 eiusmodi
1707 1739 1886 1775 adverbia
1901 1752 1982 1785 per-

362 1797 495 1839 multa,
523 1799 577 1839 et,
603 1799 645 1831 ut
668 1797 767 1831 idem
787 1797 916 1831 Crotus
942 1798 979 1830 et
1004 1797 1087 1840 post
1109 1796 1205 1829 hunc
1224 1795 1422 1837 Lutherus,
1449 1794 1716 1837 Lovanialiter‚
1743 1796 1984 1831 Colonialiter

363 1854 399 1887 et
424 1853 568 1888 similia.

276 1915 314 1943 15
339 1920 415 1943 cum
442 1910 517 1953 hoc]
544 1911 666 1953 dabci,
692 1909 821 1951 etiam,
848 1909 963 1942 nihilo
989 1908 1119 1942 minus.

276 1969 313 1998 16
339 1966 486 2009 Busch]
513 1966 556 2002 cf.
571 1966 649 2000 Ind.
668 1966 785 2010 biogr.
803 1977 837 2009 p.
858 1969 931 1999 330.
952 1976 1028 2008 sqq.
1049 1966 1115 1998 art.
1135 1964 1323 1998 Buschius.

274 2025 312 2054 17
340 2020 508 2066 ηιαΐθνία]
541 2022 636 2055 liber
666 2032 737 2055 non
771 2022 998 2065 compactus,
1027 2033 1059 2064 q.
1079 2032 1111 2053 V.
1132 2020 1187 2053 ‘in
1208 2020 1336 2062 albis',
1369 2021 1433 2054 sed
1464 2021 1575 2055 etiam
1601 2020 1827 2065 generaliter
1860 2020 1980 2063 ‘liber‚

315 2111 320 2115 .
360 2077 537 2111 libellus⁷.
587 2077 775 2119 „Materia
798 2078 992 2121 impressa,
1019 2075 1191 2121 yedruclct
1217 2077 1360 2121 Disny‘fl
1409 2076 1640 2110 Diefenbach
1666 2076 1823 2110 Glossar.

274 2138 312 2167 19
340 2135 378 2167 in
403 2134 498 2168 char.
515 2144 589 2168 ozon
613 2134 710 2177 sicta]
737 2133 780 2167 H.
800 2133 962 2167 Corinth.
982 2133 1044 2166 VI.
1063 2137 1091 2166 6.
1123 2134 1166 2166 cf.
1185 2133 1263 2166 lnd.
1281 2133 1381 2167 verb.
1400 2143 1478 2167 voc.
1497 2132 1674 2167 Charitas.

583 2222 816 2257 EPISTULA
845 2226 906 2261 10.
948 2222 1160 2256 IOANNES
1186 2222 1404 2257 ARNOLDI
1431 2221 1659 2256 ORTVINO.

272 2306 310 2334 21
337 2301 496 2335 Ioannes
519 2301 696 2346 Amomi]
725 2300 879 2335 Cuinam
905 2301 1051 2335 Ortvini
1077 2301 1256 2344 discipulo
1286 2301 1355 2334 hoc
1386 2311 1521 2334 nomen
1553 2301 1591 2333 et-
1621 2301 1697 2334 haec
1729 2301 1887 2344 epistola
1919 2301 1980 2335 ad-

361 2356 523 2401 fingatur
538 2367 612 2391 non
630 2358 746 2401 paret.
761 2359 860 2391 certe
878 2357 1080 2401 Moguntiae
1098 2357 1193 2390 hanc
1209 2356 1385 2400 scriptam
1402 2356 1503 2400 fingi,
1524 2366 1568 2389 ex
1585 2355 1666 2399 ipsa
1683 2356 1849 2400 adparet.
1881 2357 1981 2391 Infra

361 2412 419 2456 (ΙΙ.
437 2414 505 2455 36.)
529 2412 628 2447 idem
655 2413 815 2447 ‘Romae'
843 2413 970 2447 scribit
992 2413 1075 2446 stilo
1099 2412 1252 2446 mirifice
1276 2411 1440 2453 exculto,
1471 2413 1669 2455 postquam
1692 2412 1744 2445 ibi
1771 2412 1981 2447 ‘studuerat

359 2480 426 2512 per
450 2469 571 2503 totum
595 2469 632 2502 in
657 2479 810 2513 poeseos
836 2468 1028 2503 artificiolo
1055 2470 1093 2502 et
1118 2479 1205 2513 ergo
1231 2468 1344 2501 fuerit
1368 2467 1476 2501 aliter
1499 2467 1674 2502 stilatus’.
1692 2479 1728 2512 p.
1747 2470 1858 2502 24527.

270 2529 312 2559 25
336 2525 500 2568 Aristeu]
527 2525 690 2569 met-aph.
707 2525 786 2559 init.
813 2522 962 2564 Πάντες
987 2522 1186 2568 ἄνθρωποι
1212 2524 1278 2558 τοῦ
1305 2523 1451 2558 εἰδέναι
1475 2521 1674 2568 ὀρέγονται
1699 2520 1822 2568 φύσει.

269 2584 321 2614 26.
339 2592 390 2624 sq.
417 2581 574 2615 libellum
598 2608 604 2614 .
624 2608 655 2615 ..
679 2582 857 2624 ribaldus]
889 2580 1062 2622 Hutteni,
1095 2581 1137 2614 ut
1166 2579 1403 2614 manifestum
1436 2581 1507 2621 est,
1539 2579 1726 2620 libellum⁷
1760 2580 1824 2614 sed
1854 2581 1979 2614 utrum

357 2636 630 2681 Panegyricum
653 2648 700 2671 an
716 2637 1034 2671 Exclamationem
1056 2636 1094 2670 in
1111 2635 1417 2680 Pepericornum,
1445 2635 1609 2669 dubitari
1631 2636 1755 2679 possit.
1796 2635 1874 2681 Ego
1900 2637 1979 2681 qui-

359 2692 443 2726 dem
466 2693 561 2726 hanc
586 2694 688 2737 puto.
721 2693 764 2726 cf.
783 2705 864 2736 quae
890 2692 969 2726 Ind.
987 2703 1072 2726 scrr.
1090 2704 1250 2726 n.xv1111.
1269 2691 1539 2725 adnotavimus.

269 2751 310 2781 29
338 2748 400 2781 cir.
413 2749 580 2791 procum.
597 2749 777 2793 integeru]
805 2748 862 2783 Sic
883 2748 1058 2783 Ortvinus
1081 2748 1224 2792 saepius,
1251 2746 1363 2781 etiam
1386 2747 1425 2780 in
1447 2746 1562 2791 ipsius
1578 2747 1818 2792 Pepericomi
1842 2747 1979 2782 libellis

359 2814 380 2837 a
403 2814 440 2837 se
466 2803 595 2838 Latine
621 2804 741 2847 editis,
766 2804 1056 2848 Pepericornum
1080 2803 1217 2838 laudat.

314 2860 383 2903 hic]
409 2859 622 2904 Moguntiae.

270 2919 312 2948 32
339 2916 494 2956 ‘notai-e,
520 2916 681 2950 merchem
705 2917 790 2950 oder
812 2917 985 2950 schriben.
1035 2916 1186 2950 Versus:
1213 2915 1281 2950 Dic
1305 2917 1392 2950 noto
1417 2916 1585 2958 notifico,
1612 2916 1699 2950 noto
1724 2915 1862 2957 scribo,
1888 2917 1977 2949 noto

360 2970 622 3014 reprehendo‘.
656 2970 811 3005 Gemma
835 2983 869 3015 g.

315 3026 444 3070 adhuc]
469 3026 567 3060 noch.
