2119 3522
280 186 372 230 '778
789 198 1051 219 communitus
1076 196 1120 218 AD
1147 198 1218 219 EPP.
1238 198 1267 219 o.
1287 197 1318 218 v.
1344 197 1421 218 vor..
1440 198 1476 218 11.

276 262 361 302 Pag.
383 258 473 294 295.

276 319 318 348 23
343 312 504 355 duplices
519 338 524 343 .
537 338 558 343 ..
574 311 705 353 cruces]
726 309 844 343 11111110
857 309 1044 352 duplicem
1062 308 1184 341 albam
1200 308 1354 342 linteam
1372 319 1529 349 crucem,
1546 308 1654 342 huius
1672 309 1748 342 fere
1764 308 1891 343 formae

320 378 393 402 mm
416 378 442 401 s.
468 367 540 400 alte
564 365 658 408 rasi]
691 364 755 398 sed
786 364 903 398 solum
933 365 970 397 in
1002 363 1140 397 vertice
1166 374 1320 407 parvam
1345 365 1532 398 tonsuram
1556 363 1712 406 habent,
1743 375 1817 398 non
1849 365 1891 398 ut
1915 316 1979 440 ᾧ

363 420 592 456 solummodo
616 421 738 454 tenuis
763 420 981 464 capillorum
1006 430 1141 453 corona
1164 419 1333 463 supersit.

275 483 316 513 25
340 477 673 521 superaressionem]
705 476 980 520 Uebeiiretimgy,
1010 475 1161 518 Verstoss
1185 485 1295 519 yeqe‘n
1312 475 1371 509 (lie
1391 475 1636 519 ordeum-0902.
1684 475 1814 519 Neque
1835 476 1904 511 hoe
1921 488 1983 511 no-

363 544 448 567 men
472 532 508 565 in
534 531 778 566 voeabulariis
803 532 950 576 legitur.

274 593 315 623 26
341 588 495 624 claudie.
515 588 646 621 Iocmm.
666 589 742 631 616]
775 587 919 621 Similia
942 598 1091 621 narrare
1120 586 1339 620 Boecaeium
1365 587 1403 620 et
1427 587 1561 621 multos
1586 587 1804 621 facetiarum
1832 588 1983 632 scripto-

363 656 420 678 res
443 644 573 678 notum
599 644 662 677 est.

274 705 313 736 31
335 701 527 744 propriam
550 727 558 734 .
573 727 580 734 .
595 727 602 734 .
625 700 749 743 stuffa]
780 699 1022 733 concubinam
1048 699 1084 732 in
1110 709 1174 732 suo
1201 698 1378 732 conclavi.

318 756 480 800 disponit
505 756 574 790 sibi
597 766 659 789 mi.
678 755 820 799 virum}
841 755 1032 798 comparat
1062 754 1095 788 ei
1119 754 1310 796 maritum,
1346 754 1517 788 conducit
1544 754 1724 798 aliquem,
1751 755 1815 799 qui
1840 766 1921 790 eam
1947 756 1984 789 in

362 811 639 846 matrimonium
668 811 790 845 ducat.

273 873 316 903 35
341 869 382 902 in
405 868 532 902 multis
556 867 644 902 hom.
663 867 797 902 occulte
822 867 958 911 crescit]
986 866 1196 901 Secundum
1222 866 1314 899 illud
1343 865 1519 901 ‘Crescite
1546 867 1584 901 et
1607 866 1938 911 multiplicamini'.

274 928 316 959 36
342 923 604 969 Qmmdocmzq.
621 924 695 967 616]
722 922 765 956 cf.
785 922 831 956 ad
849 927 914 957 238
922 924 960 955 2⁷.
987 949 1002 963 „
1014 921 1061 956 So
1079 923 1143 956 cler
1159 922 1218 956 abt
1236 923 1295 956 dic
1311 922 1441 964 wz'irfel
1458 923 1545 966 leyt,
1569 923 1705 965 spielen
1722 923 1781 957 die
1797 924 1983 957 mii'nclie“.

366 980 487 1014 Geiler
517 980 596 1013 mid
626 979 774 1013 Luther.
806 999 850 1002 —
889 978 1005 1021 „Unci
1035 989 1139 1012 wmm
1170 978 1234 1012 cler
1265 979 1325 1012 abt
1355 978 1415 1012 (lie
1444 978 1574 1020 wz'irfel
1603 979 1719 1022 lcydt,
1749 978 1797 1013 So
1827 980 1901 1013 sint
1926 980 1986 1014 (lic

362 1037 492 1070 mi'mch
515 1031 594 1070 xiim
617 1035 709 1079 spici
733 1035 878 1069 bereiffl.
904 1034 1028 1068 ant
1051 1033 1270 1068 Nem-reusch.
1288 1045 1316 1068 c.
1335 1037 1387 1068 49.
1407 1047 1437 1067 v.
1454 1044 1478 1067 11.
1497 1044 1537 1068 10.

273 1096 315 1127 38
340 1092 589 1135 miserabilem]
615 1091 637 1125 i.
656 1102 685 1125 0.
704 1090 942 1134 flagitiosam,
968 1089 1138 1133 impiam,
1165 1089 1289 1133 pravis
1314 1089 1579 1133 cupiditatibus
1605 1089 1780 1124 deditam.

272 1149 464 1191 Pag 296.
929 1168 1076 1172 ‘›——
1099 1167 1266 1169 jjffff

276 1209 289 1238 1
316 1205 470 1248 sequere]
497 1203 634 1244 active,
660 1203 701 1236 ut
724 1203 878 1246 1].29833
900 1202 1070 1246 loquere,
1097 1214 1132 1246 p.
1150 1203 1251 1236 29022
1275 1202 1526 1243 mortuorunt,
1556 1201 1691 1245 passim
1718 1201 1854 1236 ‘furare
1867 1204 1887 1244 '‚
1915 1203 1983 1236 ‘lu-

362 1261 479 1294 crare‘
505 1260 544 1293 et
569 1258 703 1292 similia
726 1258 862 1292 menda
886 1258 1052 1292 consulto
1078 1258 1281 1292 commissa.

274 1321 291 1350 2
317 1319 420 1351 traci.
438 1316 482 1350 dc
498 1315 653 1358 suppos]
679 1314 847 1349 Fortasse
873 1314 929 1348 hae
954 1314 1211 1348 obseaenitates
1236 1325 1279 1348 ex
1297 1313 1451 1348 Marsilii
1475 1314 1740 1357 quaestionibus
1757 1325 1867 1358 super
1882 1314 1986 1349 libris

362 1371 572 1406 Aristotelis
598 1371 643 1405 de
669 1371 909 1415 generatione
928 1370 1156 1414 explicandae
1174 1371 1269 1404 sunt.
1315 1369 1510 1404 Manifeste
1528 1369 1668 1403 luditur
1687 1370 1860 1414 ambiguo
1878 1382 1983 1405 sensu

362 1427 520 1462 nominis
545 1427 766 1471 suppositio,
797 1438 878 1470 quae
903 1426 1062 1471 logicam
1087 1426 1276 1460 notionem
1295 1426 1359 1468 (cf.
1379 1425 1424 1459 ad
1443 1426 1581 1469 28523)‚
1607 1425 1671 1460 sed
1697 1427 1735 1460 ct
1758 1426 1985 1470 impudicam

363 1495 440 1518 rem
466 1483 660 1528 significat.
698 1484 742 1518 cf.
761 1482 838 1516 Ind.
857 1482 957 1517 verb.
975 1494 1010 1526 p.
1029 1486 1102 1516 270.
1123 1494 1155 1516 v.
1173 1492 1392 1526 supponere.

273 1546 292 1575 3
317 1540 542 1584 Mcwsih'mn]
568 1539 613 1573 ab
631 1539 791 1583 Inghen,
817 1538 957 1583 primus
974 1538 1299 1582 Heidelbergensis
1324 1537 1575 1571 universitatis
1600 1537 1721 1571 rector
1746 1550 1776 1572 a.
1798 1542 1892 1573 1386.
1932 1538 1983 1573 Cf.

366 1596 445 1630 Ind.
464 1596 580 1640 biogr.
598 1607 633 1639 p.
652 1598 726 1629 412.
745 1595 811 1628 art.
830 1593 1024 1628 Marsilius.

273 1656 292 1686 5
317 1652 452 1687 abinde
475 1652 629 1695 lucrare]
655 1651 906 1695 abycerimzen,
932 1650 1096 1692 vincere,
1128 1650 1197 1684 (len
1222 1650 1372 1684 szess
1395 1660 1504 1693 969611
1521 1649 1565 1683 R.
1584 1650 1789 1693 qewimzcn,
1815 1650 1983 1694 optinere

362 1709 404 1742 ut
427 1708 468 1741 R..
490 1707 766 1741 condemnetur.

273 1769 292 1799 8
318 1774 521 1808 6196196116
545 1766 644 1797 vetus
668 1763 782 1807 ferm]
809 1763 834 1796 I.
854 1761 933 1797 Cor.
951 1775 984 1796 v.
1003 1766 1033 1796 7.
1052 1762 1296 1806 „Expurgate
1322 1763 1428 1796 vetus
1452 1762 1676 1796 fermentum
1701 1789 1730 1797 ..

277 1825 315 1855 10
339 1820 407 1854 crit
431 1847 438 1854 .
453 1847 460 1854 .
484 1820 682 1863 acquirere]
717 1819 898 1862 acquiret,
925 1818 1080 1852 habebit
1103 1818 1304 1852 infaustum
1329 1818 1434 1852 nobis
1460 1818 1608 1852 exitum.

275 1881 312 1909 11
339 1887 450 1911 eausa
475 1875 602 1919 Beria]
628 1875 672 1909 cf.
689 1874 767 1908 Ind.
785 1875 903 1919 biogr.
929 1875 995 1908 art.
1013 1873 1200 1908 Bernense
1226 1874 1353 1909 scelus.

316 1932 407 1966 satis
430 1931 662 1966 intellexistis
687 1932 751 1975 me]
781 1931 863 1976 Ipse
889 1931 957 1965 scis
982 1929 1173 1964 fraudibus
1198 1930 1365 1974 dolisque
1392 1930 1507 1964 etiam
1533 1930 1660 1964 contra
1686 1929 1726 1963 R.
1746 1931 1914 1975 pugnari.

275 1992 313 2022 12
338 1987 646 2031 Αηψῖιοναῦί6ίῑιε]
673 1987 717 2021 cf.
735 1987 814 2020 Ind.
836 1986 951 2031 biogr.
970 1998 1004 2030 p.
1024 1991 1099 2021 300.
1117 1986 1150 2020 h.
1170 1987 1237 2020 art.

274 2047 313 2077 16
337 2044 552 2078 sententiam
565 2043 697 2087 Pilati]
724 2043 768 2077 ef.
784 2042 915 2076 Matth.
930 2054 1039 2077 nvn.
1054 2046 1106 2076 24.
1132 2041 1244 2077 Marc.
1259 2055 1316 2076 xv.
1333 2046 1382 2076 15.
1408 2041 1493 2076 Luc.
1511 2055 1610 2076 xxm.
1625 2045 1678 2076 24.
1706 2043 1830 2076 Ioann.
1843 2055 1912 2076 Xix.
1931 2047 1980 2078 16.

316 2099 432 2133 traxit
452 2127 481 2133 ..
501 2100 617 2144 cwtra]
645 2099 820 2141 extraxit,
851 2098 1098 2143 deprompsit,
1123 2098 1280 2142 protulit
1305 2109 1379 2133 e-—.

274 2159 313 2189 17
339 2156 378 2189 in
404 2155 519 2189 medio
544 2155 584 2189 in
609 2155 643 2189 cl.
655 2156 793 2199 partes]
823 2155 862 2189 in
887 2155 951 2189 cler
974 2154 1084 2189 Mitte
1109 2155 1263 2189 entzwei.

315 2212 503 2255 sceptrum]
529 2210 670 2245 iudicis.
711 2212 755 2245 ef.
773 2211 902 2245 Baruc.
920 2224 966 2245 VI.
986 2215 1036 2246 13.

317 2267 539 2301 miserabilit.
557 2267 608 2300 acl
624 2266 784 2311 vidend]
804 2267 1032 2309 jc‘c‘mmerlieh
1054 2267 1275 2309 aoizzoschen,
1300 2267 1551 2302 miserandum
1577 2266 1765 2311 adspectu,

274 2326 313 2357 18
338 2323 483 2366 Petras]
509 2322 641 2356 Matth.
657 2335 752 2356 xxm.
770 2327 822 2357 75.
857 2322 942 2357 Luc.
960 2336 1046 2357 xxii.
1065 2327 1117 2358 62.

275 2383 314 2412 19
339 2389 428 2423 may.
446 2379 579 2422 nostro]
612 2377 849 2420 Hochstrato‚
881 2378 944 2422 qui
969 2390 1042 2413 non
1066 2379 1176 2423 longe
1201 2380 1286 2423 post
1301 2379 1522 2414 sententiam
1541 2380 1745 2413 Romanam
1763 2379 1797 2413 d.
1817 2385 1845 2414 2,
1864 2380 1930 2414 Iul.
1950 2392 1980 2415 a.

364 2438 459 2469 1516.
485 2434 599 2468 latam
630 2435 807 2478 tanquam
838 2435 947 2478 lupus
982 2434 1086 2468 hians
1117 2434 1273 2468 Romam
1305 2434 1465 2478 reliquit.
1515 2434 1558 2469 cf.
1582 2435 1629 2468 ad
1654 2437 1741 2469 752³.
1789 2435 1873 2469 Non
1904 2436 1980 2471 sine

360 2490 526 2534 periculo
553 2489 743 2524 Coloniam
769 2501 956 2525 reversum
983 2501 1058 2524 esse
1084 2490 1346 2524 Hochstratum
1371 2489 1668 2525 Pirckheimerus
1684 2491 1850 2526 Hutteno
1877 2492 1910 2525 d.
1928 2496 1980 2526 26.

361 2546 438 2579 Iun.
457 2557 487 2580 a.
509 2550 603 2580 1517.
622 2546 784 2580 rettulit:
812 2546 1087 2591 „Hogostratus
1111 2546 1210 2581 enim
1235 2546 1456 2590 quibusdam
1482 2547 1563 2581 aliis
1587 2558 1670 2581 cum
1688 2558 1768 2582 sero
1785 2547 1980 2592 applicuis-

361 2603 431 2644 set,
463 2613 605 2636 summo
637 2602 730 2636 abiit
753 2613 877 2644 mane,
910 2613 932 2636 a
956 2602 1117 2646 quodam
1148 2603 1190 2636 ut
1216 2602 1366 2636 insidias
1392 2604 1542 2637 caveret
1565 2604 1820 2647 praemonitus:
1852 2614 1981 2638 verum

360 2668 406 2691 ne
437 2658 487 2692 510
518 2657 670 2701 quidem
694 2657 1031 2692 Reuchlinistarum
1058 2658 1234 2693 evasisset
1258 2670 1405 2701 manus,
1431 2659 1500 2692 nisi
1524 2658 1747 2693 Marchionis
1771 2658 1872 2693 salvo
1897 2670 1980 2693 con-

361 2713 473 2747 ductu
493 2725 513 2747 a
530 2714 838 2758 persequentibus
861 2715 964 2748 tutus
987 2714 1126 2748 fuisset.
1167 2714 1231 2748 sed
1257 2715 1347 2749 deus
1370 2743 1376 2749 .
1399 2742 1405 2748 .
1427 2742 1433 2748 .
1458 2715 1527 2748 sibi
1544 2714 1747 2749 vindictam
1765 2715 1979 2757 reservavit,

360 2780 471 2812 quam
496 2780 560 2803 suo
585 2771 752 2814 tempore
778 2770 926 2814 gravius
955 2769 1210 2805 fulminaret&
1258 2770 1363 2805 Hutt.
1382 2770 1475 2816 Opp.
1494 2771 1519 2805 Ι.
1537 2783 1572 2815 p.
1592 2775 1665 2806 136.
1683 2783 1734 2815 sq.

442 2858 675 2894 EPISTOLA
699 2861 760 2897 68.
781 2860 844 2903 [6].
884 2859 1133 2894 IOHANNES
1159 2859 1396 2894 TEXTORIS
1423 2859 1811 2894 SCHWINKONCIO.

274 2940 313 2969 22
340 2936 372 2969 T
372 2921 516 2981 §.etot-als]
542 2937 723 2971 Iohannes
748 2938 924 2972 Moru-ach
941 2938 1113 2972 Alsatus?
1151 2939 1194 2972 ef.
1213 2938 1290 2971 Ind.
1309 2939 1425 2983 biogr.
1443 2951 1478 2982 p.
1495 2942 1570 2973 483.
1589 2939 1655 2973 art.
1673 2938 1852 2972 Textoris.
1892 2938 1979 2972 Haec

362 2992 517 3035 epistola
540 3004 714 3036 magnam
738 3004 821 3026 011111
847 2993 1169 3028 Schwinfordiensi
1194 2998 1245 3029 63.
1266 2994 1321 3038 [1].
1341 2994 1619 3029 similitudinem
1644 2994 1766 3028 habet.

1740 1764 1760 1780 C(

1769 1789 1777 1797 ι
