2119 3522
333 206 426 255 ’756
847 220 1112 247 0οΜΜΕΝΤΑ111173
1139 224 1185 246 An
1210 225 1282 247 EPP.
1300 225 1331 247 ο.
1349 225 1381 248 v.
1407 221 1484 247 vot.
1502 224 1538 247 11.

330 286 416 325 Pag.
436 284 528 319 280.

331 342 371 371 14
402 337 522 370 Vcclete
546 340 619 370 tam
646 337 711 370 diu
737 337 811 380 etc]
838 338 880 370 ut
902 347 937 380 p.
955 337 1067 370 23734.

330 398 370 427 15
394 394 432 425 ‘in
460 393 535 426 coll.
548 392 745 435 principis]
772 391 816 425 cf.
835 391 882 425 ad
906 392 1008 426 27923
1031 392 1155 426 adnot.

623 525 857 559 EPISTOLA
878 527 941 564 61.
982 525 1169 560 PETRVS
1195 525 1485 560 CHARITATIS
1512 526 1740 561 ORTVINO.

415 615 501 649 Hzec
527 615 683 659 epistola
707 615 895 659 sequentis
926 615 1030 659 quasi
1060 615 1280 659 prodromus
1305 616 1361 649 est
1377 630 1385 649 z
1403 617 1565 659 primum
1591 616 1788 651 Charitatis
1819 617 1900 659 (die
1923 616 2037 660 qnad-

414 672 530 705 rez'che
554 671 658 713 Lzsseb)
686 670 882 705 Ortvinum
907 671 1074 715 spurium
1099 670 1310 714 Gratiique,
1337 671 1518 705 carnificis
1541 671 1887 714 Halberstadiensis,
1913 682 1957 705 ex
1981 682 2036 705 so-

414 737 496 760 rore
521 728 697 770 nepotem
724 737 800 760 esse
825 727 1011 771 proponit,
1036 728 1116 760 tum
1139 727 1200 760 hic
1216 727 1295 771 ipse
1320 727 1523 761 avunculus
1548 728 1653 771 quasi
1676 727 1937 772 integerrimus
1955 726 2036 761 Ort-

416 782 575 816 viniauae
600 782 866 826 procreationis
896 782 1001 816 testis
1025 782 1063 815 111
1093 793 1248 817 scaenam
1273 782 1398 827 prodit
1422 793 1506 817 caro
1531 784 1688 827 cognato
1718 783 1862 826 sibique
1886 783 1965 827 ipse
1990 783 2036 816 de

415 838 605 881 utriusque
636 838 828 872 luculenta
857 838 1026 872 claritate
1060 839 1366 883 gratulabundus.
1414 838 1669 872 Aculeatiores
1700 849 1811 882 quam
1841 838 1947 872 binas
1970 838 2036 872 has

414 894 557 937 sibique
596 893 872 938 ingratiosiores
903 893 1118 928 ambitiosus
1149 893 1324 928 Ortvinus
1358 894 1479 928 nullas
1513 885 1667 928 litteras*
1691 894 1846 938 accepit.
1894 893 2034 938 Spuriae

417 948 642 983 Ortvinianae
660 950 812 994 originis
836 949 1028 984 infamatio
1045 960 1118 984 non
1142 961 1239 983 nunc
1257 950 1407 984 demum
1425 949 1588 994 coepisse
1606 950 1755 984 videtur
1771 963 1779 983 :
1797 959 1884 983 nam
1908 950 2037 983 contra

414 1004 570 1039 eandem
596 1015 672 1039 sese
699 1005 899 1039 defendere
924 1005 1073 1039 videtur
1096 1006 1170 1039 iam
1196 1016 1239 1039 eo
1264 1005 1346 1039 loco
1371 1016 1482 1049 quem
1501 1015 1545 1039 ex
1571 1006 1648 1039 eius
1666 1004 1902 1039 Orationibus
1919 1004 2034 1048 quod-

410 1060 570 1094 libeticis
595 1061 632 1094 in
651 1062 717 1094 art.
738 1060 921 1095 ‘Gratius'
949 1061 1193 1095 exhibuimus.
1225 1060 1398 1095 Ceterum
1416 1061 1636 1095 renovandae
1659 1061 1768 1094 huius
1784 1059 2035 1094 infamationis

411 1126 559 1150 causam
591 1117 755 1160 suspicor
780 1117 923 1150 dedisse
955 1116 1055 1160 quod
1079 1116 1381 1160 Wimphelingus
1406 1116 1443 1149 in
1476 1127 1543 1149 sua
1567 1115 1613 1149 ad
1638 1115 1710 1150 Iac.
1727 1115 1878 1160 Spiegel
1903 1126 2033 1160 expur-

410 1172 561 1215 gatione
587 1174 715 1206 contra
740 1172 969 1206 detractores
993 1172 1161 1215 (Viennae
1186 1171 1310 1205 Austr.
1329 1171 1421 1206 Idib.
1438 1171 1544 1205 Febr.
1563 1182 1594 1205 a.
1616 1175 1712 1206 1514.
1728 1173 1796 1214 4⁰.)
1821 1171 1867 1205 de
1892 1181 1930 1205 se
1954 1171 2033 1215 ipso

410 1228 590 1262 narravit:
624 1227 747 1269 „Cum
773 1228 892 1262 adhuc
918 1228 1131 1262 vacillarem
1158 1227 1221 1271 [de
1249 1227 1412 1271 Spirensi
1442 1238 1596 1262 munere
1622 1226 1859 1261 contionandi
1883 1226 2033 1270 suscipi-

411 1283 533 1328 endo]‚
560 1284 726 1317 Andreas
753 1283 1043 1328 [Bi-ambachius]
1069 1284 1111 1316 ut
1127 1294 1235 1317 verus
1260 1283 1382 1317 fautor
1406 1284 1459 1317 ait
1484 1283 1662 1317 ‘Obsecro
1680 1283 1729 1324 te,
1755 1282 1806 1316 mi
1823 1282 1966 1324 Iacobe,
1992 1283 2035 1315 ut

410 1351 543 1372 munus
567 1339 636 1373 hoc
660 1350 726 1383 pro
751 1341 816 1373 tuo
841 1339 973 1373 saltem
997 1339 1136 1373 honore
1162 1338 1412 1383 amplectaris,
1440 1339 1578 1383 quippe
1597 1340 1659 1382 qui
1677 1349 1699 1371 a.
1716 1337 2030 1382 competitor-ibim,

410 1396 451 1428 ut
474 1395 542 1428 tibi
572 1395 841 1438 impedimento
872 1395 1011 1437 forent,
1043 1394 1242 1428 infamatus
1267 1406 1321 1437 es,
1353 1396 1399 1446 te.
1416 1405 1489 1428 non
1522 1405 1565 1428 ex
1594 1394 1773 1439 legitimis
1803 1393 2031 1438 parentibus,

409 1451 472 1485 sed
498 1450 688 1484 sacerdote
715 1452 843 1484 natum
869 1452 978 1485 esse'.
1027 1450 1181 1484 Rumori
1205 1450 1290 1484 huic
1316 1461 1462 1484 causam
1489 1450 1632 1484 dedisse
1657 1460 1749 1492 reor,
1776 1450 1875 1494 quod
1899 1451 2032 1493 patruo

408 1517 572 1550 persaepe
599 1506 712 1549 (quod
738 1508 776 1540 et
798 1507 927 1550 nepoti
951 1517 1034 1540 meo
1060 1506 1107 1540 ad
1131 1517 1191 1540 me
1208 1506 1389 1540 familiare
1416 1507 1485 1549 est)
1510 1505 1672 1539 scribens
1695 1506 1740 1538 ob
1767 1505 2031 1549 amplissimam

408 1562 643 1606 largitionem
669 1573 771 1596 suam
797 1563 942 1606 patrem
973 1562 1094 1606 ipsum
1126 1563 1162 1595 in
1190 1561 1430 1605 epistolarum
1461 1571 1627 1594 mearum
1659 1560 2031 1604 suprascriptionibus

408 1620 615 1651 voca1·em.“
642 1617 846 1662 glssieggeri)
872 1618 1074 1652 Amoenitt.
1091 1617 1146 1651 lit.
1163 1617 1330 1662 Friburg.
1352 1621 1447 1651 1779.
1465 1628 1500 1660 p.
1519 1620 1596 1650 421.
1614 1628 1666 1660 sq.

318 1679 357 1708 ‘21
385 1675 459 1718 hic]
498 1673 601 1707 Hanc
639 1674 833 1717 epistolam
871 1673 1141 1717 Quedlinburgi
1176 1674 1241 1706 aut
1270 1671 1548 1716 XVernigerodae
1580 1672 1641 1706 vel
1677 1672 1714 1705 in
1752 1671 1897 1706 Nicolai
1932 1672 2029 1706 valle

407 1730 527 1764 aliove
552 1729 811 1763 Halberstadio
837 1728 958 1763 vicino
984 1729 1121 1773 oppido
1147 1740 1205 1762 am
1232 1728 1398 1770 Vorharz,
1422 1739 1495 1762 non
1519 1727 1782 1769 Halberstadii‚
1808 1728 1850 1761 ut
1873 1738 2030 1771 sequens

407 1798 464 1829 ep.
483 1786 528 1819 de
554 1796 591 1818 30
623 1786 750 1829 aperte
777 1784 883 1826 dicit,
915 1785 1089 1829 scriptam
1122 1784 1228 1829 fingi,
1258 1795 1302 1818 ex
1329 1795 1371 1818 eo
1402 1783 1555 1828 colligo,
1589 1783 1687 1828 quod
1712 1795 1747 1827 p.
1767 1785 1868 1818 28116
1892 1783 2030 1828 legitur

408 1843 495 1883 „est
518 1842 555 1874 in
581 1840 843 1882 Halberstat‘z
869 1851 942 1874 non
968 1842 1056 1883 „est
1078 1840 1180 1874 hic“.
1230 1839 1402 1874 Ceterum
1436 1839 1600 1884 epistolae
1624 1840 1781 1883 scriptor
1803 1850 1925 1883 neque
1949 1840 2028 1883 ipse

408 1897 481 1930 ‘hic
515 1899 599 1930 ante
631 1896 876 1938 Harzonem’,
908 1896 973 1930 sed
1004 1896 1041 1929 in
1071 1896 1314 1930 universitate
1351 1895 1528 1939 quadam,
1561 1895 1798 1939 Vitenbergae
1833 1895 1928 1929 forte
1965 1897 2030 1928 aut

406 1952 547 1996 Lipsiae,
576 1952 739 1986 Cursoris
763 1951 1056 1996 Professorisque
1081 1962 1234 1985 munere
1260 1951 1407 1985 functus
1431 1951 1553 1985 fuerit.

354 2009 484 2053 picem]
510 2009 658 2052 proprie
684 2008 793 2050 Pech,
817 2007 882 2041 sed
906 2007 1093 2041 interdum
1119 2008 1232 2041 etiam
1248 2024 1291 2036 =
1308 2007 1424 2049 Harz,
1447 2008 1580 2042 resina.

360 2065 577 2109 Ilarzonem]
606 2063 751 2098 Nomen
778 2063 847 2096 sibi
871 2074 916 2097 ex
942 2063 1162 2097 Germanico
1187 2063 1292 2105 fecit,
1319 2064 1454 2096 rectius
1478 2064 1569 2107 puto
1594 2073 1704 2106 quam
1729 2063 1759 2096 si
1783 2062 1891 2096 nimis
1915 2073 2026 2107 gene-

405 2120 472 2153 rali
497 2120 673 2163 Hercynii
697 2119 843 2161 montis,
870 2120 912 2153 ut
936 2119 1055 2153 adhuc
1081 2119 1201 2153 facere
1227 2119 1357 2161 solent,
1383 2119 1532 2153 nomine
1557 2130 1644 2152 usus
1669 2120 1773 2152 esset.

315 2180 356 2209 ‘22
381 2177 514 2220 zechas]
541 2176 699 2218 Zechen,
729 2175 955 2220 potationes,
988 2175 1281 2219 compotationes
1313 2176 1401 2218 (non
1427 2186 1528 2209 cuxae
1552 2174 1628 2209 sive
1653 2174 1788 2208 fodinae
1812 2176 1953 2218 partes,
1985 2176 2026 2208 ut

404 2232 502 2276 apud
527 2232 778 2275 metallarios).

314 2292 356 2321 253
385 2288 529 2321 Cic-ium
552 2288 673 2332 000110]
699 2287 955 2331 Βιῖνῃονεο0110.

357 2344 445 2376 hora
471 2343 630 2386 duodec]
656 2343 871 2386 meridiana,
897 2354 971 2377 11011
996 2343 1120 2377 media
1144 2345 1262 2378 nocte.
1294 2344 1339 2378 cf.
1358 2355 1392 2388 p.
1411 2346 1507 2378 281¹.
1555 2343 1759 2388 Anglorum
1792 2343 2022 2386 aliorumque

403 2409 522 2440 causa,
549 2398 612 2441 qui
637 2398 736 2432 diem
761 2399 907 2432 noctem
932 2398 1052 2432 facere
1078 2399 1209 2440 solent,
1235 2399 1303 2432 hoc
1328 2399 1547 2433 adnotatum
1573 2400 1662 2432 esto.

313 2459 356 2488 ‘34
380 2454 609 2488 nocturnalis
633 2458 665 2488 et
683 2454 884 2498 postzecha]
910 2454 1052 2489 Nae-ht·
1078 2455 1157 2488 und
1180 2454 1395 2492 Nacheeche.

314 2515 354 2544 27
380 2511 558 2552 consules,
583 2513 615 2544 et
639 2521 732 2555 may.
750 2511 901 2555 civium]
928 2510 1065 2544 diversi
1094 2510 1192 2544 inter
1215 2521 1253 2544 se
1278 2512 1379 2553 sunt,
1411 2512 1519 2554 puto,
1551 2510 1606 2544 illi
1639 2511 1697 2544 die
1721 2511 2021 2555 Bmyermeister,

401 2567 439 2599 hi
465 2567 524 2600 die
548 2566 819 2608 Zmzftmeister,
846 2566 904 2600 die
928 2566 1280 2612 thryervorsteher„

313 2627 354 2656 29
379 2623 521 2656 ‘iuvenis
546 2623 666 2666 bursa]
693 2622 886 2666 (ἴω-,9111190
910 2622 1064 2665 Burseh,
1090 2622 1300 2666 ]11·119903οῖἷ
1308 2650 1316 2665 ,
1343 2623 1609 2657 adulescentes.
1635 2622 1758 2666 (Inter
1780 2624 1922 2658 nostros
1946 2625 2019 2658 stu-

401 2678 520 2712 diosos
545 2678 609 2721 qui
639 2689 706 2721 per
737 2677 888 2712 tertium
920 2679 1094 2712 semestre
1125 2678 1330 2712 studiorum
1362 2689 1472 2712 cansa
1500 2679 1537 2712 in
1570 2676 1812 2713 universitate
1842 2680 2018 2722 moratur,

401 2733 633 2777 ἅπτε-0111110011
659 2733 895 2777 appellatur.)

355 2800 427 2823 ‘non
452 2790 605 2823 multum
630 2816 637 2822 .
656 2817 663 2823 .
688 2790 862 2835 triticmn]
890 2790 1084 2834 Hodieque
1109 2791 1197 2834 „die
1219 2791 1295 2826 sich
1318 2791 1417 2825 nicht
1443 2791 1548 2824 (lrum
1571 2790 1757 2824 kz'lmmeroz
1789 2790 1908 2833 (nicht
1933 2791 2017 2824 dar-

399 2846 490 2879 mcch
514 2846 684 2889 frctyen),
707 2857 781 2880 was
806 2846 873 2880 das
896 2846 989 2880 Brut
1015 2846 1152 2888 (Mem,
1179 2847 1366 2889 Getreide)
1391 2847 1499 2881 ros-tet
1526 2847 1679 2891 (qilt)“‚-
1702 2847 1724 2880 i.
1743 2857 1772 2881 c.
1797 2846 1930 2890 quibus
1953 2846 2016 2880 do-

400 2902 569 2943 mestica,
596 2902 648 2934 rei
673 2902 863 2935 familiaris
887 2914 975 2936 cura
998 2901 1101 2936 nulla
1124 2903 1325 2944 occumbit3
1353 2903 1398 2936 de
1424 2902 1500 2944 die,
1527 2903 1564 2935 iu
1590 2901 1687 2936 diem
1715 2903 1892 2936 viventes,

310 2961 352 2989 30
377 2957 501 2989 bibunt
525 2968 568 2990 ac
590 2958 623 2990 si
648 2984 654 2990 .
675 2983 681 2990 .
701 2985 706 2990 .
732 2958 896 3002 solz-eret]
922 2959 992 2991 toti
1017 2960 1102 2991 sunt
1126 2959 1162 2991 in
1188 2958 1366 3001 bibendo,
1400 2959 1442 2992 ut
1465 2959 1649 3002 hodieque
1674 2958 1829 2992 dicimus
1852 2958 1909 2991 als
1929 2957 2016 3001 φίλι’

401 3012 561 3053 (lsostete)
587 3023 622 3045 03
647 3013 736 3045 Leib
764 3024 794 3046 n.
813 3014 918 3047 s'eele.
968 3012 1094 3046 Simile
1120 3014 1213 3047 illud
1238 3015 1293 3048 als
1317 3015 1454 3059 yt'eny's
1476 3015 1552 3056 auf
1570 3015 1686 3048 Leben
1712 3013 1799 3047 odeo·
1824 3012 1909 3046 Tod.
