2119 3522
243 211 338 257 510
738 226 843 248 INDEX
867 222 1119 246 BIOGRAPHICVS
1144 223 1186 244 ΕΤ
1210 221 1452 244 ONOMASTICVS.

243 341 381 381 lator³.
442 340 642 387 „Videtur
681 337 828 387 (verba
868 343 962 374 sunt
998 333 1211 386 Ioannis³)
1244 336 1481 381 Dietherus,
1523 348 1611 372 cum
1648 335 1793 372 iterum
1826 335 1952 372 archi-

246 399 458 448 episcopus
480 396 663 445 Mogunt.
687 394 816 431 factus
840 398 961 438 esset,
988 398 1026 429 et
1047 393 1157 442 ipsus
1181 405 1266 429 esse
1289 391 1631 441 archiepiSCOPUS,
1655 391 1721 440 qui
1743 390 1951 437 tumidum,

245 454 421 491 dicacem
443 457 483 489 et
503 449 835 488 contumeliosum
856 449 1183 485 concionatorem
1204 447 1451 497 WVigandum
1472 446 1676 497 quendam
1696 446 1955 484 Francofurti

245 508 437 553 coercuit,
481 507 631 556 quique
670 505 925 555 nequissimis
957 509 996 541 et
1025 503 1254 541 vanissimis
1285 503 1383 549 illis,
1425 515 1524 553 quos
1556 515 1662 539 anno
1701 502 1953 552 postmodum

246 565 366 601 1509.
390 564 525 600 Berna
556 560 792 607 combussit,
832 559 1107 597 Mirabiliariis
1149 557 1302 607 (sancti
1342 559 1448 596 enim
1478 557 1699 608 Augustini
1735 557 1858 595 verbo
1896 557 1954 594 uti

243 618 399 669 placet)
441 617 649 654 formidini
689 617 813 653 fuisse
850 615 1074 653 traditur“.
1133 614 1319 651 Hominis
1357 615 1452 651 rixae
1482 613 1742 651 Francofurti
1778 613 1820 650 in
1858 613 1954 663 ipsis

243 675 366 712 sacris
399 673 551 711 aedibus
592 673 819 718 concitatae,
861 671 1044 708 convicia
1082 669 1367 720 Heidelbergae
1407 675 1545 706 contra
1581 670 1725 706 fratres
1763 669 1953 715 Minores,

244 730 529 767 Sebastianum
549 729 756 774 Brantum,
789 727 1043 778 seraphicum
1063 727 1404 771 Bonaventuram,
1435 724 1756 775 irrefragabilem
1776 724 1954 762 Alexan-

246 786 359 823 drum
391 784 660 835 subtilemque
692 783 855 821 Scotum
885 783 1140 821 acerbissime
1171 783 1289 828 facta,
1323 787 1489 832 propter
1518 794 1606 831 quae
1636 781 1803 817 Romam
1834 781 1956 818 citato

244 855 295 879 ne
327 842 424 892 quid
455 841 608 878 funesti
641 840 938 886 decerneretur,
971 840 1012 876 in
1044 838 1218 893 capitulo
1247 838 1519 888 VVimpinensi
1552 836 1604 885 (a.
1634 835 1769 885 1506.)
1794 836 1957 873 fraudes

244 898 427 948 falsaque
466 896 659 935 miracula
699 896 926 946 excogitata
963 900 1075 941 sunt,
1117 908 1224 944 quae,
1265 907 1353 931 cum
1383 893 1696 930 Francofurtum
1725 892 1957 929 Norimber-

245 967 345 1004 gave
367 954 498 990 minus
522 958 617 1003 apta
638 952 797 989 theatra
818 952 905 988 visa
927 956 1073 997 essent,
1097 951 1241 987 Bernae
1264 950 1432 986 ineunte
1455 963 1489 986 a.
1506 950 1624 986 1507.
1648 949 1713 998 agi
1735 953 1956 998 coeperunt,

245 1010 466 1047 coniuratis
498 1009 604 1046 inter
634 1022 676 1045 se
709 1013 932 1045 conventus
962 1007 1182 1043 Bernensis
1215 1006 1331 1042 sociis
1363 1005 1519 1042 Ioanne
1551 1004 1714 1050 Vetter,
1749 1003 1958 1054 Stephano

246 1065 466 1112 Bolshorst,
500 1064 717 1102 Francisco
751 1063 927 1109 Ulschio,
961 1063 1140 1100 Henrico
1164 1061 1441 1107 Steineckero,
1477 1060 1658 1097 adhibito
1690 1060 1958 1096 instrumento

246 1121 436 1158 facinoris
483 1121 594 1157 fatuo
635 1120 707 1156 sed
745 1120 842 1157 satis
887 1119 1090 1168 locuplete
1138 1123 1289 1154 sartore
1328 1116 1571 1153 Zurzacensi
1609 1115 1766 1152 Ioanne
1804 1115 1959 1153 Ietsero

249 1175 434 1225 (Jeczer),
470 1177 580 1213 cuius
612 1175 749 1212 manui
780 1176 912 1224 virgo,
957 1175 1017 1211 ‘in
1051 1173 1239 1223 originali
1270 1178 1435 1222 peccato
1466 1185 1553 1209 sese
1585 1173 1839 1221 conceptam’
1871 1184 1958 1221 pro-

246 1233 365 1279 fessa,
398 1232 544 1269 vulnus
576 1231 734 1276 inflixit,
769 1230 876 1281 quod
908 1237 1049 1280 postea
1082 1229 1246 1266 detexta
1262 1229 1419 1267 Vetteri
1452 1228 1594 1265 fraude
1617 1227 1749 1264 eidem
1780 1227 1821 1264 in
1853 1240 1960 1277 genu

247 1289 371 1326 cultro
412 1287 598 1325 retribuit
643 1288 876 1324 societatem
912 1291 1182 1323 veteratorum
1228 1285 1481 1334 relinquens,
1520 1305 1575 1310 —
1613 1283 1699 1320 haec
1739 1288 1778 1320 et
1815 1283 1962 1320 similia

246 1358 391 1395 spurca
422 1345 615 1389 facinora,
651 1341 952 1392 eorundemque
984 1356 1056 1392 pro
1079 1340 1253 1379 moribus
1282 1341 1440 1377 illorum
1470 1346 1693 1390 temporum
1716 1338 1962 1389 condignum

245 1401 383 1447 finem,
425 1414 566 1450 rogum
598 1399 706 1445 dico,
749 1399 876 1435 fusius
909 1403 1100 1435 enarrant
1137 1397 1386 1447 picturisque
1426 1396 1645 1433 inlustrant
1674 1395 1890 1432 Murnarus
1922 1400 1962 1432 et

247 1457 334 1503 alii,
369 1456 418 1493 de
450 1456 595 1506 quibus
626 1468 746 1505 supra
777 1460 850 1492 art.
877 1454 1105 1491 ‘Beruense
1135 1453 1284 1490 scelus⁷
1319 1453 1467 1489 dictum
1496 1450 1584 1489 est.5
1632 1451 1696 1488 De
1726 1451 1834 1488 exitu
1858 1450 1960 1489 Cau-

248 1513 364 1562 ponis
396 1512 498 1549 nihil
519 1511 617 1549 mihi
649 1517 818 1548 constat.
859 1510 1059 1547 Addimus
1083 1523 1132 1547 ex
1153 1509 1238 1547 Ioa.
1261 1508 1520 1546 Piemontani
1541 1507 1627 1545 MS.
1650 1506 1843 1544 Auctario
1866 1519 1960 1544 serr.

249 1568 346 1608 eccl.
371 1568 440 1605 fol.
466 1569 532 1605 67.
555 1567 658 1605 haee:

248 1644 448 1686 wigandus
480 1645 560 1676 wirt
592 1644 726 1675 ordinis
752 1643 985 1685 predicatorii
1015 1642 1058 1674 de
1088 1645 1271 1674 conventu
1305 1640 1597 1672 franckfordensi
1627 1640 1732 1672 homo
1764 1640 1801 1670 in
1830 1639 1963 1672 diuinis

247 1701 434 1742 scripturis
466 1700 626 1732 eruditus
660 1702 695 1731 et
725 1700 761 1730 in
792 1699 951 1730 seculari
982 1698 1212 1740 philosophia
1245 1697 1390 1739 egregie
1423 1697 1549 1728 doctus
1592 1696 1737 1738 ingenio
1769 1700 1895 1727 acutus
1927 1699 1964 1728 et

249 1757 394 1797 eloquio
420 1758 604 1796 promptus
628 1755 745 1796 ligata
771 1755 932 1786 oratione
953 1755 1171 1786 exercitatus
1192 1758 1227 1785 et
1244 1754 1361 1785 soluta
1380 1754 1567 1794 scripsisse
1586 1753 1703 1784 fertur
1720 1752 1834 1784 multa
1852 1752 1964 1783 studii

248 1813 303 1843 sui
327 1816 479 1852 vtroque
506 1810 590 1843 stilo
615 1811 837 1852 sintagmata
863 1810 994 1851 quibus
1021 1810 1174 1841 nominis
1200 1810 1254 1840 sui
1279 1809 1486 1841 memoriam
1513 1808 1557 1839 ad
1584 1811 1744 1850 posteros
1762 1808 1964 1839 transmisit

249 1867 292 1899 de
326 1868 456 1908 quibus
489 1877 555 1907 ego
588 1866 761 1898 duntaxat
792 1866 867 1897 vidi
899 1866 1075 1897 hactenus
1106 1866 1271 1897 subiecta
1304 1864 1447 1897 scilicet
1473 1868 1599 1896 contra
1624 1864 1896 1895 wesalianicam
1925 1867 1963 1895 ut

248 1925 326 1965 ipse
351 1923 562 1964 prenotauit
586 1921 773 1964 perfidiam
803 1926 838 1953 et
864 1924 919 1954 sui
944 1922 1080 1954 ordinis
1107 1925 1385 1964 persequutores

247 1979 443 2021 Dialogum
469 1977 732 2020 apologeticum
898 1978 926 2009 li
951 1978 990 2019 iij
1083 1978 1213 2010 Merito
1239 1988 1334 2008 nunc
1360 1977 1467 2008 thura
1492 1976 1657 2018 persoluo

247 2035 478 2067 Patheticum
504 2035 541 2066 in
567 2034 611 2067 Se
631 2045 638 2066 :
658 2035 765 2066 brant
871 2045 932 2066 car
978 2033 992 2075 j
1087 2034 1201 2065 Brant
1227 2034 1373 2064 nimium
1398 2033 1562 2065 insontes
1588 2035 1740 2064 cornuta

248 2091 290 2122 In
313 2091 445 2123 librum
471 2101 571 2122 suum
597 2090 776 2132 Elegiaca
869 2088 930 2122 oro
978 2089 992 2130 j
1087 2090 1202 2131 Perge
1228 2089 1320 2121 liber
1345 2089 1491 2121 tandem
1522 2092 1663 2130 ceptum
1689 2081 1726 2129 (ᾗ

249 2148 285 2179 Is
311 2147 498 2189 septimum
527 2146 726 2188 capitulum
752 2149 932 2178 tractatus
951 2146 1118 2177 Triternii
1143 2145 1185 2177 de
1211 2148 1338 2177 sancta
1357 2144 1459 2176 Anna
1483 2154 1622 2177 vesana
1646 2144 1872 2186 loquacitate
1899 2145 1965 2176 im-

249 2213 415 2244 pugnans
440 2206 567 2234 contra
593 2202 745 2234 eundem
772 2202 919 2244 scripsit
940 2201 1084 2243 longam
1113 2204 1148 2233 et
1165 2212 1356 2243 procacem
1375 2200 1564 2242 epistolam
1583 2201 1619 2231 in
1639 2210 1710 2241 qua
1728 2210 1766 2232 se
1786 2203 1964 2241 pensante

250 2269 358 2290 manu
383 2258 600 2300 subscripsit
625 2261 661 2290 et
681 2269 810 2290 nomen
828 2268 930 2289 suum
954 2256 1206 2289 fraudulenter
1223 2257 1415 2289 subticuit:
1442 2257 1543 2288 cuius
1562 2256 1762 2287 temeritati
1779 2267 1844 2298 per
1861 2256 1964 2288 Ioan-

250 2324 331 2345 nem
356 2314 644 2355 palionidorum:
664 2314 861 2355 Rutgerum
887 2313 1099 2345 sicambrum
1115 2323 1123 2343 ε
1142 2313 1427 2345 Gresemundum
1457 2313 1629 2344 minorem
1645 2322 1653 2342 :
1670 2312 1841 2343 Iacobum
1867 2312 1964 2343 wim-

250 2369 473 2411 phelingium
489 2380 496 2401 :
515 2369 722 2411 Philippum
748 2369 880 2401 alberti
907 2373 941 2401 et
966 2369 1058 2400 alios
1084 2379 1188 2410 quam
1214 2368 1386 2409 plurimos
1412 2369 1508 2400 viros
1530 2368 1691 2400 eruditos
1709 2367 1799 2399 satis
1818 2377 1964 2409 respon-

251 2436 327 2457 sum
360 2428 416 2456 est
470 2426 553 2466 Ipse
585 2435 725 2466 quoque
757 2425 952 2457 Tritemius
989 2435 1033 2456 ne
1066 2435 1130 2466 per
1163 2424 1347 2456 silentium
1387 2425 1592 2456 consentire
1624 2427 1660 2455 et
1692 2423 1965 2465 conceptionem

251 2482 481 2523 purissimam
506 2481 564 2512 dei
590 2481 778 2522 genitricis
805 2481 1034 2522 impugnanti
1060 2482 1095 2512 et
1119 2479 1318 2511 basiliense
1345 2479 1537 2511 concilium
1564 2479 1810 2511 contemnenti
1835 2489 1879 2510 ac
1904 2489 1965 2520 pe-

252 2538 348 2568 nitus
373 2536 582 2578 proijcienti
606 2537 791 2569 videretur
817 2547 906 2568 vnas
924 2537 1112 2568 dumtaxat
1127 2536 1268 2567 litteras
1286 2535 1510 2567 firmissimus
1528 2535 1752 2577 respondens
1769 2535 1965 2567 instructas

252 2594 287 2624 in
314 2603 392 2624 eum
418 2593 620 2624 rescribens
638 2592 755 2624 noluit
772 2592 910 2624 diucius
929 2603 1008 2624 cum
1026 2591 1241 2633 batthologo
1261 2591 1481 2623 contendere
1498 2591 1619 2623 verbis
1645 2591 1835 2631 Sciendum
1856 2591 1965 2622 etiam

253 2648 345 2689 quod
369 2648 640 2690 prenominatus
672 2649 748 2680 eius
773 2648 940 2690 dialogus
966 2647 1097 2679 dudum
1122 2647 1268 2689 publico
1294 2648 1532 2679 instrumento
1561 2658 1624 2688 per
1652 2650 1767 2679 totam
1793 2647 1965 2679 diocesim

251 2705 564 2745 moguntinensem
590 2705 635 2736 ab
660 2705 739 2746 ipso
765 2703 1068 2748 reuerendissimo
1095 2703 1236 2735 domino
1255 2703 1387 2735 Iacobo
1413 2704 1574 2735 eiusdem
1599 2703 1763 2735 ciuitatis
1781 2702 1966 2745 archipre-

342 2815 378 2856 3)
396 2815 522 2846 Talem
546 2816 604 2848 vel
629 2827 700 2849 una
725 2817 801 2848 eius
825 2816 984 2858 epistola
1007 2816 1052 2847 ad
1069 2815 1321 2856 Reuchlinum,
1346 2818 1386 2847 ut
1409 2816 1439 2847 is
1465 2826 1486 2847 a
1509 2815 1674 2857 partibus
1694 2814 1965 2847 maculistarum

343 2874 439 2902 stare
462 2871 589 2912 vellet,
621 2872 693 2903 ‘Ex
716 2872 991 2905 Francofordia.
1011 2872 1113 2904 Anno
1131 2882 1284 2905 M.D.1111.
1303 2882 1362 2904 xv.
1383 2871 1533 2904 Calend.
1552 2870 1666 2903 Maii!
1691 2871 1777 2904 data
1796 2870 1965 2911 ostendit,

344 2926 390 2961 cf,
408 2926 543 2959 Illustr.
561 2928 668 2962 viror.
689 2928 735 2959 ad
753 2928 902 2962 Reuchl.
921 2938 1001 2970 epp.
1026 2928 1180 2969 Tubing.
1201 2928 1298 2962 1519.
1316 2927 1363 2960 4⁰.
1382 2938 1489 2969 pagg.
1506 2939 1527 2970 p
1540 2926 1553 2948 ¹¹
1572 2928 1639 2970 pii.
1743 2925 1777 2968 4)
1797 2928 1875 2958 Rer.
1891 2926 1967 2957 Mo-

344 2982 524 3022 guntinar.
544 2982 592 3014 11.
612 2994 646 3024 p.
666 2984 740 3018 792.
878 2981 912 3025 5)
939 2983 993 3015 Cf.
1013 2983 1123 3014 etiam
1148 2983 1291 3015 Echard
1317 2983 1409 3014 Scrr.
1428 2983 1502 3016 ord.
1523 2983 1711 3025 praedicat.
1731 2983 1776 3014 11.
1796 2992 1829 3023 p.
1852 2983 1903 3013 13.
1929 2984 1965 3013 et

347 3037 494 3068 Gieseler·
512 3038 771 3080 Kz'reltenqesclc.
792 3039 837 3070 ΙΙ,
855 3040 886 3070 4.
905 3037 974 3080 (ed.
998 3036 1108 3079 1835.)
1133 3049 1165 3079 p.
1184 3040 1259 3070 342.
