2119 3522
272 222 365 265 32ss
765 229 871 251 mmzx
896 224 1150 248 BIOGRAPmcvs
1173 224 1214 244 ET
1239 220 1480 244 ONOMAsrmvs.

270 352 357 388 lius,
383 347 584 388 disciplinae
607 342 875 383 impatientiam
900 339 1030 369 bursas
1055 337 1219 368 desertas
1245 332 1359 376 esseJ,
1384 358 1391 366 .
1408 358 1415 365 .
1432 343 1503 365 non
1523 332 1660 364 nullam
1677 334 1798 364 tamen
1817 340 1979 364 caussam

271 408 308 438 in
327 404 524 444 Collegium
542 398 683 431 Ducale
702 396 949 437 Georgianum
973 391 1212 424 reiiciendam
1239 390 1421 422 existimo:
1447 389 1516 421 hoc
1541 388 1634 420 enim
1662 398 1740 419 cum
1759 390 1796 420 et
1813 397 1880 419 ser.
1899 387 1980 419 fun-

272 460 408 493 datoris
434 458 490 489 sui
515 455 733 487 auctoritate
759 455 795 483 et
822 450 950 482 aedium
975 448 1212 490 amplitudine
1238 449 1274 478 et
1290 445 1543 488 praerogat1vis
1562 443 1775 486 quibusdam
1791 444 1872 476 aliis
1890 453 1981 485 prae·

272 518 406 554 staret,
434 515 569 544 Bur-sas
595 508 827 541 academicas
853 505 1062 538 successive
1087 503 1230 535 videtur
1256 502 1360 543 quasi
1384 498 1635 532 exhausisse.“

272 590 462 614 LIPSIENSES
479 578 641 616 ‘bui-sas,
662 575 765 607 aulas
785 577 820 606 et
839 572 996 614 collegia
1014 568 1186 613 quinque'
1208 569 1342 610 primus
1361 578 1466 609 quem
1485 567 1609 608 sciam,
1628 567 1772 608 poetice
1791 566 1986 608 descripsit

275 638 378 670 Conr.
398 635 581 676 Wimpina
601 632 734 674 (Koch,
763 631 822 672 qui
842 640 874 660 a.
894 629 990 661 1506.
1009 626 1238 668 Lipsiensem
1263 635 1342 655 cum
1360 623 1537 656 Viadrina
1564 622 1736 654 cathedra
1761 621 1987 654 conmutavit

273 695 476 736 primusque
489 687 810 722 Francofurtensis
823 685 951 715 Rector
968 683 1089 714 factus
1108 684 1179 719 θεῖς
1198 683 1273 713 nat.
1292 690 1323 711 a.
1340 680 1443 719 1479,
1461 677 1486 720 ἦ·
1500 689 1532 712 a.
1550 678 1662 719 1531.)
1679 678 1717 709 in
1734 678 1986 719 Descriptione

274 749 423 790 originis
448 744 700 778 universitatis
726 742 839 774 studii
863 739 1052 781 Lipzensis
1078 737 1211 770 versib.
1231 738 1306 768 195.
1326 745 1404 776 sqq.
1433 734 1561 775 (Conr.
1578 734 1773 776 lVimpinae
1797 757 1827 766 ..
1849 733 1987 775 Lipsiae

276 805 393 837 deser.
411 805 509 846 poet,
528 812 559 836 c,
578 799 726 831 Buschii
756 796 916 839 Lipsieis
942 797 1028 827 rest.
1053 795 1095 825 F.
1114 792 1315 825 Eberhard.
1345 792 1445 833 Lips.
1465 791 1563 823 1802.
1577 789 1635 836 ¹8⁰.
1660 801 1694 832 p.
1710 791 1765 824 29.
1780 788 1897 831 sqq.);
1923 788 1988 820 sed

277 861 322 893 ad
350 871 425 892 rem
455 861 615 890 nostram
645 855 769 887 utilior
799 852 943 885 videtur
967 850 1060 882 Dav.
1080 849 1217 881 Peiferi
1247 848 1347 888 (nati
1376 848 1525 879 ineunte
1549 857 1582 881 a.
1603 848 1717 886 1530.‚
1741 843 1766 886 ’ὶ-
1783 845 1815 879 d.
1835 845 1863 882 1.
1881 844 1988 879 Febr.

278 929 310 949 a.
331 914 443 954 1602.)
462 914 606 954 Lipsia,
634 921 707 944 cur.
725 908 790 941 Ad.
808 907 1073 947 Reichenberg.
1094 905 1215 936 Ffurti
1234 905 1330 936 1700.
1349 903 1414 944 S⁰.‚
1440 903 1503 934 ubi
1527 905 1719 944 postquam
1746 912 1789 932 ex
1812 900 1990 942 Pragensi

277 973 499 1014 Lipsiensem
516 967 793 1001 universitatem
813 975 845 995 a.
863 965 959 996 1409.
976 962 1152 1004 prodiisse
1170 960 1347 1001 exposuit,
1368 960 1419 990 ita
1437 959 1559 1000 pergit
1573 959 1621 999 (p.
1635 959 1688 991 27.
1704 955 1809 998 sqq.).
1852 956 1989 997 „Porro

281 1039 359 1060 cum
385 1025 569 1058 domicilia
594 1031 734 1064 quoque
760 1019 970 1052 necessaria
996 1020 1117 1049 essent
1137 1015 1343 1048 Academiae
1368 1025 1472 1046 novae
1499 1024 1615 1055 eaque
1641 1013 1769 1044 studiis
1792 1012 1925 1044 idonea
1948 1022 1992 1043 ac

281 1083 479 1122 commoda,
510 1080 656 1111 tributae
687 1079 771 1109 sunt
794 1073 1039 1107 Universitati
1070 1082 1151 1104 mox
1180 1072 1218 1102 in
1250 1071 1364 1112 prima
1393 1069 1606 1101 fundatione
1633 1068 1756 1100 domus
1781 1067 1878 1108 duae,
1911 1078 1991 1109 quae

281 1141 388 1171 dictae
416 1139 560 1169 fuerunt
586 1133 771 1175 ‘Collegia
794 1127 1040 1171 Principum⁷3
1069 1128 1220 1159 alterum
1247 1126 1390 1167 quidem
1416 1123 1586 1165 ‘Maius',
1613 1125 1650 1155 in
1675 1123 1800 1166 platea
1825 1133 1888 1155 seu
1911 1125 1992 1156 vico

280 1195 468 1235 Equestri,
503 1203 519 1223 e
547 1190 693 1232 regione
722 1186 867 1227 Templi
890 1187 934 1216 D.
954 1183 1118 1222 Nicolai;
1151 1182 1246 1223 quod
1278 1182 1387 1213 etiam
1418 1180 1523 1212 hodie
1554 1190 1684 1212 nomen
1712 1179 1804 1210 illud
1837 1179 1994 1221 priscum

281 1252 431 1283 retinet:
459 1248 613 1279 alterum
640 1255 724 1277 vero
754 1240 922 1280 ‘Minus',
949 1240 985 1271 in
1010 1239 1158 1270 Petrino
1182 1239 1282 1277 vico;
1309 1238 1371 1269 ubi
1397 1234 1689 1278 ‘Paedagogium'
1717 1245 1858 1277 quoque
1876 1235 1992 1276 Magi·

282 1307 364 1338 stris
391 1305 547 1343 Artium,
574 1301 639 1332 sed
664 1299 842 1341 peculiari
866 1301 902 1328 et
928 1297 1104 1327 distincta
1129 1295 1232 1326 domo
1259 1295 1486 1334 assignatum
1512 1292 1597 1330 fuit;
1628 1302 1696 1333 quo
1721 1292 1760 1322 in
1783 1291 1863 1323 loco
1888 1290 1995 1323 hodie

283 1361 501 1402 ‘Collegium
527 1353 730 1390 Petrinum’
763 1353 996 1395 amplissimae
1027 1350 1231 1382 Facultatis
1261 1349 1430 1382 Iuridieae
1463 1349 1647 1390 proprium
1679 1349 1851 1381 cernitur.
1903 1347 1996 1378 Nam

282 1418 406 1460 primis
433 1416 505 1447 illis
530 1411 809 1454 temporibus...
836 1408 943 1440 ICtos
969 1408 1005 1438 in
1031 1407 1171 1438 ambitu
1196 1405 1337 1447 Templi
1363 1404 1409 1436 ad
1425 1405 1471 1438 D.
1490 1405 1637 1435 Tbomae
1661 1403 1805 1445 publice
1833 1402 1995 1434 docuisse

284 1476 444 1512 constat,
473 1474 508 1502 et
534 1468 677 1510 quidem
696 1476 809 1506 usque
829 1464 875 1496 ad
892 1474 926 1499 a.
945 1464 1041 1495 1515.
1089 1462 1169 1494 Non
1195 1461 1308 1493 solum
1332 1471 1418 1492 vero
1436 1459 1642 1492 Domiciliis
1666 1459 1763 1499 istis,
1789 1458 1996 1490 Academiae

284 1529 425 1561 donatis
453 1538 473 1558 a
498 1525 680 1567 principe,
712 1522 864 1553 libertas
896 1519 1091 1561 singularis
1124 1521 1160 1549 et
1190 1517 1398 1548 immunitas
1431 1527 1452 1548 a
1483 1515 1728 1557 vectigalibus
1761 1517 1797 1546 et
1827 1514 1997 1546 oneribus

285 1586 443 1624 caeteris,
471 1581 668 1614 autoritate
694 1576 897 1618 Principali
923 1584 1099 1607 concessa
1125 1573 1209 1605 fuit:
1237 1573 1301 1605 sed
1327 1573 1436 1605 etiam
1460 1575 1500 1603 ut
1522 1572 1624 1603 nervi
1649 1571 1847 1602 studiorum
1871 1579 1997 1603 neces-

285 1642 372 1674 sarii
397 1638 650 1681 suppeterent,
677 1630 974 1674 ‘Collegiaturae'
1002 1631 1208 1662 constitutae
1235 1633 1270 1660 et
1297 1628 1498 1661 distributae
1524 1628 1561 1659 in
1577 1628 1754 1660 Nationes
1778 1637 1829 1667 1v,
1854 1626 1999 1658 Poloni-

287 1708 383 1737 cam,
410 1694 642 1731 Bavarieam,
669 1690 908 1728 Misnensem,
936 1686 1170 1719 Saxonicam:
1203 1686 1241 1716 in
1265 1685 1331 1716 has
1357 1685 1491 1726 quippe
1517 1686 1633 1715 totum
1658 1693 1787 1725 corpus
1815 1683 1999 1715 Universi-

285 1755 390 1792 tatis,
424 1761 521 1782 more
552 1748 792 1787 institutoque
818 1744 1017 1785 Pragensis
1042 1742 1265 1781 Academiae,
1300 1741 1455 1772 divisum
1481 1744 1546 1774 est.
1594 1741 1642 1771 Et
1666 1739 1770 1771 initio
1797 1739 1939 1781 quidem
1963 1739 2001 1770 in

287 1808 451 1849 Collegio
476 1804 608 1837 Maiori
632 1814 687 1834 XII
715 1801 905 1833 constituti
929 1801 1032 1831 fuere
1058 1797 1274 1839 Collegiati,
1304 1797 1399 1828 terni
1424 1796 1503 1830 scil.
1523 1807 1565 1828 ex
1589 1795 1809 1827 Nationibus
1834 1795 2001 1837 singulis,

286 1865 350 1897 sed
374 1866 445 1895 iste
470 1870 638 1893 numerus
666 1859 708 1889 ad
735 1857 960 1890 octonarium
987 1857 1116 1896 postea
1133 1854 1304 1886 redactus
1321 1856 1390 1891 est3
1418 1856 1454 1884 et
1471 1853 1549 1884 duae
1567 1851 1712 1893 quidem
1733 1850 2001 1892 Collegiaturae,

287 1932 350 1963 pro
376 1918 568 1961 stipendiis
595 1915 790 1956 assignatae
805 1912 960 1944 Medicis
985 1911 1123 1942 duobus
1148 1934 1155 1942 .
1171 1934 1178 1941 .
1202 1910 1304 1940 iuxta
1331 1909 1629 1941 constitutionem
1653 1932 1660 1939 .
1675 1932 1682 1939 .
1705 1907 1839 1939 editam
1858 1918 1889 1941 a.
1906 1908 2003 1942 1428,

288 1979 377 2009 Duae
405 1978 526 2006 autem
552 1972 703 2013 reliquae
731 1971 920 2001 cesserunt
947 1967 1084 1999 duobus
1102 1966 1374 1998 Professoribus
1391 1966 1428 1997 in
1446 1965 1602 1997 scientia
1619 1964 1726 2004 iuris,
1755 1964 1816 2004 qui
1841 1963 2005 2004 separati

289 2036 371 2065 sunt
397 2042 418 2062 a
444 2029 601 2071 Collegii
626 2027 822 2066 societate,
849 2025 891 2056 de
918 2034 986 2065 quo
1010 2023 1137 2055 itidem
1164 2025 1266 2054 extat
1292 2022 1502 2054 constitutio
1527 2021 1639 2052 Ducis
1660 2021 1744 2053 Sax.
1764 2019 1913 2061 Georgii
1937 2019 2002 2050 sub

290 2101 320 2122 a.
340 2089 435 2119 1504.
479 2084 681 2125 Collegium
707 2092 793 2114 vero
818 2081 938 2112 Minus
963 2083 1046 2112 octo
1069 2078 1288 2120 Collegiatis
1314 2077 1526 2109 attributum
1554 2080 1624 2116 est,
1651 2077 1745 2108 binis
1771 2075 1936 2107 similiter
1960 2085 2004 2107 ex

288 2143 509 2176 Nationibus
529 2139 699 2182 singulis:
730 2149 809 2180 quae
835 2136 1048 2169 constitutio
1073 2135 1190 2176 prima
1217 2134 1262 2166 ad
1288 2134 1503 2166 hodiernum
1527 2143 1641 2174 usque
1668 2131 1763 2164 diem
1786 2131 1944 2163 deducta.
1969 2135 2005 2163 et

291 2201 486 2232 observata
511 2201 577 2230 est.
624 2195 827 2228 Voluerunt
850 2218 878 2225 ..
903 2192 1132 2224 Fundatores
1166 2191 1231 2222 hos
1262 2191 1361 2232 ipsos
1387 2189 1612 2232 Collegiatos
1642 2188 1747 2229 quasi
1771 2187 1944 2229 praesides
1970 2190 2007 2218 et

293 2254 461 2287 custodes
493 2263 573 2285 esse
605 2251 808 2292 disciplinae
843 2253 879 2280 et
903 2248 1076 2280 doctrinae
1103 2246 1252 2278 eruditae
1278 2247 1315 2278 in
1341 2245 1533 2287 Collegiis,
1567 2248 1603 2276 et
1631 2243 1781 2285 proinde
1808 2254 1852 2274 ex
1877 2243 2005 2275 aerario

293 2322 356 2343 suo
381 2310 532 2352 primum
560 2317 681 2339 annua
705 2305 889 2347 stipendia
915 2304 967 2335 eis
992 2305 1216 2341 statuerunt,
1244 2301 1308 2333 sed
1332 2305 1461 2343 postea
1476 2312 1540 2342 pro
1558 2300 1724 2342 pecuniis
1751 2299 1889 2340 ‘Pagos
1913 2297 2004 2331 tres’

295 2376 383 2409 quos
408 2362 592 2396 ‘Veteres’
617 2362 727 2404 vulgo
746 2361 902 2393 solemus
920 2359 1124 2401 appellare,
1151 2358 1319 2389 dicarunt
1335 2357 1483 2388 iisdem:
1507 2357 1614 2397 idque
1632 2355 1700 2387 hoc
1717 2355 1886 2395 consilio,
1913 2355 2007 2396 quod

294 2421 483 2454 fundorum
517 2420 671 2451 fructum
702 2418 859 2449 omnium
891 2416 1130 2447 certissimum
1163 2424 1241 2446 esse
1271 2414 1465 2454 Principes
1495 2412 1622 2454 optimi
1650 2411 1863 2443 iudicarent.
1911 2411 2008 2450 Quin

296 2480 405 2511 etiam
425 2476 610 2518 pecu11a1·e
629 2476 684 2505 ius
703 2473 916 2504 attributum
936 2474 991 2503 est
1009 2470 1242 2511 CollegiatiS,
1271 2469 1411 2501 emendi
1429 2479 1490 2511 pro
1508 2467 1787 2500 convictoribus
1806 2467 1881 2499 suis
1899 2470 2007 2508 atque

297 2532 443 2566 aliunde
469 2529 686 2573 importandi
702 2529 856 2570 Zythum
882 2527 1171 2566 s.Cerevisia1n,
1199 2530 1371 2566 quantum
1389 2525 1467 2556 scil.
1483 2534 1568 2556 usus
1595 2527 1632 2555 et
1655 2524 1861 2555 necessitas
1887 2523 2008 2565 exige-

296 2594 408 2622 ret...
441 2589 487 2619 Et
512 2588 597 2618 hinc
622 2586 800 2626 originem
825 2585 937 2616 traxit
962 2583 1213 2615 anniversaria
1239 2582 1305 2613 illa
1324 2575 1586 2622 ζυθοπώλησις
1603 2590 1668 2612 seu
1692 2579 1855 2612 venditio
1881 2578 2008 2611 ‘Cere-

296 2645 417 2685 visiae,
444 2647 483 2675 ut
508 2643 617 2685 vulgo
642 2644 791 2681 vocant,
823 2638 985 2671 Latinae'
1011 2640 1048 2670 in
1076 2642 1227 2680 utroque
1252 2638 1460 2679 Principum
1487 2641 1522 2668 et
1535 2637 1701 2668 Mariano
1720 2635 1904 2678 Collegiq,
1930 2645 2009 2676 quae

299 2701 454 2734 deducta
479 2700 523 2731 ab
551 2710 582 2730 a.
600 2699 697 2731 1445.
716 2697 761 2728 ad
786 2697 863 2728 haec
886 2705 998 2737 usque
1026 2698 1187 2736 tempora
1211 2693 1437 2736 perdurat...
1468 2694 1694 2724 Executores
1719 2702 1759 2724 1v
1785 2702 1828 2723 ex
1855 2691 2010 2732 singulis

298 2755 516 2788 Nationibus
543 2754 702 2786 delectos
729 2750 1012 2795 [constituerunt
1027 2746 1291 2792 Fundatores],
1316 2749 1413 2781 viros
1439 2751 1567 2789 aetate,
1594 2747 1786 2790 prudentia
1813 2749 1921 2789 atque
1946 2757 2009 2778 au—

299 2812 449 2844 toritate
475 2821 621 2852 graves,
649 2810 710 2850 qui
736 2813 908 2851 tanquam
934 2804 1066 2851 ἔφοροι
1092 2817 1156 2839 scu
1174 2808 1407 2848 Inspectores
1432 2805 1600 2847 perpetui
1624 2814 1681 2835 res
1699 2803 1904 2835 Academiae
1931 2812 2009 2834 cum

302 2869 458 2899 Rectore
491 2870 738 2898 curarent....
775 2865 843 2896 His
870 2862 1029 2907 [duobus
1057 2862 1232 2904 Collegiis
1255 2859 1487 2904 Principum]
1517 2860 1697 2892 adiectum
1728 2862 1783 2891 est
1808 2859 1950 2890 circiter
1975 2868 2009 2890 a.

303 2923 400 2954 1440.
420 2921 640 2962 ‘Collegium
658 2922 777 2952 beatae
794 2919 988 2962 Virginis',
1015 2920 1203 2952 Silesiacae
1220 2918 1388 2951 Nationis
1412 2917 1613 2959 proprium:
1640 2916 1685 2947 ad
1710 2914 1803 2956 quod
1827 2913 2009 2945 aedifican—

303 2978 384 3010 dum
408 2978 458 3009 Io.
479 2977 588 3009 Ottho
612 2975 940 3018 Munsterbergius,
967 2976 1103 3017 primus
1126 2975 1335 3007 Academiae
1360 2974 1508 3012 Rector,
1534 2971 1689 3004 contulit
1711 2970 1905 3012 pecuniam
1932 2979 2011 3001 eam

305 3043 411 3076 quam
429 3033 559 3074 Pragae
586 3031 785 3073 collegerat
810 3031 856 3063 ad
881 3031 1105 3063 condendum
1129 3031 1180 3063 ibi
1199 3030 1403 3072 Collegium
1427 3039 1491 3071 pro
1517 3027 1673 3060 SilesiiS.
1722 3025 1794 3059 Sed
1816 3035 1895 3057 cum
1917 3034 2013 3057 mors
