2119 3522
280 203 375 247 462
775 219 882 240 INDEX
906 216 1161 240 BIOGRAPHICVS
1185 217 1227 237 ET
1251 216 1492 239 ONOMASTICVS.

278 333 386 364 lectio
417 342 487 363 non
518 331 633 361 minus
670 329 772 362 vtilis
810 333 863 361 est
900 339 1005 370 quam
1036 328 1194 359 iucunda
1246 329 1302 360 De
1338 328 1442 360 huius
1479 330 1600 369 itaque
1634 329 1889 362 studiosissimi
1919 331 1989 361 viri

279 387 461 429 opusculiS
487 387 573 417 mihi
600 385 789 416 cuiusdam
815 384 1072 425 calchographi
1097 383 1256 415 indiculo
1281 385 1468 416 innotuere
1492 384 1655 416 subiecta
1680 388 1715 415 et
1739 386 1775 416 in
1801 387 1925 427 primis
1945 387 1989 418 ad

278 443 495 484 peticionem
521 440 773 481 religiosorum
798 443 940 481 patrum
967 439 1144 470 Gerhardi
1168 439 1346 471 baldewin
1372 441 1415 471 de
1445 440 1557 471 fredis
1583 441 1667 471 olim
1693 442 1823 482 prioris
1849 442 1886 472 in
1911 442 1989 473 lim-

279 498 389 539 purch
415 501 449 529 et
467 497 650 528 Tilmanni
674 496 716 527 de
741 496 862 527 bonna
887 495 981 526 alias
998 496 1142 527 Verona
1168 496 1332 526 economi
1353 496 1487 527 ibidem
1512 496 1617 527 huius
1641 497 1754 528 nostri
1778 498 1991 529 monasterii

281 552 534 583 monachorum
559 553 597 582 in
621 554 770 583 mortem
796 550 1021 583 venerabilis
1046 550 1178 582 domini
1200 550 1348 591 joannis
1373 551 1416 583 de
1443 551 1636 584 dedeshem
1663 552 1809 584 abbatis
1834 553 1991 585 lacensis

283 618 531 670 [Sequuntur
554 619 628 657 CX
651 620 933 670 opusculorum
954 633 992 669 q.
1014 633 1052 656 v.
1074 620 1183 657 tituli
1212 620 1383 657 totidem
1404 620 1585 657 versibus
1608 621 1788 667 indicati,
1823 634 1989 671 quorum

280 677 560 726 opusculorum
581 676 764 713 LXXVI
793 676 899 713 binis
931 675 1042 713 libris
1074 681 1282 723 constant,
1315 676 1471 726 reliqua
1501 677 1726 726 singulares
1757 676 1849 714 libri
1882 684 1988 715 sunt.

279 733 383 769 Tum
415 733 547 782 pergit
578 729 888 782 Butzbachiusz]

278 810 324 840 Et
350 809 504 849 quedam
531 809 606 841 alia
631 819 698 850 que
725 809 841 840 adhuc
867 809 903 839 in
929 809 1095 840 manibus
1126 809 1344 850 imperfecta
1372 812 1565 841 versantur
1614 809 1669 840 He
1696 812 1779 840 sunt
1805 810 1991 842 ediciones

279 864 384 895 huius
410 865 664 896 studiosissimi
695 875 737 895 ac
762 864 955 896 doctissimi
986 865 1100 906 patris
1134 875 1223 906 quas
1255 866 1432 896 hactenus
1461 869 1543 906 post
1569 864 1769 896 edicionem
1795 866 1993 898 tritemiani

280 920 468 961 cathalogi
493 920 665 953 studiosis
690 920 1010 952 lucubracionibus
1029 920 1127 951 infra
1145 921 1416 952 tredeeennium
1437 921 1637 962 composuit
1682 921 1851 953 Diuifisse
1873 925 1991 953 autem

280 987 399 1009 omnes
418 976 558 1008 libellos
576 986 661 1008 suos
678 978 714 1007 in
735 980 804 1008 tres
822 980 941 1018 partes
959 976 1169 1017 perhibetur
1186 976 1258 1007 tria
1276 977 1408 1008 fecisse
1427 977 1610 1008 volumina
1628 978 1821 1018 vnicuique
1840 979 1993 1018 triginta

281 1035 436 1072 quatuor
466 1032 642 1074 opuscula
679 1033 872 1074 assignans
928 1032 957 1063 O
989 1034 1103 1064 virum
1134 1032 1242 1073 plane
1275 1032 1401 1073 quouis
1430 1032 1550 1064 laudis
1584 1036 1619 1063 et
1648 1032 1793 1064 honoris
1824 1034 1993 1074 preconio

281 1088 529 1128 dignissimum
556 1089 616 1130 qui
643 1088 806 1130 exemplo
832 1087 983 1128 tritemij
1010 1088 1124 1119 nostri
1148 1091 1256 1119 nocte
1282 1088 1413 1129 dieque
1445 1088 1633 1129 scripturis
1658 1088 1838 1120 immorari
1863 1088 1994 1120 dulcis-

280 1144 404 1175 simum
436 1144 598 1175 iudicans
630 1147 683 1176 tot
714 1154 756 1175 ac
782 1148 886 1175 tanta
912 1154 973 1185 pro
998 1143 1158 1175 vtilitate
1184 1144 1423 1175 studiosorum
1452 1143 1682 1175 elucubrauit
1707 1148 1746 1176 vt
1770 1147 1852 1186 post
1877 1146 1992 1187 ipsum

280 1199 348 1230 hac
381 1203 503 1230 nostra
534 1203 752 1241 tempestate
785 1211 907 1241 parem
941 1199 1078 1231 habeat
1103 1200 1281 1230 neminem
1332 1200 1512 1239 Quocirca
1539 1201 1670 1241 quique
1697 1201 1869 1232 bonarum
1895 1201 1992 1233 litte-

278 1265 398 1286 rarum
423 1255 577 1287 studiosi
601 1266 694 1287 nouo
721 1266 831 1297 queso
858 1256 982 1287 fauete
1009 1258 1114 1296 poete
1142 1256 1343 1296 vestrisque
1369 1256 1557 1297 plausibus
1584 1266 1662 1287 eum
1688 1257 1842 1288 inuitate
1869 1261 1993 1298 quate·

278 1321 344 1342 nus
379 1311 482 1352 plura
520 1316 712 1353 componat
745 1315 780 1342 et
812 1312 1047 1353 eleganciora
1080 1312 1140 1352 qui
1170 1311 1447 1353 simplicioribus
1480 1312 1667 1353 quibusuis
1699 1312 1992 1346 condescendens

278 1366 426 1398 lecturis
458 1368 611 1398 maxime
644 1368 827 1399 laborauit
857 1372 896 1399 vt
927 1378 1050 1398 omnes
1077 1368 1187 1399 facile
1215 1378 1281 1409 que
1312 1368 1510 1400 fabricauit
1535 1368 1783 1409 intelligerent
1808 1369 1886 1400 siue
1912 1380 1993 1401 ver-

278 1423 375 1454 sibus
413 1423 460 1454 sit
490 1434 574 1455 vsus
605 1424 682 1455 siue
715 1424 818 1465 prosa
850 1434 959 1465 quare
993 1424 1021 1455 si
1054 1425 1194 1455 animus
1226 1428 1281 1455 est
1313 1424 1480 1465 elegendi
1511 1424 1781 1456 concedendum
1814 1428 1869 1456 est
1898 1425 1991 1456 bone

278 1479 458 1510 voluntati
485 1479 591 1511 credo
617 1483 739 1511 tamen
765 1479 857 1520 quod
882 1479 1002 1520 plures
1029 1479 1230 1511 oblectabit
1256 1480 1286 1510 si
1311 1480 1453 1521 quidem
1478 1491 1549 1511 non
1574 1481 1692 1511 minus
1709 1480 1901 1512 iocundum
1922 1483 1990 1519 [sic]

279 1538 315 1565 et
339 1535 480 1566 facetus
507 1536 685 1567 interdum
712 1546 817 1576 quam
842 1536 1078 1567 instructiuus
1106 1540 1141 1567 et
1167 1535 1359 1577 religiosus
1403 1536 1504 1568 Viuit
1529 1536 1646 1567 adime
1665 1546 1776 1568 annos
1794 1539 1902 1567 natus
1919 1540 1992 1568 tres

280 1590 322 1620 de
356 1591 618 1632 quinquaginta
649 1592 686 1622 in
720 1592 867 1623 cenobio
894 1592 1106 1623 Dumetensi
1138 1591 1232 1632 quod
1264 1593 1371 1623 situm
1405 1596 1459 1623 est
1489 1593 1525 1623 in
1551 1596 1657 1624 vasta
1689 1592 1885 1623 solitudine
1914 1592 1991 1624 loco

279 1646 417 1686 quidem
449 1646 640 1688 relligione
676 1648 864 1688 aptissimo
897 1649 934 1678 in
967 1650 1143 1679 comitatu
1168 1647 1365 1689 liningensi
1390 1649 1661 1679 wormaciensis
1687 1647 1843 1679 diocesis
1868 1648 1929 1680 vbi
1956 1651 1992 1679 et

278 1702 382 1733 varia
412 1703 608 1734 conscribit
638 1703 751 1735 indies
784 1704 848 1735 sub
878 1703 1128 1735 maximiliano
1154 1705 1373 1745 imperatore
1399 1704 1630 1736 serenissimo
1656 1709 1691 1736 et
1717 1704 1810 1736 Iulio
1835 1715 1931 1746 papa
1956 1706 1992 1735 ‘2⁰

277 1758 378 1789 Anno
405 1757 467 1789 dfii
493 1769 560 1799 quo
585 1759 651 1791 hec
677 1759 866 1791 scribimus
892 1759 1095 1791 Millesimo.
1116 1759 1205 1794 5.80,
1226 1757 1265 1802 [i.
1286 1770 1314 1792 e.
1336 1757 1450 1802 1508]

278 1846 520 1876 RVBEANVS
552 1852 582 1876 S.
605 1839 829 1878 Rubianus.
853 1842 923 1878 vid.
949 1839 1106 1877 Crotus.

278 1935 525 1965 RVCHRATH
559 1932 627 1966 vicl.
653 1929 842 1967 Wesalia.

278 2025 492 2064 RVSEIWS,
524 2019 713 2065 Ioannes,
748 2019 1064 2065 Sletstadiensis,
1097 2025 1141 2056 ut
1171 2019 1342 2065 videtur,
1367 2019 1662 2070 &Vimphelingi
1695 2019 1913 2070 discipulus
1945 2033 1990 2057 ac

278 2074 411 2111 fautor
434 2074 483 2122 (p.
503 2073 611 2110 286¹⁵.
630 2074 760 2124 288¹7),
785 2088 903 2125 quem
924 2076 1114 2112 Erasmus
1136 2076 1177 2112 in
1201 2088 1264 2125 ep.
1288 2075 1339 2112 ad
1361 2075 1710 2126 W'imphelingum
1732 2076 1769 2113 d.
1792 2077 1858 2113 ⁴21.
1877 2076 1988 2127 Sept.

277 2144 311 2166 a.
338 2131 457 2167 1514.
483 2129 594 2168 data'
631 2132 809 2181 ‘optimae
832 2132 917 2181 spei
942 2132 1139 2177 iuvenem⁷
1174 2132 1313 2177 nostri,
1341 2137 1384 2168 ut
1404 2132 1514 2168 visus
1538 2138 1608 2178 est,
1632 2132 1987 2169 studiosissimum-¹

277 2185 457 2223 salutat².
503 2185 732 2225 Ottomarus
755 2186 990 2225 Luscinius3
1010 2188 1152 2225 laudat
1173 2188 1399 2234 „Ioannem
1419 2188 1635 2234 Ruserum,
1660 2188 1822 2226 Thesea
1843 2201 1986 2235 meum,

277 2242 346 2291 qui
376 2242 503 2279 labori
534 2250 670 2280 nostro
703 2257 785 2281 non
817 2245 1039 2282 mediocres
1070 2244 1278 2295 suppetias
1308 2244 1432 2291 tulit’,
1467 2258 1512 2281 ac
1532 2244 1713 2281 floruisse
1745 2245 1823 2281 iam
1845 2245 1886 2281 in
1917 2258 1990 2282 sua

277 2299 449 2347 pueritia
482 2298 632 2336 Graecae
670 2300 818 2349 linguae
850 2300 1027 2337 studium
1058 2300 1100 2337 in
1131 2300 1267 2337 schola
1298 2300 1636 2350 Argentoratensi
1674 2300 1781 2337 idem
1819 2306 1989 2337 testatus

280 2360 351 2390 est.
401 2354 570 2391 Iacobus
603 2354 856 2393 Bruckerus⁴
887 2370 936 2394 ex
967 2357 1045 2393 illis
1068 2356 1314 2406 Nachtigalli
1346 2356 1480 2394 verbis
1511 2356 1709 2393 Ruserum
1740 2356 1858 2393 huius
1889 2369 1986 2406 prae—

278 2416 480 2459 ceptorem
514 2411 636 2448 fuisse
668 2413 927 2459 coniectavit,
970 2418 1109 2449 contra
1139 2426 1234 2450 vero
1268 2411 1312 2449 C.
1338 2411 1381 2449 C.
1406 2426 1468 2449 am
1489 2411 1648 2458 En(le⁵‚
1690 2425 1773 2449 non
1811 2425 1986 2462 praecep-

276 2472 402 2503 torem
432 2466 503 2503 sed
525 2467 749 2505 adiutorem
770 2468 1035 2519 laborumque
1066 2469 1217 2506 socium
1238 2468 1430 2505 Luscinio
1451 2468 1650 2505 Ruserum
1673 2469 1810 2514 fuisse,
1843 2469 1987 2505 utrius-

278 2534 354 2571 que
387 2524 495 2560 aetati
534 2525 842 2561 convenientius
880 2526 1033 2562 statuit.
1095 2524 1330 2562 sodalitatis
1367 2525 1572 2562 litterariae
1603 2524 1987 2575 Wimphelingianae

276 2579 424 2615 socium
457 2579 579 2616 fuisse
600 2580 810 2627 Ruserum,
845 2594 893 2617 ex
914 2578 1228 2632 Wi1npl1elingi⁶
1258 2579 1522 2631 Erasmique⁷
1553 2581 1734 2631 epistolis
1762 2586 1930 2618 constat.

369 2700 399 2739 1)
418 2701 601 2736 Amoenitt,
619 2701 785 2743 Friburg.
804 2713 836 2744 p.
855 2703 930 2734 374.
1042 2702 1076 2743 2)
1095 2702 1141 2736 cf.
1163 2703 1271 2733 etiam
1290 2702 1431 2733 Erasmi
1450 2703 1495 2733 ad
1512 2702 1675 2734 Volzium
1695 2712 1750 2744 ep.
1770 2701 1803 2734 d.
1824 2703 1875 2733 14.
1896 2702 1986 2743 Aug.

368 2757 463 2789 1518.
483 2757 622 2797 datam,
641 2757 677 2787 in
695 2757 785 2799 Epp,
811 2758 853 2790 L.
873 2757 914 2790 B.
935 2759 1031 2790 1706.
1050 2757 1111 2789 fol.
1131 2758 1198 2790 col.
1216 2759 1291 2791 347.
1309 2758 1348 2792 Β.
1452 2758 1486 2800 3)
1507 2760 1542 2789 in
1561 2759 1700 2800 praefat.
1720 2757 1986 2790 Collectaneor.

367 2810 426 2841 SS.
448 2811 574 2843 Graece
598 2812 738 2844 discere
764 2814 993 2855 cupientibus
1019 2814 1260 2847 necessarior.
1290 2814 1481 2855 Argentor.
1501 2815 1598 2848 1515.
1722 2813 1757 2854 4)
1782 2813 1988 2848 Miscellan,

367 2865 527 2897 historiae
546 2867 673 2908 philos.
692 2868 785 2901 liter.
805 2869 953 2903 criticae.
978 2870 1067 2910 Aug.
1087 2869 1192 2901 Vind.
1210 2871 1305 2903 1748.
1323 2870 1369 2901 8⁰.
1388 2881 1421 2911 p.
1436 2872 1512 2902 305.
1623 2869 1657 2910 5)
1675 2869 1790 2901 Leben
1807 2880 1837 2900 u.
1858 2868 1985 2909 Schrif-

368 2927 421 2952 len
445 2922 592 2953 Onomar
618 2923 823 2965 Naelztzyalls
847 2925 883 2955 in
907 2924 1077 2956 Strobelii
1100 2925 1306 2960 Miscellan‚
1325 2926 1384 2957 IV.
1405 2937 1438 2967 p.
1457 2927 1487 2956 7.
1603 2926 1638 2965 6)
1658 2925 1706 2959 cf.
1724 2935 1833 2966 supra
1857 2935 1890 2965 p.
1908 2925 1984 2955 317.

367 2980 435 3010 art.
453 2978 576 3009 Brant.
700 2979 732 3018 7)
758 2980 804 3012 cf.
824 2980 869 3011 ad
892 2981 1010 3021 ipsum
1032 2981 1209 3012 Ruserum
1233 2982 1265 3012 d.
1285 2983 1337 3012 24.
1356 2983 1447 3023 Aug.
1467 2992 1500 3016 a.
1521 2983 1616 3014 1517.
1636 2981 1791 3012 Lovanii
1814 2981 1984 3020 scriptam

367 3033 505 3064 Erasini
525 3033 725 3074 epistolam.
754 3036 794 3068 L.
814 3036 853 3066 13.
875 3037 972 3070 1706,
990 3036 1053 3067 fol.
1075 3036 1230 3077 append.
1248 3042 1296 3066 11⁰.
1315 3047 1453 3069 cnxvn.
1476 3036 1557 3067 coll.
1576 3037 1671 3069 1625.
1689 3046 1742 3076 sq.
