2119 3522
245 202 340 247 502
739 213 845 235 mom
869 209 1122 234 ononAPHICVS
1147 210 1188 231 ΕΤ
1214 207 1455 231 oxonAsncvs.

248 330 450 372 Gratiuns‘
483 328 713 366 ‘Paradoxa
744 326 803 363 10.
829 325 877 361 de
899 322 964 360 W.
989 322 1179 360 damnata
1209 336 1282 373 per
1317 323 1529 372 magistros
1561 329 1717 362 nostros
1756 324 1955 361 hae-rcticae

248 386 457 439 pravitatis
489 384 747 434 inquisitores
780 381 830 418 de
862 379 948 417 ord.
969 378 1280 429 praedicatorum
1309 378 1365 415 M.
1387 378 1438 416 N.
1464 378 1719 417 Gerhardum
1747 380 1872 417 Elten
1903 375 1957 417 de

251 442 420 481 Colonia
457 446 495 477 et
533 439 587 476 M.
609 438 661 475 N.
683 436 873 474 Iacobum
915 434 1120 485 Sprenger
1157 447 1192 471 a.
1218 435 1337 473 1479.
1360 434 1618 484 Μοςιιῃῐίεθιι
1659 441 1698 473 et
1737 436 1957 481 „Examen

248 496 476 548 magistrale
517 509 562 532 ac
598 492 865 542 theologicale
906 490 1079 528 doctoris
1110 490 1169 527 Io.
1195 489 1243 527 de
1264 490 1329 529 W.
1357 491 1652 528 concionatoris
1683 491 1958 528 Wormacien-

249 555 300 591 sis
333 553 444 590 &effi
507 550 569 589 Cf.
591 546 762 586 Baelius⁶
795 553 832 585 et
856 544 1123 585 Gieselerus⁷.
1183 546 1380 583 Ioannem
1413 546 1462 584 de
1483 546 1665 584 Wesalia
1696 560 1803 584 anno
1837 547 1957 584 1461.

249 609 419 646 Basileae
457 607 725 657 professorem
765 616 967 641 sacrarum
1005 602 1292 652 scripturarum
1329 602 1478 639 factum
1516 602 1660 648 fuisse,
1707 615 1785 652 quo
1825 607 1961 640 tamen

249 677 414 702 munere
453 676 526 713 per
561 661 683 698 breve
720 665 878 697 tantum
914 664 1072 707 tempus
1114 657 1275 695 functus
1307 663 1384 703 est,
1427 657 1613 695 discimus
1652 671 1702 696 ex
1730 656 1960 696 Vischeross.

250 719 449 757 Addimus
486 719 610 755 vitam
646 717 723 753 viri
761 730 783 753 a
820 715 905 753 Ioa.
936 714 1201 751 Piemontano
1242 714 1283 751 in
1321 713 1396 750 Ms.
1418 712 1610 752 Auctario
1649 727 1742 752 scrr.
1766 713 1861 752 6661.
1892 713 1962 750 fol.

253 773 325 813 79b
357 776 412 813 sic
445 774 707 824 descriptam:

253 846 461 887 „Iohannes
488 845 530 877 de
555 843 709 876 wesalia
731 842 907 884 superiori
924 841 1043 883 patria
1061 839 1167 872 renen
1189 840 1245 872 vir
1262 841 1298 871 in
1317 839 1451 871 diuinis
1470 840 1657 882 scripturis
1676 840 1821 882 egregie
1840 839 1966 872 doctus

254 905 290 933 et
320 902 357 932 in
387 900 616 943 philosophia
650 898 870 930 scholastica
904 897 1139 929 exercitatum
1170 895 1308 927 habens
1337 895 1522 936 ingenium
1549 906 1651 928 sacre
1676 895 1860 938 theologie
1887 906 1964 937 pro-

255 958 369 989 fessor
394 957 549 997 insignis
576 958 611 987 et
635 955 673 986 in
699 953 947 985 declamandis
974 952 1019 984 ad
1045 951 1213 994 populum
1233 951 1457 982 sermonibus
1476 950 1614 992 (pastor
1633 952 1727 983 enim
1746 950 1828 991 fuit)
1851 961 1966 993 prom-

256 1016 336 1055 ptus
363 1016 470 1054 atque
498 1012 656 1043 famosus
682 1011 945 1042 sermocinator
969 1008 1116 1050 ingenio
1143 1010 1271 1038 acutus
1298 1006 1440 1046 eloquio
1465 1006 1623 1038 disertus
1649 1017 1717 1038 nec
1745 1007 1861 1038 minus
1889 1007 1968 1038 vita

257 1073 293 1100 et
319 1069 476 1100 moribus
502 1078 609 1108 quam
635 1067 800 1098 doctrina
826 1064 1006 1097 excellens
1052 1063 1206 1105 Scripsit
1230 1063 1290 1093 hie
1314 1062 1436 1103 plures
1459 1061 1495 1092 in
1516 1061 1649 1094 diuinis
1667 1061 1859 1104 scripturis
1876 1072 1968 1094 com-

256 1125 453 1156 mentarios
480 1127 588 1164 atque
616 1122 706 1153 alios
734 1121 776 1152 de
804 1120 959 1151 diuersis
985 1119 1148 1150 materiis
1173 1121 1353 1149 tractatus
1379 1128 1467 1159 quos
1491 1118 1534 1149 ob
1561 1118 1732 1159 quosdam
1759 1117 1894 1149 eisdem
1917 1117 1970 1148 in·

257 1184 371 1212 sertos
396 1189 534 1211 errores
571 1181 696 1209 contra
721 1176 940 1207 catholicam
967 1175 1070 1206 fidem
1098 1175 1293 1205 existentes
1324 1173 1469 1215 publice
1495 1173 1682 1216 Moguntie
1714 1173 1971 1205 assistentibus

257 1235 422 1278 pluribus
454 1244 533 1266 cum
565 1231 809 1274 archipresule
835 1231 987 1262 Dithero
1021 1230 1140 1261 doctis
1171 1233 1206 1261 et
1237 1229 1418 1261 nobilibus
1451 1229 1634 1271 germanie
1657 1230 1746 1261 viris
1772 1232 1851 1271 post
1874 1239 1972 1260 reuo-

258 1292 438 1323 cationem
466 1289 659 1321 eorundem
686 1288 887 1319 solenniter
912 1287 1048 1318 factam
1075 1284 1253 1317 vulcanus
1283 1286 1505 1327 consumpsit
1553 1285 1650 1324 Quos
1676 1285 1747 1316 iam
1774 1295 1795 1316 a
1820 1284 1974 1317 doctori—

261 1348 324 1378 bus
351 1346 609 1378 condemnatos
636 1344 680 1375 ad
706 1344 826 1386 ignem
852 1343 987 1375 deferri
1007 1342 1235 1383 conspiciens
1252 1351 1387 1373 memor
1404 1341 1595 1373 multorum
1614 1342 1787 1373 bonorum
1806 1350 1875 1381 que
1894 1350 1973 1372 611111

260 1403 411 1434 maximo
438 1399 722 1433 elucubrationis
748 1399 866 1430 studio
893 1400 1161 1440 conscripserat
1185 1397 1366 1429 resolutus
1393 1400 1448 1429 est
1473 1398 1508 1428 in
1529 1397 1703 1429 lacrimas
1720 1397 1774 1427 ita
1792 1406 1872 1428 cum
1888 1396 1976 1428 fletu

262 1458 488 1489 amarissimo
514 1458 627 1489 fertur
652 1456 788 1487 dixisse
832 1455 860 1486 O
888 1455 945 1496 pie
971 1454 1058 1485 deus
1084 1453 1258 1495 numquid
1284 1453 1379 1484 bona
1404 1463 1481 1484 cum
1509 1453 1613 1484 malis
1638 1453 1835 1495 perdentur
1876 1452 1975 1483 Nun·

263 1514 347 1556 quid
372 1513 515 1545 infinita
541 1523 607 1554 que
634 1512 727 1543 bene
754 1511 891 1552 scripta
918 1513 1112 1542 censentur
1138 1509 1251 1552 plecti
1276 1509 1433 1540 debeant
1459 1509 1629 1550 quicquid
1654 1507 1752 1540 mala
1778 1511 1814 1539 et
1838 1507 1978 1549 quidem

262 1580 448 1612 perpauca
474 1568 721 1600 delirauerunt
766 1568 844 1599 Non
869 1570 967 1598 tuum
994 1565 1101 1607 plane
1127 1565 1196 1596 hoc
1223 1567 1279 1596 est
1304 1564 1478 1595 iudicium
1505 1565 1567 1605 qui
1593 1564 1702 1596 etiam
1725 1562 1866 1594 infinite
1890 1562 1979 1594 mul-

263 1626 413 1657 titudini
438 1628 585 1667 propter
612 1623 736 1655 decem
761 1623 875 1654 iustos
902 1622 947 1653 ad
971 1631 1097 1663 preces
1123 1621 1296 1652 abraham
1321 1630 1471 1662 parcere
1498 1623 1618 1662 presto
1638 1619 1759 1660 fuisti,
1786 1619 1850 1653 sed
1867 1619 1977 1651 homi-

264 1694 347 1714 num
373 1683 498 1714 nescio
525 1691 593 1722 quo
619 1679 695 1710 zelo
721 1679 757 1709 in
783 1689 838 1710 me
865 1678 1161 1710 candescentium
1186 1674 1214 1711 ῖς
1258 1676 1396 1708 Ferunt
1423 1675 1519 1707 hunc
1546 1686 1567 1707 a
1594 1675 1747 1717 quodam
1772 1675 1877 1708 docto
1901 1675 1980 1708 viro

266 1738 417 1770 bohemo
450 1737 562 1769 fuisse
594 1735 782 1767 seductum
815 1734 876 1775 qui
908 1744 987 1765 eum
1015 1733 1060 1765 ad
1085 1733 1287 1764 bohemiam
1312 1732 1472 1764 inuitans
1498 1732 1631 1765 ibidem
1659 1731 1841 1764 erroribus
1865 1730 1982 1763 hussi-

268 1798 385 1826 tarum
412 1805 433 1825 a
454 1792 590 1834 joanne
615 1791 778 1823 wickleff
801 1789 980 1832 quondam
1007 1788 1173 1821 confictis
1199 1788 1329 1819 imbuit
1355 1791 1391 1819 et
1415 1788 1544 1819 infecit
1597 1788 1688 1819 Sunt
1713 1787 1774 1828 qui
1799 1796 1878 1818 eum
1903 1790 1981 1818 tan-

267 1861 371 1892 quam
400 1848 670 1880 heresiarcham
701 1846 812 1878 multo
844 1845 1024 1887 vituperio
1053 1844 1219 1876 afficiunt
1250 1847 1290 1875 ut
1320 1844 1507 1885 wigandus
1532 1843 1595 1875 ille
1623 1839 1753 1886 [Wirt]
1801 1843 1891 1875 Sunt
1923 1842 1983 1882 qui

268 1916 347 1938 eum
374 1906 488 1937 eciam
513 1904 665 1935 laudant
719 1902 859 1934 Claruit
886 1900 922 1932 ἓν)
941 1899 1063 1935 1480.“

357 1967 392 2007 5)
406 1967 548 1999 Fascio.
562 1975 627 1997 rer.
641 1963 866 2007 expetendar.
877 1962 953 1996 foll.
969 1973 1103 1994 ctxrir.
1115 1971 1193 2003 sqq.
1220 1961 1315 1993 Edit.
1328 1960 1504 1994 Lond.11.
1519 1962 1637 2002 p.325.
1648 1970 1724 2001 sqq.
1819 1958 1853 1999 5)
1869 1958 1984 2000 Bayle

357 2023 515 2056 Diction.
531 2021 565 2055 h.
582 2032 614 2054 v.
724 2019 757 2061 7)
784 2020 933 2052 Gieseler
949 2018 1211 2060 Kirchenyesclz.
1229 2018 1277 2050 II.
1294 2018 1325 2052 4.
1343 2028 1376 2059 p,
1394 2018 1471 2052 481,
1490 2016 1577 2049 edit.
1598 2017 1695 2049 1835.
1714 2014 1760 2048 8⁰.
1868 2015 1903 2055 8)
1927 2015 1981 2046 Vi-

358 2079 455 2111 scher
474 2079 591 2111 Geselz.
610 2078 671 2110 der
691 2076 784 2109 Univ.
802 2075 917 2108 Basel.
939 2075 1034 2108 1860.
1052 2073 1098 2107 8⁰.
1119 2084 1152 2115 p.
1171 2075 1254 2106 69...
1268 2075 1320 2106 72.

270 2166 564 2204 WEYDMANM,
600 2156 824 2202 Conradus,
858 2155 1114 2200 Basiliensis‚
1151 2152 1250 2203 (non
1282 2152 1598 2191 confundendus
1629 2152 1700 2190 ille
1731 2165 1820 2189 cum
1851 2151 1987 2201 aliquo

273 2216 505 2253 Italicorum
524 2213 714 2252 ICtorum
744 2225 892 2249 nomen
915 2211 1180 2249 Salicetorum
1211 2211 1450 2260 gerentium,
1484 2209 1792 2254 Bartholomaeo,
1824 2207 1986 2252 Iacobo,

272 2271 465 2317 Ricardo,
511 2270 692 2321 quamvis
731 2276 770 2306 et
808 2268 916 2304 hunc
949 2266 1181 2305 Conradum
1218 2266 1367 2303 alicubi
1406 2265 1478 2302 sub
1518 2265 1685 2303 Saliceti
1724 2264 1888 2301 nomine
1926 2275 1988 2300 me

273 2328 409 2377 legere
440 2324 720 2373 meminerim),
754 2338 843 2361 cum
873 2323 1055 2360 Hutteno
1090 2323 1311 2372 discipulus
1343 2321 1491 2371 Rhagii
1520 2317 1872 2369 Aesticampiani¹‚
1905 2323 1990 2355 tum

274 2383 457 2421 Udalrici
486 2382 593 2418 Zasii
614 2381 805 2430 Friburgi
836 2379 1056 2429 discipulus
1089 2384 1129 2416 et
1159 2379 1321 2424 amicus,
1358 2378 1537 2414 ‘noviter
1570 2373 1621 2426 [a.
1646 2376 1767 2414 1516.
1791 2387 1821 2412 s.
1847 2372 1986 2424 1515]

276 2444 480 2490 promotus
520 2438 563 2474 in
595 2437 798 2474 doctorem
834 2435 951 2472 iuris’
988 2433 1038 2483 (p.
1056 2439 1120 2469 *273
1137 2431 1197 2483 ¹⁰),
1239 2439 1278 2471 et
1314 2434 1452 2484 legum
1489 2432 1717 2470 ordinarius
1754 2430 1989 2481 Moguntiae,

276 2494 346 2532 ubi
378 2493 627 2531 Selilauraffo
661 2493 865 2543 ‘pugnum
897 2490 1027 2528 dedit’
1063 2488 1114 2539 (p.
1129 2495 1205 2525 203.
1222 2505 1249 2521 v.
1262 2488 1427 2539 165.sq.).2

370 2565 402 2606 1)
423 2565 470 2598 cf.
489 2565 594 2596 Hutt.
613 2563 705 2605 Opp.
723 2562 792 2595 vol.
812 2562 878 2595 III.
896 2573 930 2603 p.
951 2562 1025 2593 563.
1045 2571 1098 2602 sq.
1120 2560 1281 2592 Addend.
1397 2560 1429 2599 2)
1451 2559 1506 2591 Cf.
1526 2559 1635 2591 etiam
1653 2558 1819 2599 Stintzz'ny
1838 2557 1910 2591 Ulr.
1929 2557 1995 2588 Za-

368 2623 446 2652 sz'us.
474 2621 580 2652 Basel
597 2620 693 2652 1857.
712 2618 758 2651 8⁰.
778 2629 811 2660 p.
831 2618 904 2649 169.

284 2708 420 2748 WICK,
462 2701 649 2740 Joannes
689 2696 779 2746 de¹,
824 2711 943 2749 quem
987 2697 1237 2736 Reuchlinus
1268 2696 1573 2736 Vanderbicum
1610 2694 1788 2734 scribere
1825 2693 1993 2741 solebat,

374 2805 405 2846 1)
427 2805 521 2844 Quid
545 2806 592 2837 sit
616 2804 706 2846 quod
727 2805 763 2835 iu
781 2803 946 2846 epistolis
966 2814 986 2835 a
1004 2802 1277 2835 Friedlaendero
1297 2802 1421 2843 (Beier.
1440 2807 1469 2833 :1
1489 2801 1563 2841 Res.
1577 2800 1688 2843 yesck.
1715 2799 1810 2831 Berl.
1832 2799 1929 2834 1837.
1946 2797 1994 2830 8⁰.

376 2871 406 2901 p.
427 2861 479 2892 28.
497 2862 549 2894 29.
569 2862 610 2892 33
628 2860 639 2901 )
667 2860 775 2892 editis
800 2859 935 2902 legitur
961 2858 1120 2900 ‘Caspar
1138 2857 1257 2890 Wikt'
1284 2859 1360 2890 sive
1388 2857 1441 2899 (ut
1466 2858 1503 2889 in
1519 2856 1620 2891 MSS.
1639 2855 1804 2898 epistolis
1831 2857 1868 2886 et
1891 2865 1925 2896 p.
1941 2855 1996 2886 45.

377 2915 449 2955 est)
477 2914 607 2947 ‘Wirt’
636 2916 807 2958 scriptum
833 2919 905 2956 est,
939 2915 1123 2957 explicare
1149 2924 1301 2957 nequeO.
1352 2914 1421 2945 Sed
1447 2913 1484 2945 in
1510 2913 1617 2955 epist.
1636 2911 1669 2945 d.
1688 2913 1719 2943 9.
1738 2911 1827 2943 Nov.
1847 2921 1878 2943 a.
1901 2906 1996 2943 1518.

378 2970 423 3003 ad
441 2971 755 3013 Questenbergum
780 2972 918 3014 scripta
935 2971 1158 3004 Reuchlinus
1183 2971 1261 3012 ipse
1288 2969 1490 3011 ⁷,egregius
1515 2970 1728 3010 procurator
1751 2969 1876 2998 noster
1892 2965 1997 2996 Ioan-

378 3037 441 3059 nes
466 3026 760 3061 Van(lerbicus“.
