<?xml version="1.0" encoding="UTF-8"?>
<!DOCTYPE html PUBLIC "-//W3C//DTD XHTML 1.0 Transitional//EN"
    "http://www.w3.org/TR/xhtml1/DTD/xhtml1-transitional.dtd">
<html xmlns="http://www.w3.org/1999/xhtml" xml:lang="en" lang="en">
 <head>
  <title>
</title>
<meta http-equiv="Content-Type" content="text/html;charset=utf-8" />
  <meta name='ocr-system' content='tesseract 3.04.00' />
  <meta name='ocr-capabilities' content='ocr_page ocr_carea ocr_par ocr_line ocrx_word'/>
</head>
<body>
  <div class='ocr_page' id='page_1' title='image "./operaquaereperir02huttuoft/operaquaereperir02huttuoft_0361.png"; bbox 0 0 2119 3522; ppageno 0'>
   <div class='ocr_carea' id='block_1_1' title="bbox 695 201 1824 244">
    <p class='ocr_par' dir='ltr' id='par_1_1' title="bbox 695 201 1824 244">
     <span class='ocr_line' id='line_1_1' title="bbox 695 201 1824 244; baseline 0.005 -6"><span class='ocrx_word' id='word_1_1' title='bbox 695 216 876 239; x_wconf 81' lang='lat' dir='ltr'>CEREVISIA</span> <span class='ocrx_word' id='word_1_2' title='bbox 902 231 908 238; x_wconf 94' lang='lat'>.</span> <span class='ocrx_word' id='word_1_3' title='bbox 924 231 930 238; x_wconf 94' lang='lat'>.</span> <span class='ocrx_word' id='word_1_4' title='bbox 946 231 953 239; x_wconf 88' lang='lat'>.</span> <span class='ocrx_word' id='word_1_5' title='bbox 979 216 1245 238; x_wconf 84' lang='lat' dir='ltr'>COMBIBILATOR.</span> <span class='ocrx_word' id='word_1_6' title='bbox 1731 201 1824 244; x_wconf 73' lang='lat'>347</span> 
     </span>
    </p>
   </div>
   <div class='ocr_carea' id='block_1_2' title="bbox 111 330 1828 438">
    <p class='ocr_par' dir='ltr' id='par_1_2' title="bbox 111 330 1828 438">
     <span class='ocr_line' id='line_1_2' title="bbox 111 330 1828 384; baseline 0.002 -16"><span class='ocrx_word' id='word_1_7' title='bbox 111 330 252 368; x_wconf 88' lang='lat' dir='ltr'>talium</span> <span class='ocrx_word' id='word_1_8' title='bbox 288 331 498 382; x_wconf 83' lang='lat' dir='ltr'>quippiam</span> <span class='ocrx_word' id='word_1_9' title='bbox 536 332 784 379; x_wconf 86' lang='lat' dir='ltr'>nominetur,</span> <span class='ocrx_word' id='word_1_10' title='bbox 824 346 953 371; x_wconf 87' lang='lat' dir='ltr'>meras</span> <span class='ocrx_word' id='word_1_11' title='bbox 985 332 1149 370; x_wconf 80' lang='lat' dir='ltr'>Sirenas</span> <span class='ocrx_word' id='word_1_12' title='bbox 1188 345 1276 371; x_wconf 88' lang='lat' dir='ltr'>sese</span> <span class='ocrx_word' id='word_1_13' title='bbox 1314 331 1455 371; x_wconf 84' lang='lat' dir='ltr'>audire</span> <span class='ocrx_word' id='word_1_14' title='bbox 1495 338 1641 384; x_wconf 89' lang='lat' dir='ltr'>putant</span> <span class='ocrx_word' id='word_1_15' title='bbox 1679 339 1719 372; x_wconf 89' lang='lat' dir='ltr'>et</span> <span class='ocrx_word' id='word_1_16' title='bbox 1748 334 1828 372; x_wconf 88' lang='lat' dir='ltr'>iam</span> 
     </span>
     <span class='ocr_line' id='line_1_3' title="bbox 111 387 780 438; baseline 0.001 -14"><span class='ocrx_word' id='word_1_17' title='bbox 111 392 196 424; x_wconf 89' lang='lat' dir='ltr'>tum</span> <span class='ocrx_word' id='word_1_18' title='bbox 225 387 277 424; x_wconf 83' lang='lat' dir='ltr'>ad</span> <span class='ocrx_word' id='word_1_19' title='bbox 308 388 416 438; x_wconf 87' lang='lat' dir='ltr'>ipsas</span> <span class='ocrx_word' id='word_1_20' title='bbox 446 401 565 426; x_wconf 89' lang='lat' dir='ltr'>voces</span> <span class='ocrx_word' id='word_1_21' title='bbox 597 388 780 426; x_wconf 84' lang='lat' dir='ltr'>sitiant.“</span> 
     </span>
    </p>
   </div>
   <div class='ocr_carea' id='block_1_3' title="bbox 111 476 1244 523">
    <p class='ocr_par' dir='ltr' id='par_1_3' title="bbox 111 476 1244 523">
     <span class='ocr_line' id='line_1_4' title="bbox 111 476 1244 523; baseline 0.003 -11"><span class='ocrx_word' id='word_1_22' title='bbox 111 483 424 523; x_wconf 82' lang='lat' dir='ltr'>CHRYSOGONI,</span> <span class='ocrx_word' id='word_1_23' title='bbox 461 476 690 515; x_wconf 79' lang='lat' dir='ltr'>Cardinalis</span> <span class='ocrx_word' id='word_1_24' title='bbox 721 478 864 516; x_wconf 89' lang='lat' dir='ltr'>sancti.</span> <span class='ocrx_word' id='word_1_25' title='bbox 896 481 967 516; x_wconf 76' lang='lat' dir='ltr'>vicl.</span> <span class='ocrx_word' id='word_1_26' title='bbox 997 478 1244 516; x_wconf 80' lang='lat' dir='ltr'>Hadrianus.</span> 
     </span>
    </p>
   </div>
   <div class='ocr_carea' id='block_1_4' title="bbox 95 564 1824 1741">
    <p class='ocr_par' dir='ltr' id='par_1_4' title="bbox 95 564 1824 1741">
     <span class='ocr_line' id='line_1_5' title="bbox 110 564 1824 618; baseline 0.004 -17"><span class='ocrx_word' id='word_1_27' title='bbox 110 573 300 603; x_wconf 83' lang='lat' dir='ltr'>CLIPEVS</span> <span class='ocrx_word' id='word_1_28' title='bbox 332 573 671 604; x_wconf 85' lang='lat' dir='ltr'><strong>THOMISTARVM</strong></span> <span class='ocrx_word' id='word_1_29' title='bbox 695 564 746 615; x_wconf 85' lang='lat' dir='ltr'>(p.</span> <span class='ocrx_word' id='word_1_30' title='bbox 763 565 873 616; x_wconf 80' lang='lat'>37²³).</span> <span class='ocrx_word' id='word_1_31' title='bbox 941 567 1158 618; x_wconf 82' lang='lat' dir='ltr'>„Clypeus</span> <span class='ocrx_word' id='word_1_32' title='bbox 1190 573 1330 605; x_wconf 88' lang='lat' dir='ltr'>contra</span> <span class='ocrx_word' id='word_1_33' title='bbox 1360 568 1491 606; x_wconf 86' lang='lat' dir='ltr'>iacula</span> <span class='ocrx_word' id='word_1_34' title='bbox 1522 569 1564 606; x_wconf 90' lang='lat' dir='ltr'>in</span> <span class='ocrx_word' id='word_1_35' title='bbox 1595 582 1748 607; x_wconf 85' lang='lat' dir='ltr'>sacram</span> <span class='ocrx_word' id='word_1_36' title='bbox 1779 584 1824 607; x_wconf 92' lang='lat' dir='ltr'>ac</span> 
     </span>
     <span class='ocr_line' id='line_1_6' title="bbox 108 622 1823 675; baseline 0.002 -16"><span class='ocrx_word' id='word_1_37' title='bbox 108 622 403 660; x_wconf 84' lang='lat' dir='ltr'>immaculatam</span> <span class='ocrx_word' id='word_1_38' title='bbox 439 623 608 672; x_wconf 85' lang='lat' dir='ltr'>virginis</span> <span class='ocrx_word' id='word_1_39' title='bbox 639 623 777 660; x_wconf 82' lang='lat' dir='ltr'>Mariae</span> <span class='ocrx_word' id='word_1_40' title='bbox 816 624 1124 674; x_wconf 77' lang='lat' dir='ltr'>conceptionem</span> <span class='ocrx_word' id='word_1_41' title='bbox 1162 624 1377 662; x_wconf 80' lang='lat' dir='ltr'>volitantia</span> <span class='ocrx_word' id='word_1_42' title='bbox 1407 638 1478 675; x_wconf 89' lang='lat' dir='ltr'>per</span> <span class='ocrx_word' id='word_1_43' title='bbox 1512 625 1675 662; x_wconf 88' lang='lat' dir='ltr'>modum</span> <span class='ocrx_word' id='word_1_44' title='bbox 1704 626 1823 663; x_wconf 88' lang='lat' dir='ltr'>trium</span> 
     </span>
     <span class='ocr_line' id='line_1_7' title="bbox 107 679 1822 730; baseline 0.002 -15"><span class='ocrx_word' id='word_1_45' title='bbox 107 691 336 716; x_wconf 88' lang='lat' dir='ltr'>sermonum</span> <span class='ocrx_word' id='word_1_46' title='bbox 374 692 462 716; x_wconf 89' lang='lat' dir='ltr'>cum</span> <span class='ocrx_word' id='word_1_47' title='bbox 493 679 668 729; x_wconf 88' lang='lat' dir='ltr'>quadam</span> <span class='ocrx_word' id='word_1_48' title='bbox 698 680 909 729; x_wconf 76' lang='lat' dir='ltr'>questione</span> <span class='ocrx_word' id='word_1_49' title='bbox 938 679 1169 729; x_wconf 87' lang='lat' dir='ltr'>theologica</span> <span class='ocrx_word' id='word_1_50' title='bbox 1199 693 1244 717; x_wconf 89' lang='lat' dir='ltr'>ac</span> <span class='ocrx_word' id='word_1_51' title='bbox 1276 679 1551 730; x_wconf 89' lang='lat' dir='ltr'>disputatione</span> <span class='ocrx_word' id='word_1_52' title='bbox 1582 681 1752 719; x_wconf 84' lang='lat' dir='ltr'>iuridiea</span> <span class='ocrx_word' id='word_1_53' title='bbox 1781 683 1822 718; x_wconf 88' lang='lat' dir='ltr'>in</span> 
     </span>
     <span class='ocr_line' id='line_1_8' title="bbox 106 734 1822 785; baseline 0.002 -14"><span class='ocrx_word' id='word_1_54' title='bbox 106 734 253 771; x_wconf 85' lang='lat' dir='ltr'>scholis</span> <span class='ocrx_word' id='word_1_55' title='bbox 284 735 511 772; x_wconf 88' lang='lat' dir='ltr'>iuristarum</span> <span class='ocrx_word' id='word_1_56' title='bbox 542 735 645 772; x_wconf 87' lang='lat' dir='ltr'>alme</span> <span class='ocrx_word' id='word_1_57' title='bbox 674 735 949 773; x_wconf 85' lang='lat' dir='ltr'>universitatis</span> <span class='ocrx_word' id='word_1_58' title='bbox 970 735 1199 785; x_wconf 88' lang='lat' dir='ltr'>Liptzensis</span> <span class='ocrx_word' id='word_1_59' title='bbox 1235 735 1342 773; x_wconf 88' lang='lat' dir='ltr'>facta</span> <span class='ocrx_word' id='word_1_60' title='bbox 1373 736 1446 773; x_wconf 88' lang='lat' dir='ltr'>sub</span> <span class='ocrx_word' id='word_1_61' title='bbox 1478 750 1585 774; x_wconf 91' lang='lat' dir='ltr'>anno</span> <span class='ocrx_word' id='word_1_62' title='bbox 1619 736 1732 775; x_wconf 79' lang='lat' dir='ltr'>dfiice</span> <span class='ocrx_word' id='word_1_63' title='bbox 1762 738 1822 774; x_wconf 87' lang='lat' dir='ltr'>in-</span> 
     </span>
     <span class='ocr_line' id='line_1_9' title="bbox 108 788 1823 843; baseline 0.002 -16"><span class='ocrx_word' id='word_1_64' title='bbox 108 791 367 827; x_wconf 81' lang='lat' dir='ltr'>carnationis.</span> <span class='ocrx_word' id='word_1_65' title='bbox 398 791 761 829; x_wconf 75' lang='lat' dir='ltr'>M.CCCC.LXXX1V.“</span> <span class='ocrx_word' id='word_1_66' title='bbox 792 788 870 828; x_wconf 80' lang='lat'>40.¹</span> <span class='ocrx_word' id='word_1_67' title='bbox 937 791 1180 841; x_wconf 80' lang='lat' dir='ltr'>Exemplum</span> <span class='ocrx_word' id='word_1_68' title='bbox 1209 804 1318 828; x_wconf 85' lang='lat' dir='ltr'>anno</span> <span class='ocrx_word' id='word_1_69' title='bbox 1351 793 1472 830; x_wconf 82' lang='lat'>1489.</span> <span class='ocrx_word' id='word_1_70' title='bbox 1493 793 1551 830; x_wconf 83' lang='lat'>4⁰.</span> <span class='ocrx_word' id='word_1_71' title='bbox 1573 793 1823 843; x_wconf 87' lang='lat' dir='ltr'>publicatum</span> 
     </span>
     <span class='ocr_line' id='line_1_10' title="bbox 105 845 1823 898; baseline 0.002 -16"><span class='ocrx_word' id='word_1_72' title='bbox 105 851 299 884; x_wconf 89' lang='lat' dir='ltr'>memorat</span> <span class='ocrx_word' id='word_1_73' title='bbox 328 845 577 892; x_wconf 68' lang='lat' dir='ltr'>Kohlerus‘2,</span> <span class='ocrx_word' id='word_1_74' title='bbox 620 847 688 896; x_wconf 89' lang='lat' dir='ltr'>qui</span> <span class='ocrx_word' id='word_1_75' title='bbox 729 846 846 884; x_wconf 87' lang='lat' dir='ltr'>docet</span> <span class='ocrx_word' id='word_1_76' title='bbox 881 846 975 883; x_wconf 82' lang='lat' dir='ltr'>libri</span> <span class='ocrx_word' id='word_1_77' title='bbox 1014 852 1217 884; x_wconf 84' lang='lat' dir='ltr'>auctorem</span> <span class='ocrx_word' id='word_1_78' title='bbox 1256 860 1342 885; x_wconf 87' lang='lat' dir='ltr'>esse</span> <span class='ocrx_word' id='word_1_79' title='bbox 1372 848 1426 887; x_wconf 89' lang='lat' dir='ltr'>D.</span> <span class='ocrx_word' id='word_1_80' title='bbox 1452 848 1671 898; x_wconf 78' lang='lat' dir='ltr'>Georgium</span> <span class='ocrx_word' id='word_1_81' title='bbox 1703 849 1823 887; x_wconf 87' lang='lat' dir='ltr'>Orter</span> 
     </span>
     <span class='ocr_line' id='line_1_11' title="bbox 103 901 1820 954; baseline 0.003 -16"><span class='ocrx_word' id='word_1_82' title='bbox 103 901 501 940; x_wconf 87' lang='lat' dir='ltr'>Frickenhusensem</span> <span class='ocrx_word' id='word_1_83' title='bbox 520 902 793 949; x_wconf 87' lang='lat' dir='ltr'>Franconem,</span> <span class='ocrx_word' id='word_1_84' title='bbox 828 902 982 940; x_wconf 84' lang='lat' dir='ltr'>ordinis</span> <span class='ocrx_word' id='word_1_85' title='bbox 1009 916 1040 940; x_wconf 88' lang='lat' dir='ltr'>s.</span> <span class='ocrx_word' id='word_1_86' title='bbox 1059 903 1264 940; x_wconf 88' lang='lat' dir='ltr'>Dominici</span> <span class='ocrx_word' id='word_1_87' title='bbox 1286 909 1325 941; x_wconf 91' lang='lat' dir='ltr'>et</span> <span class='ocrx_word' id='word_1_88' title='bbox 1346 904 1449 954; x_wconf 87' lang='lat' dir='ltr'>prof.</span> <span class='ocrx_word' id='word_1_89' title='bbox 1468 904 1613 954; x_wconf 88' lang='lat' dir='ltr'>philos.</span> <span class='ocrx_word' id='word_1_90' title='bbox 1637 911 1677 942; x_wconf 90' lang='lat' dir='ltr'>et</span> <span class='ocrx_word' id='word_1_91' title='bbox 1696 906 1820 943; x_wconf 89' lang='lat' dir='ltr'>theol.</span> 
     </span>
     <span class='ocr_line' id='line_1_12' title="bbox 103 957 1821 1011; baseline 0.002 -17"><span class='ocrx_word' id='word_1_92' title='bbox 103 958 214 1008; x_wconf 89' lang='lat' dir='ltr'>Lips.</span> <span class='ocrx_word' id='word_1_93' title='bbox 238 963 439 995; x_wconf 89' lang='lat' dir='ltr'>mortuum</span> <span class='ocrx_word' id='word_1_94' title='bbox 469 972 576 996; x_wconf 88' lang='lat' dir='ltr'>anno</span> <span class='ocrx_word' id='word_1_95' title='bbox 602 959 721 996; x_wconf 85' lang='grc'><strong>1497.</strong></span> <span class='ocrx_word' id='word_1_96' title='bbox 790 959 884 1009; x_wconf 87' lang='lat' dir='ltr'>Ipse</span> <span class='ocrx_word' id='word_1_97' title='bbox 920 959 1126 996; x_wconf 72' lang='lat' dir='ltr'>Kohlerus</span> <span class='ocrx_word' id='word_1_98' title='bbox 1166 959 1216 996; x_wconf 86' lang='lat' dir='ltr'>de</span> <span class='ocrx_word' id='word_1_99' title='bbox 1256 957 1391 997; x_wconf 89' lang='lat' dir='ltr'>Orteri</span> <span class='ocrx_word' id='word_1_100' title='bbox 1429 959 1584 1011; x_wconf 85' lang='lat' dir='ltr'>Clypeo</span> <span class='ocrx_word' id='word_1_101' title='bbox 1626 967 1665 999; x_wconf 88' lang='lat' dir='ltr'>et</span> <span class='ocrx_word' id='word_1_102' title='bbox 1702 962 1821 998; x_wconf 79' lang='lat' dir='ltr'>simili</span> 
     </span>
     <span class='ocr_line' id='line_1_13' title="bbox 104 1014 1819 1066; baseline 0.002 -15"><span class='ocrx_word' id='word_1_103' title='bbox 104 1014 285 1052; x_wconf 86' lang='lat' dir='ltr'>eiusdem</span> <span class='ocrx_word' id='word_1_104' title='bbox 315 1015 488 1052; x_wconf 87' lang='lat' dir='ltr'>auctoris</span> <span class='ocrx_word' id='word_1_105' title='bbox 519 1015 598 1053; x_wconf 92' lang='lat' dir='ltr'>alio</span> <span class='ocrx_word' id='word_1_106' title='bbox 628 1014 767 1053; x_wconf 89' lang='lat' dir='ltr'>libello</span> <span class='ocrx_word' id='word_1_107' title='bbox 799 1015 991 1065; x_wconf 87' lang='lat' dir='ltr'>inscripto</span> <span class='ocrx_word' id='word_1_108' title='bbox 1026 1015 1251 1065; x_wconf 84' lang='lat' dir='ltr'>‘Repetitio</span> <span class='ocrx_word' id='word_1_109' title='bbox 1285 1015 1570 1066; x_wconf 84' lang='lat' dir='ltr'>disputationis</span> <span class='ocrx_word' id='word_1_110' title='bbox 1602 1017 1653 1054; x_wconf 91' lang='lat' dir='ltr'>de</span> <span class='ocrx_word' id='word_1_111' title='bbox 1684 1018 1819 1055; x_wconf 88' lang='lat' dir='ltr'>imma-</span> 
     </span>
     <span class='ocr_line' id='line_1_14' title="bbox 103 1064 1821 1121; baseline 0.002 -14"><span class='ocrx_word' id='word_1_112' title='bbox 103 1071 236 1108; x_wconf 86' lang='lat' dir='ltr'>culata</span> <span class='ocrx_word' id='word_1_113' title='bbox 267 1071 533 1121; x_wconf 84' lang='lat' dir='ltr'>conceptione</span> <span class='ocrx_word' id='word_1_114' title='bbox 563 1071 734 1121; x_wconf 85' lang='lat' dir='ltr'>virginis</span> <span class='ocrx_word' id='word_1_115' title='bbox 766 1064 991 1121; x_wconf 80' lang='lat' dir='ltr'>gloriosae&#39;3</span> <span class='ocrx_word' id='word_1_116' title='bbox 1020 1071 1106 1109; x_wconf 78' lang='lat' dir='ltr'>haec</span> <span class='ocrx_word' id='word_1_117' title='bbox 1133 1077 1290 1110; x_wconf 90' lang='lat' dir='ltr'>monet:</span> <span class='ocrx_word' id='word_1_118' title='bbox 1323 1073 1422 1119; x_wconf 76' lang='lat' dir='ltr'>„Sie</span> <span class='ocrx_word' id='word_1_119' title='bbox 1442 1075 1530 1110; x_wconf 80' lang='lat' dir='ltr'>sind</span> <span class='ocrx_word' id='word_1_120' title='bbox 1547 1075 1629 1110; x_wconf 80' lang='lat' dir='ltr'>dem</span> <span class='ocrx_word' id='word_1_121' title='bbox 1654 1074 1821 1110; x_wconf 76' lang='lat' dir='ltr'>Ordinar</span> 
     </span>
     <span class='ocr_line' id='line_1_15' title="bbox 102 1128 1819 1177; baseline 0.002 -14"><span class='ocrx_word' id='word_1_122' title='bbox 102 1129 171 1164; x_wconf 78' lang='lat' dir='ltr'>der</span> <span class='ocrx_word' id='word_1_123' title='bbox 207 1129 548 1175; x_wconf 61' lang='grc' dir='ltr'>ιῙῑινιῐείεηῖαωιῖίὲι·ί</span> <span class='ocrx_word' id='word_1_124' title='bbox 580 1128 626 1165; x_wconf 87' lang='lat' dir='ltr'>D.</span> <span class='ocrx_word' id='word_1_125' title='bbox 647 1129 799 1165; x_wconf 76' lang='lat' dir='ltr'>Jolmmz</span> <span class='ocrx_word' id='word_1_126' title='bbox 840 1140 909 1165; x_wconf 80' lang='lat' dir='ltr'>von</span> <span class='ocrx_word' id='word_1_127' title='bbox 948 1129 1209 1165; x_wconf 57' lang='lat' dir='ltr'>Breitenbacle.</span> <span class='ocrx_word' id='word_1_128' title='bbox 1248 1133 1594 1177; x_wconf 67' lang='lat' dir='ltr'>e7ztyeqerzqesetzt‚</span> <span class='ocrx_word' id='word_1_129' title='bbox 1642 1132 1710 1166; x_wconf 81' lang='lat' dir='ltr'>der</span> <span class='ocrx_word' id='word_1_130' title='bbox 1747 1133 1819 1167; x_wconf 81' lang='lat' dir='ltr'>den</span> 
     </span>
     <span class='ocr_line' id='line_1_16' title="bbox 102 1185 1819 1234; baseline 0.002 -15"><span class='ocrx_word' id='word_1_131' title='bbox 102 1185 215 1220; x_wconf 81' lang='lat' dir='ltr'>tollen</span> <span class='ocrx_word' id='word_1_132' title='bbox 246 1185 396 1231; x_wconf 79' lang='lat' dir='ltr'>Einfall</span> <span class='ocrx_word' id='word_1_133' title='bbox 434 1186 504 1220; x_wconf 58' lang='lat' dir='ltr'>fler</span> <span class='ocrx_word' id='word_1_134' title='bbox 533 1185 826 1221; x_wconf 65' lang='lat' dir='ltr'>Franziskcmer</span> <span class='ocrx_word' id='word_1_135' title='bbox 856 1196 925 1222; x_wconf 83' lang='lat' dir='ltr'>von</span> <span class='ocrx_word' id='word_1_136' title='bbox 961 1186 1030 1221; x_wconf 81' lang='lat' dir='ltr'>der</span> <span class='ocrx_word' id='word_1_137' title='bbox 1060 1186 1298 1231; x_wconf 78' lang='lat' dir='ltr'>zcnbeslelclen</span> <span class='ocrx_word' id='word_1_138' title='bbox 1331 1186 1586 1234; x_wconf 69' lang='lat' dir='ltr'>Empfc&#39;c&#39;nynis</span> <span class='ocrx_word' id='word_1_139' title='bbox 1616 1187 1744 1223; x_wconf 64' lang='lat' dir='ltr'>Maria</span> <span class='ocrx_word' id='word_1_140' title='bbox 1781 1190 1819 1223; x_wconf 80' lang='lat' dir='ltr'>in</span> 
     </span>
     <span class='ocr_line' id='line_1_17' title="bbox 102 1240 1818 1289; baseline 0.002 -14"><span class='ocrx_word' id='word_1_141' title='bbox 102 1242 208 1276; x_wconf 74' lang='lat' dir='ltr'>einer</span> <span class='ocrx_word' id='word_1_142' title='bbox 238 1240 530 1277; x_wconf 65' lang='lat' dir='ltr'>sak-ademisclzen</span> <span class='ocrx_word' id='word_1_143' title='bbox 564 1241 826 1288; x_wconf 74' lang='lat' dir='ltr'>Stree‘lsclzrift</span> <span class='ocrx_word' id='word_1_144' title='bbox 856 1242 1077 1289; x_wconf 66' lang='lat' dir='ltr'>vertleez&#39;dz&#39;yt</span> <span class='ocrx_word' id='word_1_145' title='bbox 1106 1242 1222 1278; x_wconf 77' lang='lat' dir='ltr'>hatte.</span> <span class='ocrx_word' id='word_1_146' title='bbox 1289 1242 1426 1278; x_wconf 72' lang='lat' dir='ltr'>Dieser</span> <span class='ocrx_word' id='word_1_147' title='bbox 1458 1243 1574 1279; x_wconf 78' lang='lat' dir='ltr'>Streit</span> <span class='ocrx_word' id='word_1_148' title='bbox 1610 1245 1718 1280; x_wconf 72' lang='lat' dir='ltr'>ward</span> <span class='ocrx_word' id='word_1_149' title='bbox 1747 1255 1818 1280; x_wconf 81' lang='lat' dir='ltr'>me-</span> 
     </span>
     <span class='ocr_line' id='line_1_18' title="bbox 100 1296 1819 1345; baseline 0.002 -13"><span class='ocrx_word' id='word_1_150' title='bbox 100 1298 271 1343; x_wconf 69' lang='lat' dir='ltr'>niystens</span> <span class='ocrx_word' id='word_1_151' title='bbox 301 1309 370 1333; x_wconf 82' lang='lat' dir='ltr'>von</span> <span class='ocrx_word' id='word_1_152' title='bbox 405 1296 537 1332; x_wconf 75' lang='lat' dir='ltr'>Orters</span> <span class='ocrx_word' id='word_1_153' title='bbox 568 1297 668 1332; x_wconf 74' lang='lat' dir='ltr'>Seite</span> <span class='ocrx_word' id='word_1_154' title='bbox 698 1300 761 1333; x_wconf 78' lang='lat' dir='ltr'>mil</span> <span class='ocrx_word' id='word_1_155' title='bbox 793 1299 909 1334; x_wconf 77' lang='lat' dir='ltr'>vieler</span> <span class='ocrx_word' id='word_1_156' title='bbox 929 1298 1152 1345; x_wconf 69' lang='lat' dir='ltr'>Miissiyuny</span> <span class='ocrx_word' id='word_1_157' title='bbox 1180 1298 1382 1345; x_wconf 60' lang='lat' dir='ltr'>aefi&#39;clzret,</span> <span class='ocrx_word' id='word_1_158' title='bbox 1414 1309 1453 1335; x_wconf 80' lang='lat' dir='ltr'>so</span> <span class='ocrx_word' id='word_1_159' title='bbox 1488 1297 1570 1343; x_wconf 65' lang='lat' dir='ltr'>[las]</span> <span class='ocrx_word' id='word_1_160' title='bbox 1600 1301 1673 1335; x_wconf 69' lang='lat' dir='ltr'>ilem</span> <span class='ocrx_word' id='word_1_161' title='bbox 1704 1301 1819 1336; x_wconf 76' lang='lat' dir='ltr'>selbst</span> 
     </span>
     <span class='ocr_line' id='line_1_19' title="bbox 100 1352 1817 1402; baseline 0.003 -15"><span class='ocrx_word' id='word_1_162' title='bbox 100 1355 158 1388; x_wconf 74' lang='lat' dir='ltr'>ein</span> <span class='ocrx_word' id='word_1_163' title='bbox 189 1353 482 1388; x_wconf 69' lang='lat' dir='ltr'>Frcmzislcaner</span> <span class='ocrx_word' id='word_1_164' title='bbox 505 1352 618 1388; x_wconf 74' lang='lat' dir='ltr'>Peter</span> <span class='ocrx_word' id='word_1_165' title='bbox 648 1365 717 1389; x_wconf 82' lang='lat' dir='ltr'>von</span> <span class='ocrx_word' id='word_1_166' title='bbox 743 1353 837 1390; x_wconf 79' lang='grc' dir='ltr'><em>Αίυα</em></span> <span class='ocrx_word' id='word_1_167' title='bbox 869 1355 940 1390; x_wconf 79' lang='lat' dir='ltr'>das</span> <span class='ocrx_word' id='word_1_168' title='bbox 970 1355 1181 1390; x_wconf 70' lang='lat' dir='ltr'>rizlzmliclze</span> <span class='ocrx_word' id='word_1_169' title='bbox 1207 1355 1369 1401; x_wconf 64' lang='lat' dir='ltr'>Zeuym&#39;s</span> <span class='ocrx_word' id='word_1_170' title='bbox 1397 1356 1517 1402; x_wconf 64' lang='lat' dir='ltr'>ychen</span> <span class='ocrx_word' id='word_1_171' title='bbox 1548 1354 1659 1400; x_wconf 73' lang='lat' dir='ltr'>mzcss:</span> <span class='ocrx_word' id='word_1_172' title='bbox 1689 1356 1817 1402; x_wconf 78' lang='lat' dir='ltr'>„scri--</span> 
     </span>
     <span class='ocr_line' id='line_1_20' title="bbox 99 1407 1820 1460; baseline 0.003 -16"><span class='ocrx_word' id='word_1_173' title='bbox 99 1408 179 1458; x_wconf 89' lang='lat' dir='ltr'>psit</span> <span class='ocrx_word' id='word_1_174' title='bbox 207 1413 368 1446; x_wconf 83' lang='lat' dir='ltr'>sensate</span> <span class='ocrx_word' id='word_1_175' title='bbox 401 1414 440 1445; x_wconf 88' lang='lat' dir='ltr'>et</span> <span class='ocrx_word' id='word_1_176' title='bbox 469 1407 649 1446; x_wconf 85' lang='lat' dir='ltr'>modeste</span> <span class='ocrx_word' id='word_1_177' title='bbox 679 1409 776 1445; x_wconf 85' lang='lat' dir='ltr'>satis</span> <span class='ocrx_word' id='word_1_178' title='bbox 806 1422 878 1459; x_wconf 90' lang='lat' dir='ltr'>pro</span> <span class='ocrx_word' id='word_1_179' title='bbox 909 1422 982 1446; x_wconf 87' lang='lat' dir='ltr'>sua</span> <span class='ocrx_word' id='word_1_180' title='bbox 1003 1409 1215 1459; x_wconf 84' lang='lat' dir='ltr'>opinione,</span> <span class='ocrx_word' id='word_1_181' title='bbox 1248 1409 1519 1460; x_wconf 86' lang='lat' dir='ltr'>relinquendo</span> <span class='ocrx_word' id='word_1_182' title='bbox 1541 1418 1758 1450; x_wconf 86' lang='lat' dir='ltr'>scommata</span> <span class='ocrx_word' id='word_1_183' title='bbox 1780 1417 1820 1450; x_wconf 92' lang='lat' dir='ltr'>et</span> 
     </span>
     <span class='ocr_line' id='line_1_21' title="bbox 98 1464 1819 1516; baseline 0.002 -15"><span class='ocrx_word' id='word_1_184' title='bbox 98 1464 332 1502; x_wconf 88' lang='lat' dir='ltr'>convicia“.</span> <span class='ocrx_word' id='word_1_185' title='bbox 381 1465 570 1515; x_wconf 81' lang='lat' dir='ltr'>Exempli</span> <span class='ocrx_word' id='word_1_186' title='bbox 591 1478 698 1502; x_wconf 88' lang='lat' dir='ltr'>anno</span> <span class='ocrx_word' id='word_1_187' title='bbox 726 1465 846 1503; x_wconf 79' lang='lat'>1490.</span> <span class='ocrx_word' id='word_1_188' title='bbox 869 1465 1018 1516; x_wconf 81' lang='lat' dir='ltr'>Lipsiae</span> <span class='ocrx_word' id='word_1_189' title='bbox 1041 1465 1081 1502; x_wconf 93' lang='lat' dir='ltr'>in</span> <span class='ocrx_word' id='word_1_190' title='bbox 1103 1465 1161 1503; x_wconf 81' lang='lat'>40.</span> <span class='ocrx_word' id='word_1_191' title='bbox 1185 1466 1283 1503; x_wconf 89' lang='lat' dir='ltr'>editi</span> <span class='ocrx_word' id='word_1_192' title='bbox 1304 1479 1383 1503; x_wconf 90' lang='lat' dir='ltr'>sec.</span> <span class='ocrx_word' id='word_1_193' title='bbox 1406 1466 1530 1504; x_wconf 87' lang='lat' dir='ltr'>Hain.</span> <span class='ocrx_word' id='word_1_194' title='bbox 1552 1467 1579 1504; x_wconf 89' lang='lat' dir='ltr'>l.</span> <span class='ocrx_word' id='word_1_195' title='bbox 1598 1481 1630 1505; x_wconf 91' lang='lat' dir='ltr'>c.</span> <span class='ocrx_word' id='word_1_196' title='bbox 1652 1467 1737 1505; x_wconf 82' lang='lat' dir='ltr'>haec</span> <span class='ocrx_word' id='word_1_197' title='bbox 1759 1474 1819 1506; x_wconf 88' lang='lat' dir='ltr'>est</span> 
     </span>
     <span class='ocr_line' id='line_1_22' title="bbox 98 1520 1816 1572; baseline 0.002 -15"><span class='ocrx_word' id='word_1_198' title='bbox 98 1521 308 1571; x_wconf 85' lang='lat' dir='ltr'>inscriptio</span> <span class='ocrx_word' id='word_1_199' title='bbox 343 1520 564 1572; x_wconf 83' lang='lat' dir='ltr'>‘Repetitio</span> <span class='ocrx_word' id='word_1_200' title='bbox 597 1520 790 1559; x_wconf 73' lang='lat' dir='ltr'>fabulosae</span> <span class='ocrx_word' id='word_1_201' title='bbox 822 1522 1065 1559; x_wconf 82' lang='lat' dir='ltr'>narrationis</span> <span class='ocrx_word' id='word_1_202' title='bbox 1096 1535 1185 1572; x_wconf 83' lang='lat' dir='ltr'>quae</span> <span class='ocrx_word' id='word_1_203' title='bbox 1215 1522 1315 1559; x_wconf 87' lang='lat' dir='ltr'>alias</span> <span class='ocrx_word' id='word_1_204' title='bbox 1347 1522 1396 1560; x_wconf 87' lang='lat' dir='ltr'>ab</span> <span class='ocrx_word' id='word_1_205' title='bbox 1429 1528 1592 1560; x_wconf 86' lang='lat' dir='ltr'>auctore</span> <span class='ocrx_word' id='word_1_206' title='bbox 1621 1537 1692 1561; x_wconf 91' lang='lat' dir='ltr'>suo</span> <span class='ocrx_word' id='word_1_207' title='bbox 1725 1525 1816 1562; x_wconf 89' lang='lat' dir='ltr'>inti-</span> 
     </span>
     <span class='ocr_line' id='line_1_23' title="bbox 96 1576 1818 1630; baseline 0.002 -16"><span class='ocrx_word' id='word_1_208' title='bbox 96 1577 249 1615; x_wconf 87' lang='lat' dir='ltr'>tulatur</span> <span class='ocrx_word' id='word_1_209' title='bbox 286 1576 453 1627; x_wconf 82' lang='lat' dir='ltr'>clypeus</span> <span class='ocrx_word' id='word_1_210' title='bbox 491 1582 631 1615; x_wconf 88' lang='lat' dir='ltr'>contra</span> <span class='ocrx_word' id='word_1_211' title='bbox 662 1578 793 1616; x_wconf 88' lang='lat' dir='ltr'>iacula</span> <span class='ocrx_word' id='word_1_212' title='bbox 824 1578 866 1615; x_wconf 87' lang='lat' dir='ltr'>in</span> <span class='ocrx_word' id='word_1_213' title='bbox 903 1591 1057 1616; x_wconf 87' lang='lat' dir='ltr'>sacram</span> <span class='ocrx_word' id='word_1_214' title='bbox 1088 1592 1134 1616; x_wconf 86' lang='lat' dir='ltr'>ac</span> <span class='ocrx_word' id='word_1_215' title='bbox 1164 1578 1458 1617; x_wconf 89' lang='lat' dir='ltr'>immaculatam</span> <span class='ocrx_word' id='word_1_216' title='bbox 1490 1580 1661 1630; x_wconf 87' lang='lat' dir='ltr'>virginis</span> <span class='ocrx_word' id='word_1_217' title='bbox 1690 1581 1818 1618; x_wconf 87' lang='lat' dir='ltr'>Marie</span> 
     </span>
     <span class='ocr_line' id='line_1_24' title="bbox 97 1633 1815 1685; baseline 0.002 -15"><span class='ocrx_word' id='word_1_218' title='bbox 97 1634 405 1683; x_wconf 85' lang='lat' dir='ltr'>conceptionem</span> <span class='ocrx_word' id='word_1_219' title='bbox 442 1634 662 1672; x_wconf 84' lang='lat' dir='ltr'>volitancia</span> <span class='ocrx_word' id='word_1_220' title='bbox 698 1648 770 1684; x_wconf 91' lang='lat' dir='ltr'>per</span> <span class='ocrx_word' id='word_1_221' title='bbox 806 1634 971 1673; x_wconf 88' lang='lat' dir='ltr'>fratrem</span> <span class='ocrx_word' id='word_1_222' title='bbox 1003 1634 1225 1685; x_wconf 79' lang='lat' dir='ltr'>Georgium</span> <span class='ocrx_word' id='word_1_223' title='bbox 1257 1633 1495 1685; x_wconf 89' lang='lat' dir='ltr'>(Orterium)</span> <span class='ocrx_word' id='word_1_224' title='bbox 1541 1636 1590 1674; x_wconf 86' lang='lat' dir='ltr'>de</span> <span class='ocrx_word' id='word_1_225' title='bbox 1621 1636 1815 1674; x_wconf 90' lang='lat' dir='ltr'>Fricken-</span> 
     </span>
     <span class='ocr_line' id='line_1_25' title="bbox 95 1689 879 1741; baseline 0.004 -15"><span class='ocrx_word' id='word_1_226' title='bbox 95 1689 252 1727; x_wconf 86' lang='lat' dir='ltr'>hausen</span> <span class='ocrx_word' id='word_1_227' title='bbox 285 1690 438 1728; x_wconf 85' lang='lat' dir='ltr'>ordinis</span> <span class='ocrx_word' id='word_1_228' title='bbox 470 1690 767 1741; x_wconf 87' lang='lat' dir='ltr'>predicatorum</span> <span class='ocrx_word' id='word_1_229' title='bbox 803 1696 879 1729; x_wconf 88' lang='lat' dir='ltr'>etc.</span> 
     </span>
    </p>
   </div>
   <div class='ocr_carea' id='block_1_5' title="bbox 184 1766 1815 1868">
    <p class='ocr_par' dir='ltr' id='par_1_5' title="bbox 184 1766 1815 1868">
     <span class='ocr_line' id='line_1_26' title="bbox 187 1766 1815 1813; baseline 0.004 -16"><span class='ocrx_word' id='word_1_230' title='bbox 187 1766 219 1806; x_wconf 89' lang='lat'>1)</span> <span class='ocrx_word' id='word_1_231' title='bbox 239 1766 337 1797; x_wconf 80' lang='lat' dir='ltr'>Hain</span> <span class='ocrx_word' id='word_1_232' title='bbox 361 1767 550 1809; x_wconf 81' lang='lat' dir='ltr'>Repertor,</span> <span class='ocrx_word' id='word_1_233' title='bbox 575 1778 672 1799; x_wconf 89' lang='lat' dir='ltr'>num.</span> <span class='ocrx_word' id='word_1_234' title='bbox 691 1769 790 1800; x_wconf 76' lang='lat'>5472.</span> <span class='ocrx_word' id='word_1_235' title='bbox 919 1767 954 1810; x_wconf 81' lang='lat'>2)</span> <span class='ocrx_word' id='word_1_236' title='bbox 978 1769 1180 1810; x_wconf 62' lang='lat' dir='ltr'>Fragmenta&gt;</span> <span class='ocrx_word' id='word_1_237' title='bbox 1205 1780 1265 1801; x_wconf 76' lang='lat' dir='ltr'>zur</span> <span class='ocrx_word' id='word_1_238' title='bbox 1290 1770 1483 1801; x_wconf 76' lang='lat' dir='ltr'>Geselzielzte</span> <span class='ocrx_word' id='word_1_239' title='bbox 1508 1771 1624 1812; x_wconf 79' lang='lat' dir='ltr'>Leipz.</span> <span class='ocrx_word' id='word_1_240' title='bbox 1646 1771 1671 1803; x_wconf 90' lang='lat' dir='ltr'>I.</span> <span class='ocrx_word' id='word_1_241' title='bbox 1691 1782 1723 1813; x_wconf 86' lang='lat' dir='ltr'>p.</span> <span class='ocrx_word' id='word_1_242' title='bbox 1742 1773 1815 1806; x_wconf 82' lang='lat'>118,</span> 
     </span>
     <span class='ocr_line' id='line_1_27' title="bbox 184 1822 1635 1868; baseline 0.002 -13"><span class='ocrx_word' id='word_1_243' title='bbox 184 1822 217 1862; x_wconf 85' lang='lat'>3)</span> <span class='ocrx_word' id='word_1_244' title='bbox 238 1823 335 1854; x_wconf 83' lang='lat' dir='ltr'>Hain</span> <span class='ocrx_word' id='word_1_245' title='bbox 353 1828 402 1854; x_wconf 79' lang='lat' dir='ltr'>n0.</span> <span class='ocrx_word' id='word_1_246' title='bbox 424 1825 542 1858; x_wconf 73' lang='lat'>12107.</span> <span class='ocrx_word' id='word_1_247' title='bbox 561 1834 612 1865; x_wconf 89' lang='lat' dir='ltr'>sq.</span> <span class='ocrx_word' id='word_1_248' title='bbox 659 1823 802 1857; x_wconf 86' lang='lat' dir='ltr'>Panzer</span> <span class='ocrx_word' id='word_1_249' title='bbox 819 1824 910 1860; x_wconf 78' lang='lat' dir='ltr'>Ann,</span> <span class='ocrx_word' id='word_1_250' title='bbox 930 1827 1004 1867; x_wconf 85' lang='lat' dir='ltr'>typ.</span> <span class='ocrx_word' id='word_1_251' title='bbox 1023 1826 1052 1857; x_wconf 93' lang='grc' dir='ltr'>Ι.</span> <span class='ocrx_word' id='word_1_252' title='bbox 1070 1836 1104 1867; x_wconf 89' lang='lat' dir='ltr'>p.</span> <span class='ocrx_word' id='word_1_253' title='bbox 1122 1825 1198 1857; x_wconf 84' lang='lat'>475.</span> <span class='ocrx_word' id='word_1_254' title='bbox 1218 1829 1267 1860; x_wconf 71' lang='grc' dir='ltr'>ΠΟ,</span> <span class='ocrx_word' id='word_1_255' title='bbox 1286 1826 1339 1857; x_wconf 77' lang='lat'>25.</span> <span class='ocrx_word' id='word_1_256' title='bbox 1366 1837 1399 1868; x_wconf 92' lang='lat' dir='ltr'>p.</span> <span class='ocrx_word' id='word_1_257' title='bbox 1418 1827 1496 1861; x_wconf 89' lang='grc'><strong>476.</strong></span> <span class='ocrx_word' id='word_1_258' title='bbox 1514 1831 1562 1861; x_wconf 82' lang='lat' dir='ltr'>n0.</span> <span class='ocrx_word' id='word_1_259' title='bbox 1582 1828 1635 1862; x_wconf 72' lang='lat'>28.</span> 
     </span>
    </p>
   </div>
   <div class='ocr_carea' id='block_1_6' title="bbox 96 1904 803 1943">
    <p class='ocr_par' dir='ltr' id='par_1_6' title="bbox 96 1904 803 1943">
     <span class='ocr_line' id='line_1_28' title="bbox 96 1904 803 1943; baseline 0.004 -3"><span class='ocrx_word' id='word_1_260' title='bbox 96 1910 394 1942; x_wconf 83' lang='lat' dir='ltr'>COLLIMITIVS</span> <span class='ocrx_word' id='word_1_261' title='bbox 427 1907 497 1942; x_wconf 75' lang='lat' dir='ltr'>vid.</span> <span class='ocrx_word' id='word_1_262' title='bbox 524 1904 803 1943; x_wconf 76' lang='lat' dir='ltr'>Tannstetter.</span> 
     </span>
    </p>
   </div>
   <div class='ocr_carea' id='block_1_7' title="bbox 89 1992 1815 2666">
    <p class='ocr_par' dir='ltr' id='par_1_7' title="bbox 89 1992 1815 2666">
     <span class='ocr_line' id='line_1_29' title="bbox 95 1992 1814 2047; baseline 0.003 -17"><span class='ocrx_word' id='word_1_263' title='bbox 95 2000 446 2031; x_wconf 81' lang='lat' dir='ltr'><strong>COMBIBILATOR</strong></span> <span class='ocrx_word' id='word_1_264' title='bbox 471 1992 521 2042; x_wconf 87' lang='lat' dir='ltr'>(p.</span> <span class='ocrx_word' id='word_1_265' title='bbox 538 1993 618 2044; x_wconf 75' lang='lat'>52⁷)</span> <span class='ocrx_word' id='word_1_266' title='bbox 642 1995 668 2032; x_wconf 91' lang='lat' dir='ltr'>i.</span> <span class='ocrx_word' id='word_1_267' title='bbox 687 2008 721 2033; x_wconf 90' lang='lat' dir='ltr'>e.</span> <span class='ocrx_word' id='word_1_268' title='bbox 745 2000 884 2033; x_wconf 86' lang='lat' dir='ltr'>auctor</span> <span class='ocrx_word' id='word_1_269' title='bbox 911 1995 1022 2033; x_wconf 80' lang='lat' dir='ltr'>‘libri</span> <span class='ocrx_word' id='word_1_270' title='bbox 1043 1995 1164 2033; x_wconf 85' lang='lat' dir='ltr'>valde</span> <span class='ocrx_word' id='word_1_271' title='bbox 1195 1995 1404 2043; x_wconf 86' lang='lat' dir='ltr'>notabilis,</span> <span class='ocrx_word' id='word_1_272' title='bbox 1439 1997 1508 2047; x_wconf 85' lang='lat' dir='ltr'>qui</span> <span class='ocrx_word' id='word_1_273' title='bbox 1533 1997 1677 2035; x_wconf 87' lang='lat' dir='ltr'>dicitur</span> <span class='ocrx_word' id='word_1_274' title='bbox 1700 1997 1814 2036; x_wconf 84' lang='lat' dir='ltr'>Com-</span> 
     </span>
     <span class='ocr_line' id='line_1_30' title="bbox 93 2049 1815 2105; baseline 0.003 -18"><span class='ocrx_word' id='word_1_275' title='bbox 93 2049 371 2097; x_wconf 86' lang='lat' dir='ltr'>bibilationes‚</span> <span class='ocrx_word' id='word_1_276' title='bbox 405 2051 475 2101; x_wconf 87' lang='lat' dir='ltr'>qui</span> <span class='ocrx_word' id='word_1_277' title='bbox 506 2051 626 2088; x_wconf 87' lang='lat' dir='ltr'>etiam</span> <span class='ocrx_word' id='word_1_278' title='bbox 657 2052 838 2089; x_wconf 86' lang='lat' dir='ltr'>continet</span> <span class='ocrx_word' id='word_1_279' title='bbox 869 2052 1104 2089; x_wconf 78' lang='lat' dir='ltr'>autoritates</span> <span class='ocrx_word' id='word_1_280' title='bbox 1136 2052 1178 2088; x_wconf 92' lang='lat' dir='ltr'>in</span> <span class='ocrx_word' id='word_1_281' title='bbox 1208 2052 1416 2102; x_wconf 82' lang='lat' dir='ltr'>theologia</span> <span class='ocrx_word' id='word_1_282' title='bbox 1447 2059 1486 2090; x_wconf 85' lang='lat' dir='ltr'>et</span> <span class='ocrx_word' id='word_1_283' title='bbox 1514 2054 1642 2103; x_wconf 88' lang='lat' dir='ltr'>prima</span> <span class='ocrx_word' id='word_1_284' title='bbox 1666 2055 1815 2105; x_wconf 87' lang='lat' dir='ltr'>princi-</span> 
     </span>
     <span class='ocr_line' id='line_1_31' title="bbox 97 2105 1814 2160; baseline 0.003 -17"><span class='ocrx_word' id='word_1_285' title='bbox 97 2107 164 2157; x_wconf 84' lang='lat' dir='ltr'>pia</span> <span class='ocrx_word' id='word_1_286' title='bbox 194 2120 317 2144; x_wconf 80' lang='lat' dir='ltr'>sacrae</span> <span class='ocrx_word' id='word_1_287' title='bbox 347 2108 574 2157; x_wconf 80' lang='lat' dir='ltr'>scripturae’</span> <span class='ocrx_word' id='word_1_288' title='bbox 600 2105 650 2155; x_wconf 86' lang='lat' dir='ltr'>(p.</span> <span class='ocrx_word' id='word_1_289' title='bbox 667 2106 769 2157; x_wconf 59' lang='lat'>473),</span> <span class='ocrx_word' id='word_1_290' title='bbox 814 2108 931 2158; x_wconf 86' lang='lat' dir='ltr'>‘quas</span> <span class='ocrx_word' id='word_1_291' title='bbox 962 2109 1143 2158; x_wconf 81' lang='lat' dir='ltr'>magistri</span> <span class='ocrx_word' id='word_1_292' title='bbox 1178 2109 1305 2146; x_wconf 82' lang='lat' dir='ltr'>nostri</span> <span class='ocrx_word' id='word_1_293' title='bbox 1335 2115 1544 2147; x_wconf 88' lang='lat' dir='ltr'>resumunt</span> <span class='ocrx_word' id='word_1_294' title='bbox 1574 2124 1646 2160; x_wconf 86' lang='lat' dir='ltr'>per</span> <span class='ocrx_word' id='word_1_295' title='bbox 1677 2125 1814 2149; x_wconf 85' lang='lat' dir='ltr'>omnes</span> 
     </span>
     <span class='ocr_line' id='line_1_32' title="bbox 95 2163 1812 2218; baseline 0.003 -18"><span class='ocrx_word' id='word_1_296' title='bbox 95 2163 303 2213; x_wconf 84' lang='lat' dir='ltr'>regiones,</span> <span class='ocrx_word' id='word_1_297' title='bbox 337 2164 557 2214; x_wconf 67' lang='lat' dir='ltr'>praesertim</span> <span class='ocrx_word' id='word_1_298' title='bbox 589 2164 630 2200; x_wconf 90' lang='lat' dir='ltr'>in</span> <span class='ocrx_word' id='word_1_299' title='bbox 661 2164 870 2202; x_wconf 87' lang='lat' dir='ltr'>Parrhisia</span> <span class='ocrx_word' id='word_1_300' title='bbox 902 2193 910 2201; x_wconf 90' lang='lat'>.</span> <span class='ocrx_word' id='word_1_301' title='bbox 936 2195 943 2202; x_wconf 92' lang='lat'>.</span> <span class='ocrx_word' id='word_1_302' title='bbox 977 2170 1016 2201; x_wconf 88' lang='lat' dir='ltr'>et</span> <span class='ocrx_word' id='word_1_303' title='bbox 1046 2164 1088 2201; x_wconf 87' lang='lat' dir='ltr'>in</span> <span class='ocrx_word' id='word_1_304' title='bbox 1121 2163 1308 2211; x_wconf 85' lang='lat' dir='ltr'>Colonia,</span> <span class='ocrx_word' id='word_1_305' title='bbox 1343 2165 1412 2203; x_wconf 92' lang='lat' dir='ltr'>ubi</span> <span class='ocrx_word' id='word_1_306' title='bbox 1443 2179 1575 2216; x_wconf 87' lang='lat' dir='ltr'>nuper</span> <span class='ocrx_word' id='word_1_307' title='bbox 1604 2168 1812 2218; x_wconf 86' lang='lat' dir='ltr'>magistra-</span> 
     </span>
     <span class='ocr_line' id='line_1_33' title="bbox 94 2219 1812 2271; baseline 0.003 -15"><span class='ocrx_word' id='word_1_308' title='bbox 94 2219 188 2257; x_wconf 89' lang='lat' dir='ltr'>liter</span> <span class='ocrx_word' id='word_1_309' title='bbox 218 2225 277 2257; x_wconf 84' lang='lat' dir='ltr'>est</span> <span class='ocrx_word' id='word_1_310' title='bbox 307 2219 521 2270; x_wconf 87' lang='lat' dir='ltr'>probatum</span> <span class='ocrx_word' id='word_1_311' title='bbox 553 2249 561 2257; x_wconf 89' lang='lat'>.</span> <span class='ocrx_word' id='word_1_312' title='bbox 587 2250 595 2258; x_wconf 93' lang='lat'>.</span> <span class='ocrx_word' id='word_1_313' title='bbox 621 2251 628 2257; x_wconf 93' lang='lat'>.</span> <span class='ocrx_word' id='word_1_314' title='bbox 655 2251 662 2258; x_wconf 96' lang='lat'>.</span> <span class='ocrx_word' id='word_1_315' title='bbox 694 2221 803 2271; x_wconf 85' lang='lat' dir='ltr'>quod</span> <span class='ocrx_word' id='word_1_316' title='bbox 834 2221 958 2258; x_wconf 91' lang='lat' dir='ltr'>multo</span> <span class='ocrx_word' id='word_1_317' title='bbox 996 2220 1139 2258; x_wconf 87' lang='lat' dir='ltr'>melius</span> <span class='ocrx_word' id='word_1_318' title='bbox 1172 2227 1232 2259; x_wconf 87' lang='lat' dir='ltr'>est</span> <span class='ocrx_word' id='word_1_319' title='bbox 1262 2222 1363 2259; x_wconf 89' lang='lat' dir='ltr'>scire</span> <span class='ocrx_word' id='word_1_320' title='bbox 1393 2222 1489 2260; x_wconf 84' lang='lat' dir='ltr'>istas</span> <span class='ocrx_word' id='word_1_321' title='bbox 1521 2223 1812 2262; x_wconf 90' lang='lat' dir='ltr'>combibilatio-</span> 
     </span>
     <span class='ocr_line' id='line_1_34' title="bbox 93 2277 1814 2331; baseline 0.003 -19"><span class='ocrx_word' id='word_1_322' title='bbox 93 2289 164 2313; x_wconf 87' lang='lat' dir='ltr'>nes</span> <span class='ocrx_word' id='word_1_323' title='bbox 187 2307 195 2315; x_wconf 95' lang='lat'>.</span> <span class='ocrx_word' id='word_1_324' title='bbox 222 2305 250 2322; x_wconf 88' lang='lat'>.,</span> <span class='ocrx_word' id='word_1_325' title='bbox 299 2289 418 2326; x_wconf 84' lang='lat' dir='ltr'>quam</span> <span class='ocrx_word' id='word_1_326' title='bbox 457 2282 592 2314; x_wconf 85' lang='lat' dir='ltr'>mente</span> <span class='ocrx_word' id='word_1_327' title='bbox 623 2282 742 2314; x_wconf 86' lang='lat' dir='ltr'>tenus</span> <span class='ocrx_word' id='word_1_328' title='bbox 784 2277 887 2315; x_wconf 86' lang='lat' dir='ltr'>scire</span> <span class='ocrx_word' id='word_1_329' title='bbox 918 2277 1215 2328; x_wconf 87' lang='lat' dir='ltr'>Hieronymum</span> <span class='ocrx_word' id='word_1_330' title='bbox 1248 2283 1288 2315; x_wconf 90' lang='lat' dir='ltr'>et</span> <span class='ocrx_word' id='word_1_331' title='bbox 1317 2277 1610 2328; x_wconf 86' lang='lat' dir='ltr'>Augustinum,</span> <span class='ocrx_word' id='word_1_332' title='bbox 1645 2311 1653 2318; x_wconf 91' lang='lat'>.</span> <span class='ocrx_word' id='word_1_333' title='bbox 1679 2311 1685 2317; x_wconf 92' lang='lat'>.</span> <span class='ocrx_word' id='word_1_334' title='bbox 1719 2282 1814 2331; x_wconf 88' lang='lat' dir='ltr'>quia</span> 
     </span>
     <span class='ocr_line' id='line_1_35' title="bbox 92 2331 1814 2387; baseline 0.003 -18"><span class='ocrx_word' id='word_1_335' title='bbox 92 2331 440 2370; x_wconf 85' lang='lat' dir='ltr'>combibilationes</span> <span class='ocrx_word' id='word_1_336' title='bbox 479 2338 574 2370; x_wconf 89' lang='lat' dir='ltr'>sunt</span> <span class='ocrx_word' id='word_1_337' title='bbox 608 2333 759 2383; x_wconf 84' lang='lat' dir='ltr'>optima</span> <span class='ocrx_word' id='word_1_338' title='bbox 794 2333 981 2380; x_wconf 86' lang='lat' dir='ltr'>materia,</span> <span class='ocrx_word' id='word_1_339' title='bbox 1022 2347 1094 2371; x_wconf 88' lang='lat' dir='ltr'>ceu</span> <span class='ocrx_word' id='word_1_340' title='bbox 1132 2334 1341 2384; x_wconf 87' lang='lat' dir='ltr'>disputant</span> <span class='ocrx_word' id='word_1_341' title='bbox 1372 2335 1553 2385; x_wconf 85' lang='lat' dir='ltr'>magistri</span> <span class='ocrx_word' id='word_1_342' title='bbox 1585 2337 1711 2373; x_wconf 84' lang='lat' dir='ltr'>nostri</span> <span class='ocrx_word' id='word_1_343' title='bbox 1741 2350 1814 2387; x_wconf 91' lang='lat' dir='ltr'>per</span> 
     </span>
     <span class='ocr_line' id='line_1_36' title="bbox 92 2387 1813 2444; baseline 0.003 -18"><span class='ocrx_word' id='word_1_344' title='bbox 92 2389 227 2426; x_wconf 88' lang='lat' dir='ltr'>omnia</span> <span class='ocrx_word' id='word_1_345' title='bbox 246 2390 512 2427; x_wconf 85' lang='lat' dir='ltr'>monasteria&#39;</span> <span class='ocrx_word' id='word_1_346' title='bbox 537 2395 611 2427; x_wconf 88' lang='lat' dir='ltr'>etc.</span> <span class='ocrx_word' id='word_1_347' title='bbox 638 2387 688 2438; x_wconf 88' lang='lat' dir='ltr'>(p.</span> <span class='ocrx_word' id='word_1_348' title='bbox 704 2388 792 2439; x_wconf 57' lang='lat'>48).</span> <span class='ocrx_word' id='word_1_349' title='bbox 855 2389 999 2428; x_wconf 84' lang='lat' dir='ltr'>Crotus</span> <span class='ocrx_word' id='word_1_350' title='bbox 1030 2390 1117 2427; x_wconf 86' lang='lat' dir='ltr'>haec</span> <span class='ocrx_word' id='word_1_351' title='bbox 1146 2391 1231 2428; x_wconf 83' lang='lat' dir='ltr'>sive</span> <span class='ocrx_word' id='word_1_352' title='bbox 1263 2404 1313 2428; x_wconf 84' lang='lat' dir='ltr'>ex</span> <span class='ocrx_word' id='word_1_353' title='bbox 1340 2391 1496 2441; x_wconf 87' lang='lat' dir='ltr'>volgari</span> <span class='ocrx_word' id='word_1_354' title='bbox 1524 2405 1598 2429; x_wconf 90' lang='lat' dir='ltr'>usu</span> <span class='ocrx_word' id='word_1_355' title='bbox 1619 2393 1705 2430; x_wconf 88' lang='lat' dir='ltr'>sive</span> <span class='ocrx_word' id='word_1_356' title='bbox 1726 2394 1813 2444; x_wconf 86' lang='lat' dir='ltr'>ipse</span> 
     </span>
     <span class='ocr_line' id='line_1_37' title="bbox 89 2445 1812 2499; baseline 0.003 -17"><span class='ocrx_word' id='word_1_357' title='bbox 89 2445 261 2495; x_wconf 89' lang='lat' dir='ltr'>primum</span> <span class='ocrx_word' id='word_1_358' title='bbox 291 2446 348 2483; x_wconf 83' lang='lat' dir='ltr'>ita</span> <span class='ocrx_word' id='word_1_359' title='bbox 380 2445 645 2484; x_wconf 82' lang='lat' dir='ltr'>Oolonialiter</span> <span class='ocrx_word' id='word_1_360' title='bbox 681 2445 912 2485; x_wconf 86' lang='lat' dir='ltr'>balbutiens</span> <span class='ocrx_word' id='word_1_361' title='bbox 943 2447 1109 2485; x_wconf 90' lang='lat' dir='ltr'>nomina</span> <span class='ocrx_word' id='word_1_362' title='bbox 1142 2446 1391 2497; x_wconf 87' lang='lat' dir='ltr'>Compilator</span> <span class='ocrx_word' id='word_1_363' title='bbox 1422 2454 1461 2485; x_wconf 90' lang='lat' dir='ltr'>et</span> <span class='ocrx_word' id='word_1_364' title='bbox 1494 2447 1812 2499; x_wconf 83' lang='lat' dir='ltr'>Compilationes</span> 
     </span>
     <span class='ocr_line' id='line_1_38' title="bbox 90 2502 1811 2556; baseline 0.003 -18"><span class='ocrx_word' id='word_1_365' title='bbox 90 2502 287 2552; x_wconf 83' lang='lat' dir='ltr'>corrupit,</span> <span class='ocrx_word' id='word_1_366' title='bbox 329 2507 373 2539; x_wconf 88' lang='lat' dir='ltr'>ut</span> <span class='ocrx_word' id='word_1_367' title='bbox 403 2502 690 2540; x_wconf 88' lang='lat' dir='ltr'>monachorum</span> <span class='ocrx_word' id='word_1_368' title='bbox 726 2503 939 2541; x_wconf 88' lang='lat' dir='ltr'>libidinem</span> <span class='ocrx_word' id='word_1_369' title='bbox 968 2503 1086 2541; x_wconf 89' lang='lat' dir='ltr'>simul</span> <span class='ocrx_word' id='word_1_370' title='bbox 1118 2516 1206 2541; x_wconf 88' lang='lat' dir='ltr'>cum</span> <span class='ocrx_word' id='word_1_371' title='bbox 1238 2504 1470 2554; x_wconf 86' lang='lat' dir='ltr'>ignorantia</span> <span class='ocrx_word' id='word_1_372' title='bbox 1500 2506 1811 2556; x_wconf 86' lang='lat' dir='ltr'>perstringeret:</span> 
     </span>
     <span class='ocr_line' id='line_1_39' title="bbox 90 2556 1809 2610; baseline 0.003 -16"><span class='ocrx_word' id='word_1_373' title='bbox 90 2571 185 2595; x_wconf 87' lang='lat' dir='ltr'>nam</span> <span class='ocrx_word' id='word_1_374' title='bbox 205 2556 373 2595; x_wconf 89' lang='lat' dir='ltr'>bibilum</span> <span class='ocrx_word' id='word_1_375' title='bbox 398 2557 512 2607; x_wconf 81' lang='lat' dir='ltr'>(‘der</span> <span class='ocrx_word' id='word_1_376' title='bbox 533 2560 691 2606; x_wconf 69' lang='lat' dir='ltr'>Reppel’</span> <span class='ocrx_word' id='word_1_377' title='bbox 724 2560 810 2597; x_wconf 89' lang='lat' dir='ltr'>sive</span> <span class='ocrx_word' id='word_1_378' title='bbox 844 2562 932 2596; x_wconf 75' lang='lat' dir='ltr'>‘clas</span> <span class='ocrx_word' id='word_1_379' title='bbox 954 2561 1084 2607; x_wconf 69' lang='lat' dir='ltr'>Pz‘pel&#39;</span> <span class='ocrx_word' id='word_1_380' title='bbox 1102 2557 1134 2609; x_wconf 83' lang='lat'>¹)</span> <span class='ocrx_word' id='word_1_381' title='bbox 1159 2573 1306 2610; x_wconf 90' lang='lat' dir='ltr'>penem</span> <span class='ocrx_word' id='word_1_382' title='bbox 1328 2561 1541 2610; x_wconf 89' lang='lat' dir='ltr'>significat.</span> <span class='ocrx_word' id='word_1_383' title='bbox 1585 2562 1642 2599; x_wconf 89' lang='lat' dir='ltr'>ita</span> <span class='ocrx_word' id='word_1_384' title='bbox 1663 2563 1705 2599; x_wconf 92' lang='lat' dir='ltr'>in</span> <span class='ocrx_word' id='word_1_385' title='bbox 1727 2576 1809 2600; x_wconf 87' lang='lat' dir='ltr'>car-</span> 
     </span>
     <span class='ocr_line' id='line_1_40' title="bbox 91 2614 1610 2666; baseline 0.003 -15"><span class='ocrx_word' id='word_1_386' title='bbox 91 2614 199 2652; x_wconf 89' lang='lat' dir='ltr'>mine</span> <span class='ocrx_word' id='word_1_387' title='bbox 230 2615 334 2651; x_wconf 86' lang='lat' dir='ltr'>circa</span> <span class='ocrx_word' id='word_1_388' title='bbox 355 2628 391 2652; x_wconf 87' lang='lat' dir='ltr'>a.</span> <span class='ocrx_word' id='word_1_389' title='bbox 417 2616 535 2653; x_wconf 87' lang='lat'>1170.</span> <span class='ocrx_word' id='word_1_390' title='bbox 559 2616 708 2666; x_wconf 89' lang='lat' dir='ltr'>scripto</span> <span class='ocrx_word' id='word_1_391' title='bbox 743 2616 831 2653; x_wconf 76' lang='lat' dir='ltr'>‘das</span> <span class='ocrx_word' id='word_1_392' title='bbox 854 2615 1172 2664; x_wconf 73' lang='lat' dir='ltr'>Pfaffenlehcm’&#39;2</span> <span class='ocrx_word' id='word_1_393' title='bbox 1193 2629 1250 2651; x_wconf 90' lang='lat' dir='ltr'>vv.</span> <span class='ocrx_word' id='word_1_394' title='bbox 1269 2621 1321 2652; x_wconf 83' lang='grc'>65.</span> <span class='ocrx_word' id='word_1_395' title='bbox 1339 2630 1416 2661; x_wconf 83' lang='lat' dir='ltr'>sqq.</span> <span class='ocrx_word' id='word_1_396' title='bbox 1438 2617 1610 2655; x_wconf 84' lang='lat' dir='ltr'>habent:</span> 
     </span>
    </p>
   </div>
   <div class='ocr_carea' id='block_1_8' title="bbox 560 2692 1342 2893">
    <p class='ocr_par' dir='ltr' id='par_1_8' title="bbox 562 2692 1327 2789">
     <span class='ocr_line' id='line_1_41' title="bbox 562 2692 1327 2733; baseline 0.003 -11"><span class='ocrx_word' id='word_1_397' title='bbox 562 2692 622 2723; x_wconf 73' lang='lat' dir='ltr'>Ich</span> <span class='ocrx_word' id='word_1_398' title='bbox 646 2703 768 2728; x_wconf 71' lang='lat' dir='ltr'>wwne,</span> <span class='ocrx_word' id='word_1_399' title='bbox 795 2693 848 2723; x_wconf 78' lang='lat' dir='ltr'>die</span> <span class='ocrx_word' id='word_1_400' title='bbox 872 2692 1011 2733; x_wconf 79' lang='lat' dir='ltr'>plzaffen</span> <span class='ocrx_word' id='word_1_401' title='bbox 1036 2696 1093 2724; x_wconf 81' lang='lat' dir='ltr'>unt</span> <span class='ocrx_word' id='word_1_402' title='bbox 1118 2694 1171 2724; x_wconf 81' lang='lat' dir='ltr'>die</span> <span class='ocrx_word' id='word_1_403' title='bbox 1197 2703 1327 2724; x_wconf 64' lang='lat' dir='ltr'>mannen</span> 
     </span>
     <span class='ocr_line' id='line_1_42' title="bbox 628 2747 1201 2789; baseline 0.002 -11"><span class='ocrx_word' id='word_1_404' title='bbox 628 2749 682 2779; x_wconf 85' lang='lat' dir='ltr'>ein</span> <span class='ocrx_word' id='word_1_405' title='bbox 704 2749 869 2789; x_wconf 69' lang='lat' dir='ltr'>yemeine:</span> <span class='ocrx_word' id='word_1_406' title='bbox 895 2747 1012 2780; x_wconf 69' lang='lat' dir='ltr'>biwort</span> <span class='ocrx_word' id='word_1_407' title='bbox 1036 2748 1201 2785; x_wconf 68' lang='lat' dir='ltr'>channen,</span> 
     </span>
    </p>

    <p class='ocr_par' dir='ltr' id='par_1_9' title="bbox 560 2804 1342 2893">
     <span class='ocr_line' id='line_1_43' title="bbox 560 2804 1310 2845; baseline 0 -10"><span class='ocrx_word' id='word_1_408' title='bbox 560 2805 633 2835; x_wconf 82' lang='lat' dir='ltr'>Da:</span> <span class='ocrx_word' id='word_1_409' title='bbox 658 2807 707 2835; x_wconf 80' lang='lat' dir='ltr'>sie</span> <span class='ocrx_word' id='word_1_410' title='bbox 731 2805 911 2845; x_wconf 80' lang='lat' dir='ltr'>spreclzent</span> <span class='ocrx_word' id='word_1_411' title='bbox 937 2804 1031 2845; x_wconf 81' lang='lat' dir='ltr'>‘post</span> <span class='ocrx_word' id='word_1_412' title='bbox 1055 2805 1164 2845; x_wconf 81' lang='lat' dir='ltr'>pirum</span> <span class='ocrx_word' id='word_1_413' title='bbox 1188 2805 1310 2843; x_wconf 79' lang='lat' dir='ltr'>vinum,</span> 
     </span>
     <span class='ocr_line' id='line_1_44' title="bbox 627 2859 1342 2893; baseline 0.004 -3"><span class='ocrx_word' id='word_1_414' title='bbox 627 2861 712 2891; x_wconf 71' lang='lat' dir='ltr'>nac-ll</span> <span class='ocrx_word' id='word_1_415' title='bbox 736 2861 808 2892; x_wconf 81' lang='lat' dir='ltr'>dem</span> <span class='ocrx_word' id='word_1_416' title='bbox 832 2860 916 2892; x_wconf 78' lang='lat' dir='ltr'>wine</span> <span class='ocrx_word' id='word_1_417' title='bbox 940 2861 1027 2892; x_wconf 79' lang='lat' dir='ltr'>lzoert</span> <span class='ocrx_word' id='word_1_418' title='bbox 1050 2862 1112 2892; x_wconf 84' lang='lat' dir='ltr'>daz</span> <span class='ocrx_word' id='word_1_419' title='bbox 1137 2859 1342 2893; x_wconf 79' lang='lat' dir='ltr'>hibelinum&#39;.</span> 
     </span>
    </p>
   </div>
   <div class='ocr_carea' id='block_1_9' title="bbox 179 2994 1806 3092">
    <p class='ocr_par' dir='ltr' id='par_1_10' title="bbox 179 2994 1806 3092">
     <span class='ocr_line' id='line_1_45' title="bbox 182 2994 1806 3039; baseline 0.005 -14"><span class='ocrx_word' id='word_1_420' title='bbox 182 2994 214 3034; x_wconf 85' lang='lat'>1)</span> <span class='ocrx_word' id='word_1_421' title='bbox 239 2994 422 3027; x_wconf 76' lang='lat' dir='ltr'>Schnzeller</span> <span class='ocrx_word' id='word_1_422' title='bbox 445 2995 574 3036; x_wconf 69' lang='lat' dir='ltr'>Bayer.</span> <span class='ocrx_word' id='word_1_423' title='bbox 595 2994 684 3026; x_wconf 71' lang='lat' dir='ltr'>WB.</span> <span class='ocrx_word' id='word_1_424' title='bbox 708 2995 736 3027; x_wconf 84' lang='grc' dir='ltr'>Ι.</span> <span class='ocrx_word' id='word_1_425' title='bbox 761 3005 794 3037; x_wconf 89' lang='lat' dir='ltr'>p.</span> <span class='ocrx_word' id='word_1_426' title='bbox 812 2996 888 3027; x_wconf 80' lang='lat'>291.</span> <span class='ocrx_word' id='word_1_427' title='bbox 1016 2994 1049 3036; x_wconf 75' lang='lat'>2)</span> <span class='ocrx_word' id='word_1_428' title='bbox 1081 2996 1200 3037; x_wconf 77' lang='lat' dir='ltr'>Haupt</span> <span class='ocrx_word' id='word_1_429' title='bbox 1224 3007 1254 3030; x_wconf 81' lang='grc' dir='ltr'>ιι.</span> <span class='ocrx_word' id='word_1_430' title='bbox 1280 2997 1467 3039; x_wconf 83' lang='lat' dir='ltr'>Hoffmann</span> <span class='ocrx_word' id='word_1_431' title='bbox 1491 2998 1585 3033; x_wconf 80' lang='lat' dir='ltr'>Altd.</span> <span class='ocrx_word' id='word_1_432' title='bbox 1605 2999 1752 3032; x_wconf 75' lang='lat' dir='ltr'>Bldtter.</span> <span class='ocrx_word' id='word_1_433' title='bbox 1778 3002 1806 3033; x_wconf 89' lang='lat'>1.</span> 
     </span>
     <span class='ocr_line' id='line_1_46' title="bbox 179 3051 309 3092; baseline 0.031 -11"><span class='ocrx_word' id='word_1_434' title='bbox 179 3060 213 3092; x_wconf 88' lang='lat' dir='ltr'>p.</span> <span class='ocrx_word' id='word_1_435' title='bbox 232 3051 309 3085; x_wconf 82' lang='lat'>218.</span> 
     </span>
    </p>
   </div>
  </div>
 </body>
</html>
