2119 3522
586 222 635 242 ΕΡ.
653 221 678 243 2».
704 221 881 242 1‘111L11'PV5
905 218 1126 242 SCHLAVRAFF
1151 217 1309 239 URTVINO.
1707 197 1799 241 667

92 281 176 321 Pag.
197 279 284 315 198.
1541 275 1626 314 Pag.
1643 273 1715 305 198.
1735 283 1764 304 v.
1778 280 1802 304 9.

180 333 246 375 tis,
283 333 495 374 exornaret,
529 342 750 375 carmenque
778 331 1126 372 Schlauraffianum,
1161 329 1260 373 quod
1285 329 1395 363 antea
1420 328 1567 372 (Pi-ogr.
1586 327 1753 361 10113051».
1773 337 1802 359 a.

183 392 277 424 1831.
303 416 323 431 ,,
335 389 380 422 (10
404 388 508 433 poesi
526 387 660 422 culin.“
678 387 719 431 Ι.)
737 388 917 430 tanquam
934 386 1205 421 Huttenianum
1223 385 1443 429 repetierat,
1469 385 1648 427 tanquam
1664 382 1803 417 Melan-

180 444 446 479 chthonianum
470 443 719 488 biographicis
737 442 1039 477 adnotationibus
1063 442 1151 476 satis
1167 441 1311 476 levibus
1328 440 1537 474 instrueret.
1573 439 1675 473 Mala
1688 439 1806 473 herba

180 501 253 535 cito
279 500 412 534 crescit
429 514 436 533 :
455 499 630 533 successit
652 498 981 533 Bretschneiderus
1008 497 1167 541 (Corpus
1192 497 1510 537 Reformatorum‚
1536 496 1623 529 tom.
1642 495 1684 528 X.
1701 494 1806 527 Halis

182 561 278 591 1842.
295 568 330 600 p.
348 557 569 599 470...479.),
602 556 666 598 qui
696 555 817 589 totum
848 565 997 588 carmen
1028 565 1111 590 cum
1141 553 1412 587 Eichstadianis
1442 552 1538 586 notis
1571 550 1692 585 textui
1723 550 1805 583 sub-

178 612 285 646 iectis
304 614 337 645 ‘a
350 611 600 646 Melanthonis
617 611 762 655 scriptis
780 611 906 645 abesse
924 610 1054 652 noluit,
1068 610 1160 644 falso
1178 610 1216 643 id
1234 620 1329 643 anno
1347 613 1442 643 1515.
1457 608 1633 642 tribuens.
1661 606 1805 648 „Quan-

180 679 292 711 quam
318 667 397 711 (ait)
422 668 500 701 haec
530 666 787 701 Fo‘rstemanni
818 677 931 710 sagax
963 666 1144 710 opinatio,
1178 677 1289 710 quam
1321 663 1552 698 Eichstadius
1583 662 1691 696 valde
1724 672 1805 705 pro-

179 723 343 757 babilem
368 723 483 757 habet
508 723 580 768 [ita
603 724 646 756 ut
670 722 936 756 exclamaverit
961 722 1091 765 „quod
1118 733 1176 756 me
1202 721 1320 766 pudet
1343 732 1417 755 non
1448 719 1549 764 prius
1575 718 1806 752 animadver-

179 779 334 823 tisse“],
367 790 440 813 non
467 778 647 813 eiusmodi
678 778 809 812 nititur
834 777 1079 822 argumentis,
1113 789 1194 821 quae
1220 787 1367 811 omnem
1393 774 1664 809 dubitationem
1689 784 1806 808 remo-

179 835 303 876 veant,
330 836 455 869 tamen
474 845 542 879 ego
561 845 708 878 quoque
727 845 808 868 eam
825 834 982 878 probare
1000 844 1074 867 non
1090 832 1230 879 haesito.
1268 832 1434 866 Primum
1452 831 1603 875 quidem
1620 830 1806 864 haerebam

180 891 217 924 in
249 901 309 933 eo,
348 890 448 934 quod
478 891 547 924 1100
578 901 726 925 carmen
762 889 936 923 notitiam
967 889 1159 923 hominum
1196 889 1389 922 doctorum
1424 887 1462 920 in
1497 887 1578 921 tota
1609 885 1809 920 Germania,

179 946 319 991 prodit,
353 947 503 990 qualem
532 947 571 980 in
602 946 736 980 iuvene
762 958 837 980 xv11
862 955 1059 986 annorum,
1092 945 1155 988 qui
1185 943 1403 978 Melanthon
1434 943 1497 977 illo
1529 943 1697 986 tempore
1729 942 1809 975 erat

181 1002 233 1047 [d.
263 1006 314 1037 16.
337 1002 444 1037 Febr.
468 1014 499 1037 a.
520 1006 614 1037 1516.
637 1002 903 1037 Melanchthon
933 1000 1277 1034 undevicensimum
1309 1011 1447 1033 annum
1478 1000 1663 1043 ingressus
1694 998 1806 1041 erat]‚

181 1070 258 1093 esse
276 1059 338 1093 vix
356 1059 568 1093 credideris.
602 1058 675 1092 Sed
692 1070 807 1102 quum
825 1057 1055 1092 Camerarius
1080 1057 1118 1090 in
1143 1056 1222 1090 vita
1238 1055 1462 1089 Melanchth.
1481 1056 1530 1098 (p.
1549 1059 1578 1088 7.
1598 1054 1654 1088 ed.
1673 1053 1808 1097 Strob.)

181 1115 226 1149 de
252 1115 492 1149 Melanthone
518 1126 634 1159 puero
659 1114 867 1156 tradiderit,
894 1113 1001 1147 illum
1019 1113 1168 1147 solitum
1196 1123 1272 1146 0550
1300 1112 1355 1145 ‘et
1380 1111 1534 1145 circuire
1562 1110 1600 1144 et
1623 1109 1807 1154 vestigare

181 1171 343 1205 advenas
373 1171 625 1213 scholasticos,
657 1170 721 1214 qui
750 1171 830 1204 tum
861 1168 1092 1214 peregrinari
1123 1168 1429 1203 consueverant⁷:
1457 1165 1703 1200 dubitandum
1734 1176 1808 1199 non

181 1228 246 1265 est,
273 1227 363 1271 quin
380 1226 575 1271 Philippus
601 1227 762 1261 advenas
788 1226 901 1260 etiam
919 1225 964 1259 de
991 1225 1204 1260 doctoribus
1229 1224 1303 1258 suis
1319 1222 1617 1267 interrogaverit.
1654 1221 1810 1256 Accedit

181 1283 281 1326 quod
307 1311 312 1316 .
333 1311 339 1317 .
360 1311 365 1316 .
392 1283 536 1325 scimus,
562 1282 843 1317 Melanthonem
868 1282 932 1316 illo
958 1283 1127 1326 tempore
1154 1281 1234 1314 aliis
1260 1290 1407 1324 quoque
1425 1278 1541 1321 libris,
1572 1278 1699 1322 quiex
1717 1278 1808 1311 Ans-

179 1339 294 1373 helmi
326 1339 475 1373 officina
504 1338 723 1383 prodierunt
755 1339 906 1382 [falsum
931 1339 1057 1372 autem
1070 1332 1139 1371 'est
1170 1336 1379 1381 „prodiisse
1405 1346 1435 1369 a.
1457 1338 1551 1369 1515.
1572 1345 1616 1368 ex
1641 1332 1699 1367 off.
1718 1333 1809 1366 Ans-

178 1395 290 1428 helm.
326 1395 464 1429 librum
496 1395 730 1429 notissimum
754 1395 846 1439 Epp.
867 1394 908 1428 O.
925 1393 1032 1438 V.“]‚
1065 1392 1207 1436 aliquid
1232 1403 1298 1426 sua
1320 1403 1433 1426 manu
1459 1390 1654 1425 addidisse.
1704 1389 1809 1431 Quod

180 1451 312 1495 postea
334 1450 553 1485 Melanthon
578 1462 615 1485 se
642 1451 830 1485 auctorem
855 1450 963 1484 huius
989 1448 1160 1483 carminis
1185 1459 1258 1482 non
1284 1448 1471 1482 confessus
1497 1447 1568 1488 est,
1595 1457 1669 1479 non
1695 1445 1811 1480 officit

181 1506 347 1551 opinioni
368 1507 625 1541 For-stemanni
643 1534 650 1541 .
670 1510 718 1541 .“.
766 1506 832 1541 Hae
859 1507 962 1540 ‘sunt
987 1504 1106 1549 apinae
1131 1504 1307 1548 tricaeque
1334 1504 1372 1537 et
1395 1504 1424 1537 si
1449 1502 1540 1546 quid
1564 1502 1674 1535 vilius
1698 1501 1808 1542 istis',

180 1573 301 1606 neque
328 1574 389 1597 eas
413 1574 687 1606 memorassem,
713 1563 784 1597 nisi
808 1563 852 1596 iis
878 1561 1056 1605 deceptus
1081 1560 1195 1595 etiam
1221 1559 1257 1594 C.
1277 1558 1502 1593 Schmidtius
1528 1557 1809 1601 (Melcmchthon.

181 1617 320 1662 Elberf.
340 1623 436 1654 1861.
454 1623 500 1653 8⁰.
517 1631 552 1663 p.
571 1621 638 1663 21.)
664 1618 961 1664 probabilissime
988 1629 1009 1651 a
1032 1616 1319 1651 Melanchthone
1352 1614 1598 1658 compositum
1631 1624 1708 1648 esse
1734 1624 1810 1647 car-

182 1685 267 1708 men
293 1674 626 1710 Schlauraffianum
656 1675 882 1719 repetiisset,
916 1674 1147 1717 aliorumque
1180 1672 1433 1707 commentum
1463 1670 1533 1704 hoc
1558 1681 1654 1704 novo
1681 1668 1810 1703 confir-

183 1742 283 1765 mare
310 1731 527 1773 studuisset,
561 1731 660 1775 quod
684 1730 856 1765 Eobanus
881 1728 1087 1764 Reuchlino
1113 1729 1147 1762 d.
1166 1732 1195 1762 6.
1214 1728 1290 1761 Ian.
1309 1738 1340 1761 a.
1362 1730 1455 1761 1515.
1475 1728 1486 1769 ζ
1496 1726 1600 1760 Hutt.
1620 1724 1713 1770 Opp.
1731 1725 1758 1758 I.
1775 1736 1810 1769 p.

182 1788 274 1830 454.)
300 1787 498 1832 scripserat
522 1798 660 1832 „spero
687 1787 801 1829 enim,
835 1787 873 1820 et
896 1786 1105 1819 Huttenum
1131 1786 1169 1819 et
1192 1783 1392 1818 Buschium
1418 1784 1457 1817 et
1482 1782 1633 1817 Crotum
1660 1782 1698 1815 et
1722 1781 1811 1825 Spa-

182 1842 339 1877 latinum
372 1844 409 1877 et
438 1844 521 1877 tuos
551 1844 813 1878 conterraneos
846 1841 1102 1875 Philomusum
1133 1842 1172 1875 et
1199 1839 1527 1873 Melanchthonem
1559 1839 1596 1872 et
1631 1838 1813 1882 praeterea

182 1899 318 1933 multos
348 1910 495 1934 mecum
526 1899 669 1934 futuros
699 1899 808 1932 huius
833 1897 997 1932 victoriae
1027 1897 1327 1931 buccinatores“.
1376 1895 1417 1928 ln
1442 1894 1498 1927 his
1521 1894 1664 1928 Eobani
1689 1893 1812 1927 verbis

184 1955 395 2000 catalogum
427 1966 553 1990 eorum
586 1966 824 2000 cognoscere,
859 1953 922 1998 qui
954 1953 1128 1997 epistolas
1160 1952 1199 1989 O.
1218 1952 1262 1986 V.
1281 1951 1585 1995 composuerunt,
1619 1960 1737 1993 exque
1768 1949 1812 1982 iis

184 2010 378 2055 colligere,
410 2011 643 2055 potissimum
674 2011 783 2044 huius
815 2010 959 2044 eximiae
991 2009 1231 2053 epistolarum
1264 2007 1304 2041 O.
1323 2007 1366 2041 V.
1390 2005 1601 2050 particulae,
1640 2004 1812 2039 carminis

185 2065 484 2109 Schlauraffiani,
516 2079 590 2101 non
615 2067 839 2109 Huttenum,
874 2077 947 2099 non
973 2065 1191 2106 Buschium,
1222 2075 1296 2097 non
1323 2063 1474 2098 Crotum
1499 2062 1660 2095 aliumve
1687 2072 1732 2095 ex
1756 2061 1811 2102 iis,

184 2132 275 2166 quos
300 2123 435 2157 Hessus
465 2124 534 2157 sibi
558 2126 699 2169 'pugnae
730 2122 969 2166 victoriaeque
1000 2121 1116 2155 socios
1146 2122 1224 2154 fore
1256 2120 1375 2163 cupit,
1408 2118 1472 2152 sed
1496 2117 1712 2162 Philippum
1736 2116 1813 2150 Me-

184 2178 447 2213 lanchthonem
481 2180 669 2214 auctorem
703 2190 798 2221 0550,
838 2178 876 2212 id
914 2178 1035 2212 fateor
1066 2177 1314 2211 emunctiores
1345 2186 1457 2219 quam
1486 2174 1561 2208 mei
1592 2175 1678 2207 sunt
1706 2183 1813 2207 nares

185 2234 391 2278 requirere,
423 2236 465 2270 ut
495 2235 586 2268 mihi
611 2246 759 2279 quoque
784 2234 921 2268 mirum
945 2233 1095 2268 videtur
1117 2233 1188 2267 hoc
1216 2231 1347 2266 fabrile
1374 2231 1419 2265 de
1446 2230 1608 2265 carmine
1634 2228 1813 2262 iudicium

186 2290 276 2333 „der
299 2290 517 2334 Hauptwitz
541 2291 627 2336 liegyt
652 2292 736 2326 eben
759 2292 801 2325 in
825 2290 906 2324 dem
930 2290 1128 2324 sclz-lechten
1152 2288 1326 2323 Lartem<
1364 2286 1575 2322 Secundum
1600 2296 1725 2319 meum
1750 2284 1813 2318 ob-

185 2347 309 2380 tusum
339 2347 573 2382 intellectum
605 2348 659 2390 (ut
689 2358 774 2381 cum
798 2345 960 2380 Antonio
985 2345 1030 2379 N.
1056 2345 1202 2389 loquar)
1238 2344 1427 2378 Huttenus
1456 2343 1499 2376 ut
1527 2342 1669 2386 priores
1699 2341 1813 2374 maxi—

186 2413 359 2446 mamque
392 2403 628 2448 sequentium
659 2403 900 2447 epistolarum
932 2402 1095 2446 partem,
1128 2402 1181 2435 ita
1205 2399 1351 2444 scripsit
1381 2400 1418 2433 et
1449 2409 1598 2432 carmen
1629 2398 1668 2432 et
1696 2397 1813 2431 totam

187 2458 399 2503 epistolam,
431 2470 543 2504 quam
568 2460 792 2494 recentiores
816 2458 873 2492 illi
898 2458 1016 2492 critici
1039 2457 1150 2501 plane
1182 2456 1445 2501 neglexerunt3
1478 2453 1743 2488 Melanchthon
1767 2463 1813 2486 ne

187 2514 338 2558 quidem
370 2515 530 2550 scribere
562 2516 710 2560 potuit:
731 2515 776 2549 ab
801 2514 910 2548 huius
931 2514 1083 2558 ingenio
1114 2514 1268 2557 totaque
1301 2512 1378 2546 eius
1403 2511 1489 2544 vitae
1514 2509 1694 2553 Tubingae
1719 2508 1813 2542 Wit-

186 2571 450 2616 tenbergaeque
477 2572 567 2606 actae
593 2570 809 2606 condicione
835 2570 1101 2604 alienissimum
1127 2571 1182 2604 est
1206 2568 1391 2613 praecipue
1416 2567 1486 2600 1100
1504 2565 1708 2606 dictamen,
1734 2564 1814 2597 nul—

186 2627 258 2660 lius
283 2629 409 2662 autem
435 2638 479 2662 ex
505 2627 674 2662 omnibus
700 2626 741 2661 O.
758 2626 804 2660 V.
820 2625 913 2670 Epp.
932 2626 1060 2659 auctor
1090 2625 1161 2658 fuit
1183 2623 1459 2658 Melanchthon.
1507 2620 1631 2660 Unum
1657 2620 1815 2655 Cochlaei

188 2694 299 2728 supra
324 2684 546 2718 advocatum
571 2682 837 2723 testimonium,
863 2681 925 2715 vel
949 2681 979 2714 si
1003 2681 1076 2714 alia
1100 2680 1239 2715 indicia
1263 2679 1476 2720 deficerent,
1504 2677 1550 2711 ad
1576 2687 1703 2710 omnes
1726 2676 1815 2710 istas

188 2740 352 2784 argutias
377 2739 628 2784 profligandas
651 2737 972 2782 probandumque,
998 2736 1218 2778 Huttenum,
1245 2746 1318 2769 non
1341 2733 1680 2774 Melanchthonem,
1706 2731 1815 2766 huius

191 2795 357 2839 epistolae
375 2794 621 2838 carminisque
640 2795 829 2828 auctorem
846 2793 957 2827 fuisse
975 2792 1165 2827 sufficeret
1182 2806 1189 2826 :
1208 2791 1355 2835 scripsit
1373 2790 1471 2824 enim
1498 2789 1683 2831 „Ioannes
1701 2787 1814 2822 Coch-

189 2851 279 2886 laeus
296 2851 343 2885 ad
356 2850 585 2885 Bilibaldum
602 2849 932 2891 Pirckheimerum,
953 2860 998 2883 ex
1011 2848 1179 2882 Bononia
1191 2852 1222 2882 9.
1238 2847 1296 2881 (110
1312 2845 1542 2891 Septembris
1561 2855 1656 2878 anno
1675 2844 1815 2878 domini

192 2910 289 2942 1516.
310 2906 433 2941 ‘Mitto
452 2906 498 2940 ad
515 2907 553 2940 te
568 2933 575 2940 .
592 2933 599 2940 .
617 2933 624 2939 .
637 2904 804 2940 Marcum
824 2905 941 2950 [Hutt.
957 2904 1050 2949 Opp.
1065 2904 1129 2939 III.
1146 2916 1181 2949 p.
1196 2903 1398 2947 295...300.]
1418 2901 1575 2935 Hutteni
1592 2900 1725 2942 nostri,
1752 2900 1815 2943 qui

190 2964 259 2998 hoc
283 2973 438 3007 vespere
463 2962 655 2996 nobiscum
681 2961 851 3003 coenavit,
879 2961 1021 3004 aliquot
1045 2961 1150 2994 nobis
1174 2971 1288 2994 novas
1313 2959 1472 2993 recitans
1499 2956 1673 3001 epistolas
1697 2955 1814 2989 multo

191 3031 275 3055 cum
299 3018 395 3062 risu,
413 3030 457 3053 ex
482 3019 616 3063 quibus
640 3029 718 3052 mea
736 3028 805 3061 per
835 3020 947 3052 totam
972 3018 1046 3059 fere
1066 3016 1303 3051 Germaniam
1327 3017 1461 3059 vasjata
1486 3016 1548 3055 est,
1574 3012 1700 3057 tuique
1724 3012 1814 3056 facit
