2119 3522
274 220 367 265 348
764 231 871 253 ns'mzx
894 227 1147 251 moonAPmcvs
1171 226 1212 246 ET
1237 224 1479 247 ONOMASTICVS.

273 351 381 403 quod
412 347 667 400 proverbium
700 341 878 392 (bimort)
912 341 1058 378 Latino
1099 339 1148 377 de
1182 338 1327 377 Cerere
1359 344 1397 376 et
1427 337 1586 375 Baccho
1618 350 1664 375 ac
1693 337 1854 375 Venere
1885 350 1976 374 con—

272 407 399 444 simile
440 417 525 441 esse
562 407 685 452 pat-et.
748 398 941 449 Quamvis
980 396 1032 434 ad
1065 394 1305 433 comestoris
1340 407 1488 431 nomen
1525 393 1626 431 illud
1657 391 1979 431 Combibilatoris

274 462 542 510 excogitatum
564 469 649 495 esse
671 468 834 505 negem,
871 453 919 490 de
941 465 1019 502 quo
1040 451 1160 488 Petro
1185 450 1415 489 Comestore
1437 450 1522 487 sive
1542 449 1851 494 Manducatore,
1884 447 1978 486 Gal-

270 519 345 554 lice
372 520 408 553 le
431 515 619 561 Manqeur
648 508 787 556 dict03,
820 504 1053 547 Fabricius‘
1082 506 1361 553 „Comestor“
1392 506 1449 543 ait
1479 506 1598 551 „sive
1628 504 1892 542 manducator
1920 504 1978 541 id-

273 573 374 609 circo
415 571 542 608 dictus
582 573 658 613 est,
699 565 807 617 quod
844 565 1129 614 scripturarum
1167 562 1430 600 authoritates
1469 561 1511 598 in
1548 561 1629 598 suis
1659 559 1910 599 sermonibus
1942 565 1981 597 et

273 627 472 678 opusculis
512 623 687 662 crebrius
726 620 942 671 allegando
982 619 1097 670 quasi
1134 619 1175 655 in
1216 624 1398 656 ventrem
1439 617 1638 654 memoriae
1679 615 1977 661 manducarit“,

272 691 405 721 tamen
434 682 520 719 fieri
548 679 697 730 potuit,
732 683 775 715 ut
798 675 1180 715 Combibilationum
1202 674 1363 712 nomine
1388 673 1513 724 ipsius
1537 672 1779 710 Comestoris
1800 671 1981 709 Historia

271 738 508 776 scholastica
538 735 849 785 significaretur,
883 745 971 783 quae
1001 731 1147 769 Latine
1179 744 1302 781 saepe,
1341 730 1461 768 etiam
1493 728 1671 767 Coloniae
1701 727 1980 778 Argentorati-

271 809 368 845 que,
403 793 558 832 Gallice
588 791 754 829 Parisiis
785 787 970 839 prodiit5.

360 871 393 909 3)
412 869 587 901 Trithem.
608 868 650 898 de
668 876 754 900 sorr,
776 864 924 896 eccless.
943 876 975 906 p.
995 865 1070 896 275.
1179 863 1215 904 4)
1234 862 1328 895 Bibl.
1347 864 1428 894 Lat.
1448 861 1540 895 med.
1560 864 1596 892 et
1616 861 1680 894 inf.
1699 871 1763 892 aev.
1783 861 1810 894 Ι.
1831 871 1863 902 p.
1883 861 1980 892 1134.

360 927 394 966 5)
414 926 460 957 cf.
480 924 624 956 Fabric.
643 922 665 953 l.
686 933 715 956 c.
763 922 872 954 Hain.
892 925 941 952 n0.
959 921 1197 952 5529...5540.
1245 919 1387 950 Panzer
1402 918 1494 950 Ann.
1513 920 1585 958 typ,
1604 917 1647 947 X.
1666 927 1698 957 p,
1718 916 1794 947 260.

273 1012 513 1044 COPVLATA
546 1010 585 1041 et
616 1007 945 1040 coPVLATISTA.
978 1002 1046 1037 vid.
1069 999 1297 1050 Hispanus,
1329 997 1488 1035 Petrus.

273 1103 434 1140 COPVS,
461 1093 711 1136 Guilielmus‚
737 1103 925 1141 expresso
948 1089 1110 1140 quidem
1132 1088 1295 1125 nomine
1319 1081 1399 1124 non
1422 1090 1665 1124 memoratur
1684 1085 1727 1122 in
1749 1098 1840 1136 epp.
1857 1084 1981 1131 O.V.‚

271 1152 343 1189 sed
375 1158 434 1187 est
473 1149 611 1200 procul
643 1147 764 1185 (lubio
803 1146 1117 1196 „superiorista,
1158 1145 1227 1194 qui
1257 1143 1392 1181 studet
1423 1143 1465 1179 in
1495 1141 1671 1179 Graeco“
1703 1147 1743 1178 et
1771 1141 1879 1191 apud
1907 1141 1982 1178 Pa-

271 1209 461 1245 risienses
500 1205 648 1252 „vadit
686 1203 837 1253 ubique
876 1209 915 1240 et
953 1200 1084 1239 dicit“
1123 1207 1263 1237 contra
1299 1199 1614 1249 Pepericornum
1649 1210 1720 1247 pro
1757 1197 1984 1235 Reuchlino

270 1277 305 1309 p.
322 1260 493 1298 247³·Sq‘1·
553 1260 723 1297 Basileae
745 1265 864 1296 natus
887 1258 943 1295 ibi
964 1258 1161 1295 bonarum
1182 1256 1328 1293 artium
1350 1255 1548 1292 elementa
1570 1253 1763 1304 imprimis
1785 1267 1808 1290 a
1827 1253 1983 1290 Reueh—

270 1320 345 1356 lini
368 1317 563 1368 discipulo
587 1317 744 1354 Ioanne
764 1314 994 1364 Heberling
1016 1312 1296 1351 Gamuudensi
1316 1309 1481 1356 hausit¹,
1512 1310 1621 1347 unde
1643 1315 1734 1358 post
1755 1309 1844 1359 plus
1865 1322 1986 1360 quam

272 1375 542 1426 quadraginta
578 1385 707 1409 annos
738 1370 988 1408 Reuchlinus
1021 1383 1110 1406 eum
1141 1370 1183 1405 in
1215 1368 1386 1418 epistola
1416 1368 1583 1404 ineunte
1614 1379 1649 1402 a.
1676 1366 1794 1402 1515.
1817 1363 1985 1415 scripta²

274 1431 561 1469 ‘literatissime
585 1427 716 1478 Cope,
751 1427 1023 1464 doctrinarum
1051 1438 1229 1462 mearum
1251 1425 1394 1474 nepos’
1428 1423 1672 1472 adloquitur.
1732 1421 1986 1459 Adulescens

272 1487 444 1524 Lutetiae
481 1485 710 1529 medicinae,
751 1482 1060 1527 mathematicae,
1105 1480 1255 1518 Graecis
1294 1480 1535 1528 Latinisque
1571 1478 1716 1516 litteris
1756 1477 1985 1514 felicissimo

273 1557 361 1581 cum
400 1554 585 1579 successu
624 1539 796 1583 studuit,
842 1538 1058 1588 doctorque
1100 1536 1308 1574 medicinae
1348 1536 1478 1572 factus
1509 1535 1680 1584 primum
1710 1533 1855 1571 medici
1885 1533 1986 1570 mili-

272 1599 368 1636 taris
397 1610 563 1635 munere
593 1596 755 1633 functus
780 1601 858 1632 est:
891 1595 969 1631 iam
991 1607 1025 1630 a.
1047 1594 1166 1630 1498.
1187 1592 1224 1629 d.
1246 1592 1309 1628 12.
1326 1591 1426 1641 Apr.
1448 1590 1615 1628 Parisiis
1638 1590 1690 1627 ad
1710 1589 1985 1640 Battumxscri-

272 1656 352 1705 psit
371 1654 563 1691 Erasmus
595 1681 617 1697 „
632 1665 713 1688 non
746 1651 917 1701 pessima
937 1656 1073 1687 tamen
1095 1650 1137 1686 in
1159 1661 1229 1697 spe
1251 1660 1387 1685 sumus
1412 1678 1419 1684 .
1441 1677 1447 1684 .
1470 1647 1640 1683 maxime
1661 1645 1860 1683 medicum
1881 1646 1988 1683 nacti

275 1711 519 1749 Guilelmum
552 1707 725 1758 Copum,
766 1720 849 1743 non
880 1706 998 1743 modo
1032 1705 1335 1755 peritissimum,
1372 1716 1510 1740 verum
1541 1703 1662 1740 etiam
1693 1702 1862 1740 amicum
1891 1701 1986 1739 fide-

272 1767 352 1804 lem
392 1772 431 1803 et
466 1764 688 1808 Musarum,
733 1762 842 1812 quod
880 1763 1123 1799 rarissimum
1162 1767 1239 1806 est,
1280 1759 1519 1805 cultorem“,
1561 1764 1600 1795 et
1636 1759 1715 1796 iam
1743 1771 1778 1795 a.
1804 1758 1923 1796 1514.
1946 1759 1987 1795 in

274 1823 365 1860 aula
386 1822 490 1870 regis
512 1820 711 1857 Ludovici
731 1818 831 1855 XII.
856 1817 1011 1868 Copum
1032 1818 1161 1866 egisse
1191 1817 1277 1866 ipse
1305 1816 1417 1853 testis
1441 1813 1533 1854 est¹.
1584 1811 1845 1859 Pantaleou³,
1876 1814 1986 1852 Ada-

273 1875 399 1924 mus⁴,
441 1874 674 1920 Iocherus5,
714 1872 962 1924 Herzogius⁶
993 1878 1216 1910 memorant
1246 1877 1422 1916 tantum,
1466 1870 1622 1920 Copum
1653 1884 1676 1907 a
1705 1870 1921 1908 Francisco
1953 1869 1986 1908 I.

274 1934 516 1971 archiatrum
547 1932 806 1969 constitutum
838 1943 923 1967 esse
953 1929 1113 1966 liberali
1143 1928 1347 1978 stipendio
1381 1927 1534 1973 oblat03
1568 1940 1708 1963 verum
1737 1926 1780 1963 id
1808 1940 1890 1963 non
1921 1926 1987 1963 de-

273 2004 380 2027 mum
410 2002 517 2027 anno
552 1988 672 2037 1530.
707 1985 767 2034 (ut
796 1986 1024 2036 Herzogius
1056 1983 1194 2033 habet)
1227 1985 1376 2021 facturn
1408 1996 1513 2029 esse,
1549 1983 1666 2020 docet
1697 1983 1816 2020 etiam
1847 1982 1989 2020 Budaei

274 2046 324 2083 ad
346 2046 557 2083 Erasmum
577 2044 743 2081 Parisiis
767 2042 804 2079 d.
822 2044 859 2079 5.
878 2042 998 2080 Febr.
1018 2055 1053 2078 a.
1075 2042 1196 2078 1516.
1217 2040 1317 2078 'data
1348 2039 1540 2090 epistula,
1572 2039 1635 2076 his
1656 2038 1809 2076 verbis:
1853 2067 1876 2085 „
1891 2038 1987 2077 Gui-

271 2103 450 2140 lielmum
483 2100 634 2148 Copum
664 2098 864 2136 medicum
894 2098 1069 2148 regium,
1100 2097 1304 2134 hominem
1334 2102 1504 2150 utraque
1534 2095 1676 2145 lingua
1708 2095 1867 2132 doctum
1897 2094 1988 2131 tibi-

274 2172 351 2208 que
383 2158 564 2195 amicum.
587 2157 644 2193 .“.
694 2155 899 2192 Huttenus
930 2167 1091 2205 quoque
1122 2153 1290 2203 passim,
1332 2152 1502 2189 maxime
1538 2152 1580 2188 in
1614 2150 1716 2188 libro
1750 2151 1801 2189 de
1833 2151 1989 2201 guaiaci

273 2211 513 2258 medicina⁷,
549 2211 651 2262 Copi
674 2211 896 2249 doctrinam
929 2210 1304 2260 experientiamque
1333 2208 1530 2245 medicam
1562 2207 1730 2245 extollit.
1788 2208 1852 2244 De
1877 2206 1988 2257 Copo

273 2271 358 2307 haec
379 2269 606 2317 Herzogius
626 2268 652 2306 l.
671 2281 725 2305 c.:
749 2265 915 2316 „Copus
939 2265 1078 2304 Graeee
1098 2265 1327 2314 Latineque
1348 2264 1426 2301 fuit
1448 2264 1710 2309 doctissimus,
1734 2270 1777 2300 ut
1798 2263 1988 2300 Erasmus

276 2326 326 2363 de
363 2339 409 2362 eo
451 2324 598 2361 dixerit
636 2323 896 2360 ‘medicinam
934 2322 1020 2359 eius
1059 2334 1182 2372 opera
1213 2321 1384 2370 primum
1414 2320 1524 2369 loqui
1555 2321 1755 2369 coepisse'.
1823 2318 1988 2368 Quanto

274 2382 428 2418 honore
467 2386 588 2429 atque
627 2378 923 2416 existimatione
963 2391 1052 2415 eum
1095 2376 1282 2414 habuerit
1318 2376 1527 2421 Erasmus,
1576 2389 1658 2412 non
1697 2375 1794 2412 inde
1831 2380 1987 2412 tantum

273 2438 418 2487 liquet,
452 2435 561 2486 quod
594 2434 643 2472 de
676 2448 722 2472 eo
754 2434 945 2471 cecinerit
977 2433 1127 2471 ‘Unica
1157 2431 1352 2469 nobilium
1382 2431 1629 2469 medicorum
1660 2431 1788 2481 gloria
1819 2430 1986 2481 Copus',

277 2490 411 2543 [quem
441 2505 602 2529 versum
621 2490 803 2528 RRami
835 2503 922 2527 esse
953 2503 1003 2527 ex
1028 2489 1186 2527 Adamo
1218 2489 1321 2525 scire
1341 2488 1570 2538 Herzogius
1602 2484 1812 2537 debebat]‚
1846 2486 1918 2525 sed
1950 2492 1989 2525 et

276 2549 384 2599 quod
415 2548 529 2598 gravi
560 2546 696 2584 morbo
729 2546 930 2591 adflictus,
964 2551 1098 2595 spreto
1122 2545 1317 2590 omnium,
1351 2545 1419 2594 qui
1441 2549 1524 2581 tum
1545 2544 1716 2582 Basileae
1738 2549 1870 2589 erant,
1903 2543 1986 2581 Me-

277 2606 454 2642 dicorum
486 2603 654 2641 consilio
688 2608 807 2653 atque.
838 2602 1008 2647 auxilio,
1043 2615 1200 2638 omnem
1230 2600 1369 2638 salutis
1400 2614 1513 2651 spem
1543 2601 1584 2637 in
1606 2600 1681 2638 hoc
1703 2600 1787 2637 solo
1809 2600 1989 2650 posuerit

276 2668 315 2698 et
351 2660 573 2699 remedium
611 2659 659 2697 ab
700 2673 744 2696 eo
786 2658 1036 2708 efflagitarit,
1077 2664 1121 2695 ut
1157 2662 1358 2695 testantur
1387 2657 1544 2694 Erasmi
1579 2657 1705 2694 literae
1736 2669 1844 2694 anno
1870 2656 1987 2693 1526.

275 2717 451 2754 Parisios
483 2716 534 2753 ad
566 2729 656 2753 eum
687 2715 827 2752 missae.
887 2714 1052 2752 Parisiis
1085 2714 1204 2751 etiam
1229 2713 1278 2750 ob
1302 2719 1481 2751 exactam
1505 2712 1727 2751 doctrinam
1747 2712 1987 2762 felicemque

277 2774 371 2810 artis
402 2772 565 2810 medicae
597 2771 837 2809 industriam
866 2776 978 2808 tanto
1009 2770 1163 2808 honore
1193 2769 1354 2808 habitus
1394 2770 1488 2817 fuit,
1528 2775 1573 2807 ut
1602 2768 1760 2807 medica
1789 2768 1986 2819 professio

368 2882 398 2921 1)
420 2881 466 2913 cf.
487 2881 577 2922 Copi
602 2891 644 2912 ex
668 2881 889 2912 Parisiorum
913 2880 1068 2912 Lutecia
1092 2890 1177 2914 VIII.
1196 2879 1271 2911 kal.
1291 2879 1391 2922 Sept.
1411 2891 1442 2911 a.
1460 2881 1554 2914 1514.
1575 2880 1618 2911 ad
1643 2877 1878 2911 Rcucthum
1903 2878 1989 2910 scri—

366 2940 438 2977 ptae
458 2947 511 2977 ep.
525 2936 640 2967 locum
660 2937 695 2966 in
711 2936 843 2967 Comm.
859 2935 903 2967 ad
920 2947 952 2977 p.
969 2935 1054 2968 247⁴
1072 2936 1339 2978 transcriptam.
1433 2935 1466 2975 2)
1487 2935 1532 2967 ef.
1552 2945 1664 2977 supra
1681 2934 1812 2975 Consp.
1827 2933 1985 2967 chronol.

367 3003 398 3033 p.
419 2993 492 3024 135.
607 2991 640 3031 3)
661 2992 873 3033 Prosopogr.
892 2992 957 3023 ΙΙΙ.
975 3003 1008 3033 p.
1029 2993 1106 3024 104.
1215 2992 1248 3029 4)
1267 2992 1360 3023 Vitae
1381 2992 1499 3025 Germ.
1518 2991 1683 3023 medicor.
1704 2991 1799 3022 1620.
1817 2988 1863 3021 8⁰.
1882 3000 1915 3032 p.
1935 2990 1987 3023 11.

368 3048 402 3087 5)
420 3047 488 3078 Gel,
508 3046 594 3078 Lem.
612 3046 645 3081 h,
663 3057 695 3078 v.
788 3048 822 3087 6)
841 3047 993 3079 Athenae
1011 3047 1156 3080 Rauric.
1174 3058 1207 3088 p.
1229 3048 1301 3081 169,
1396 3047 1429 3088 7)
1448 3048 1550 3082 Hutt,
1569 3047 1659 3088 Opp.
1677 3047 1720 3079 V.
1739 3057 1773 3088 p.
1791 3047 1985 3078 397...497.
