<?xml version="1.0" encoding="UTF-8"?>
<!DOCTYPE html PUBLIC "-//W3C//DTD XHTML 1.0 Transitional//EN"
    "http://www.w3.org/TR/xhtml1/DTD/xhtml1-transitional.dtd">
<html xmlns="http://www.w3.org/1999/xhtml" xml:lang="en" lang="en">
 <head>
  <title>
</title>
<meta http-equiv="Content-Type" content="text/html;charset=utf-8" />
  <meta name='ocr-system' content='tesseract 3.04.00' />
  <meta name='ocr-capabilities' content='ocr_page ocr_carea ocr_par ocr_line ocrx_word'/>
</head>
<body>
  <div class='ocr_page' id='page_1' title='image "./operaquaereperir02huttuoft/operaquaereperir02huttuoft_0322.png"; bbox 0 0 2119 3522; ppageno 0'>
   <div class='ocr_carea' id='block_1_1' title="bbox 338 224 1544 268">
    <p class='ocr_par' dir='ltr' id='par_1_1' title="bbox 338 224 1544 268">
     <span class='ocr_line' id='line_1_1' title="bbox 338 224 1544 268; baseline 0.002 -18"><span class='ocrx_word' id='word_1_1' title='bbox 338 224 431 268; x_wconf 71' lang='lat'>308</span> <span class='ocrx_word' id='word_1_2' title='bbox 829 230 937 251; x_wconf 81' lang='lat' dir='ltr'>INDEX</span> <span class='ocrx_word' id='word_1_3' title='bbox 960 227 1213 251; x_wconf 79' lang='lat' dir='ltr'>moGRAPHICVs</span> <span class='ocrx_word' id='word_1_4' title='bbox 1237 229 1279 249; x_wconf 83' lang='lat' dir='ltr'>ET</span> <span class='ocrx_word' id='word_1_5' title='bbox 1303 228 1544 252; x_wconf 72' lang='lat' dir='ltr'>ONOMASTICVS.</span> 
     </span>
    </p>
   </div>
   <div class='ocr_carea' id='block_1_2' title="bbox 330 337 2043 1069">
    <p class='ocr_par' dir='ltr' id='par_1_2' title="bbox 330 337 2043 1069">
     <span class='ocr_line' id='line_1_2' title="bbox 337 337 2042 394; baseline -0.006 -1"><span class='ocrx_word' id='word_1_6' title='bbox 337 356 445 393; x_wconf 86' lang='lat' dir='ltr'>dium</span> <span class='ocrx_word' id='word_1_7' title='bbox 476 351 661 390; x_wconf 75' lang='lat' dir='ltr'>adhibuit</span> <span class='ocrx_word' id='word_1_8' title='bbox 688 344 977 391; x_wconf 83' lang='lat' dir='ltr'>Hochstratus,</span> <span class='ocrx_word' id='word_1_9' title='bbox 1010 349 1055 381; x_wconf 85' lang='lat' dir='ltr'>ut</span> <span class='ocrx_word' id='word_1_10' title='bbox 1085 341 1303 382; x_wconf 81' lang='lat' dir='ltr'>Grimano⁵</span> <span class='ocrx_word' id='word_1_11' title='bbox 1332 337 1622 394; x_wconf 82' lang='lat' dir='ltr'>adiungeretur</span> <span class='ocrx_word' id='word_1_12' title='bbox 1649 344 1929 383; x_wconf 88' lang='lat' dir='ltr'>Bernardinus</span> <span class='ocrx_word' id='word_1_13' title='bbox 1959 358 2042 383; x_wconf 87' lang='lat' dir='ltr'>car-</span> 
     </span>
     <span class='ocr_line' id='line_1_3' title="bbox 337 399 2042 452; baseline -0.005 -4"><span class='ocrx_word' id='word_1_14' title='bbox 337 410 480 448; x_wconf 88' lang='lat' dir='ltr'>dinalis</span> <span class='ocrx_word' id='word_1_15' title='bbox 508 422 538 445; x_wconf 89' lang='lat' dir='ltr'>s.</span> <span class='ocrx_word' id='word_1_16' title='bbox 564 405 720 449; x_wconf 76' lang='lat' dir='ltr'>CruciS,</span> <span class='ocrx_word' id='word_1_17' title='bbox 761 402 913 452; x_wconf 85' lang='lat' dir='ltr'>quippe</span> <span class='ocrx_word' id='word_1_18' title='bbox 951 413 1070 450; x_wconf 82' lang='lat' dir='ltr'>quem</span> <span class='ocrx_word' id='word_1_19' title='bbox 1106 399 1260 437; x_wconf 85' lang='lat' dir='ltr'>sciebat</span> <span class='ocrx_word' id='word_1_20' title='bbox 1295 399 1372 437; x_wconf 87' lang='lat' dir='ltr'>sibi</span> <span class='ocrx_word' id='word_1_21' title='bbox 1408 401 1561 450; x_wconf 87' lang='lat' dir='ltr'>pariter</span> <span class='ocrx_word' id='word_1_22' title='bbox 1598 405 1638 438; x_wconf 84' lang='lat' dir='ltr'>et</span> <span class='ocrx_word' id='word_1_23' title='bbox 1674 401 1756 438; x_wconf 90' lang='lat' dir='ltr'>suis</span> <span class='ocrx_word' id='word_1_24' title='bbox 1795 402 1977 451; x_wconf 80' lang='lat' dir='ltr'>collegis⁷</span> <span class='ocrx_word' id='word_1_25' title='bbox 2019 415 2042 438; x_wconf 89' lang='lat' dir='ltr'>a</span> 
     </span>
     <span class='ocr_line' id='line_1_4' title="bbox 333 455 2041 515; baseline -0.004 -14"><span class='ocrx_word' id='word_1_26' title='bbox 333 465 476 515; x_wconf 84' lang='lat' dir='ltr'>quibus</span> <span class='ocrx_word' id='word_1_27' title='bbox 508 476 595 500; x_wconf 90' lang='lat' dir='ltr'>cum</span> <span class='ocrx_word' id='word_1_28' title='bbox 625 462 666 498; x_wconf 92' lang='lat' dir='ltr'>in</span> <span class='ocrx_word' id='word_1_29' title='bbox 689 457 908 496; x_wconf 78' lang='lat' dir='ltr'>Germania</span> <span class='ocrx_word' id='word_1_30' title='bbox 936 455 1155 506; x_wconf 86' lang='lat' dir='ltr'>aliquando</span> <span class='ocrx_word' id='word_1_31' title='bbox 1185 460 1306 502; x_wconf 88' lang='lat' dir='ltr'>esset,</span> <span class='ocrx_word' id='word_1_32' title='bbox 1338 455 1517 506; x_wconf 77' lang='lat' dir='ltr'>benigne</span> <span class='ocrx_word' id='word_1_33' title='bbox 1538 455 1841 507; x_wconf 79' lang='lat' dir='ltr'>liberaliterque</span> <span class='ocrx_word' id='word_1_34' title='bbox 1860 457 2041 507; x_wconf 87' lang='lat' dir='ltr'>hospicio</span> 
     </span>
     <span class='ocr_line' id='line_1_5' title="bbox 334 511 2043 569; baseline -0.005 -11"><span class='ocrx_word' id='word_1_35' title='bbox 334 519 626 569; x_wconf 75' lang='lat' dir='ltr'>excipiebatur,</span> <span class='ocrx_word' id='word_1_36' title='bbox 668 528 755 553; x_wconf 90' lang='lat' dir='ltr'>esse</span> <span class='ocrx_word' id='word_1_37' title='bbox 792 512 1132 558; x_wconf 76' lang='lat' dir='ltr'>faventissimum,</span> <span class='ocrx_word' id='word_1_38' title='bbox 1174 516 1212 548; x_wconf 91' lang='lat' dir='ltr'>et</span> <span class='ocrx_word' id='word_1_39' title='bbox 1242 524 1285 548; x_wconf 89' lang='lat' dir='ltr'>se</span> <span class='ocrx_word' id='word_1_40' title='bbox 1316 511 1395 549; x_wconf 90' lang='lat' dir='ltr'>iam</span> <span class='ocrx_word' id='word_1_41' title='bbox 1425 518 1519 549; x_wconf 87' lang='lat' dir='ltr'>ante</span> <span class='ocrx_word' id='word_1_42' title='bbox 1550 512 1635 549; x_wconf 90' lang='lat' dir='ltr'>eius</span> <span class='ocrx_word' id='word_1_43' title='bbox 1667 525 1791 563; x_wconf 89' lang='lat' dir='ltr'>opera</span> <span class='ocrx_word' id='word_1_44' title='bbox 1820 526 1844 550; x_wconf 90' lang='lat' dir='ltr'>a</span> <span class='ocrx_word' id='word_1_45' title='bbox 1873 513 2043 562; x_wconf 86' lang='lat' dir='ltr'>proscri-</span> 
     </span>
     <span class='ocr_line' id='line_1_6' title="bbox 332 566 2041 626; baseline -0.004 -15"><span class='ocrx_word' id='word_1_46' title='bbox 332 576 481 626; x_wconf 81' lang='lat' dir='ltr'>ptionis</span> <span class='ocrx_word' id='word_1_47' title='bbox 512 586 633 624; x_wconf 74' lang='lat' dir='ltr'>poena</span> <span class='ocrx_word' id='word_1_48' title='bbox 662 566 910 608; x_wconf 68' lang='lat' dir='ltr'>liberatumss.</span> <span class='ocrx_word' id='word_1_49' title='bbox 969 567 1026 605; x_wconf 92' lang='lat' dir='ltr'>At</span> <span class='ocrx_word' id='word_1_50' title='bbox 1055 581 1151 605; x_wconf 80' lang='lat' dir='ltr'>vero</span> <span class='ocrx_word' id='word_1_51' title='bbox 1184 567 1253 617; x_wconf 87' lang='lat' dir='ltr'>qui</span> <span class='ocrx_word' id='word_1_52' title='bbox 1282 581 1305 604; x_wconf 85' lang='lat' dir='ltr'>a</span> <span class='ocrx_word' id='word_1_53' title='bbox 1326 567 1508 617; x_wconf 80' lang='lat' dir='ltr'>partibus</span> <span class='ocrx_word' id='word_1_54' title='bbox 1533 566 1756 618; x_wconf 88' lang='lat' dir='ltr'>Capnionis</span> <span class='ocrx_word' id='word_1_55' title='bbox 1778 574 1911 615; x_wconf 87' lang='lat' dir='ltr'>erant,</span> <span class='ocrx_word' id='word_1_56' title='bbox 1942 568 2041 605; x_wconf 89' lang='lat' dir='ltr'>mul-</span> 
     </span>
     <span class='ocr_line' id='line_1_7' title="bbox 331 623 2043 679; baseline -0.005 -11"><span class='ocrx_word' id='word_1_57' title='bbox 331 638 391 668; x_wconf 88' lang='lat' dir='ltr'>tas</span> <span class='ocrx_word' id='word_1_58' title='bbox 422 631 516 667; x_wconf 87' lang='lat' dir='ltr'>satis</span> <span class='ocrx_word' id='word_1_59' title='bbox 555 640 698 679; x_wconf 79' lang='lat' dir='ltr'>graves</span> <span class='ocrx_word' id='word_1_60' title='bbox 736 640 782 663; x_wconf 87' lang='lat' dir='ltr'>ac</span> <span class='ocrx_word' id='word_1_61' title='bbox 819 626 944 662; x_wconf 86' lang='lat' dir='ltr'>iustas</span> <span class='ocrx_word' id='word_1_62' title='bbox 983 637 1121 661; x_wconf 82' lang='lat' dir='ltr'>causas</span> <span class='ocrx_word' id='word_1_63' title='bbox 1161 623 1388 669; x_wconf 87' lang='lat' dir='ltr'>adducunt,</span> <span class='ocrx_word' id='word_1_64' title='bbox 1430 637 1499 661; x_wconf 88' lang='lat' dir='ltr'>cur</span> <span class='ocrx_word' id='word_1_65' title='bbox 1529 637 1620 661; x_wconf 83' lang='lat' dir='ltr'>eum</span> <span class='ocrx_word' id='word_1_66' title='bbox 1650 629 1903 661; x_wconf 78' lang='lat' dir='ltr'>recusarent:</span> <span class='ocrx_word' id='word_1_67' title='bbox 1942 637 2043 674; x_wconf 86' lang='lat' dir='ltr'>quas</span> 
     </span>
     <span class='ocr_line' id='line_1_8' title="bbox 331 679 2042 737; baseline -0.004 -13"><span class='ocrx_word' id='word_1_68' title='bbox 331 687 450 737; x_wconf 84' lang='lat' dir='ltr'>paulo</span> <span class='ocrx_word' id='word_1_69' title='bbox 484 685 707 722; x_wconf 83' lang='lat' dir='ltr'>accuratius</span> <span class='ocrx_word' id='word_1_70' title='bbox 739 681 849 732; x_wconf 86' lang='lat' dir='ltr'>apud</span> <span class='ocrx_word' id='word_1_71' title='bbox 879 694 921 717; x_wconf 87' lang='lat' dir='ltr'>sc</span> <span class='ocrx_word' id='word_1_72' title='bbox 952 679 1210 730; x_wconf 87' lang='lat' dir='ltr'>perpendens</span> <span class='ocrx_word' id='word_1_73' title='bbox 1231 679 1315 716; x_wconf 90' lang='lat' dir='ltr'>Leo</span> <span class='ocrx_word' id='word_1_74' title='bbox 1337 679 1504 716; x_wconf 85' lang='lat' dir='ltr'>Petrum</span> <span class='ocrx_word' id='word_1_75' title='bbox 1535 680 1585 717; x_wconf 91' lang='lat' dir='ltr'>de</span> <span class='ocrx_word' id='word_1_76' title='bbox 1604 679 1798 717; x_wconf 86' lang='lat' dir='ltr'>Accolitis</span> <span class='ocrx_word' id='word_1_77' title='bbox 1819 680 2042 717; x_wconf 89' lang='lat' dir='ltr'>Anconita-</span> 
     </span>
     <span class='ocr_line' id='line_1_9' title="bbox 331 734 2042 786; baseline -0.004 -7"><span class='ocrx_word' id='word_1_78' title='bbox 331 756 425 779; x_wconf 86' lang='lat' dir='ltr'>num</span> <span class='ocrx_word' id='word_1_79' title='bbox 446 743 497 780; x_wconf 82' lang='lat' dir='ltr'>D.</span> <span class='ocrx_word' id='word_1_80' title='bbox 521 738 690 777; x_wconf 86' lang='lat' dir='ltr'>Eusebii</span> <span class='ocrx_word' id='word_1_81' title='bbox 720 734 990 775; x_wconf 84' lang='lat' dir='ltr'>cardinale1n⁷</span> <span class='ocrx_word' id='word_1_82' title='bbox 1019 749 1091 786; x_wconf 92' lang='lat' dir='ltr'>pro</span> <span class='ocrx_word' id='word_1_83' title='bbox 1114 735 1182 772; x_wconf 90' lang='lat' dir='ltr'>illo</span> <span class='ocrx_word' id='word_1_84' title='bbox 1205 734 1422 774; x_wconf 83' lang='lat' dir='ltr'>substituit.</span> <span class='ocrx_word' id='word_1_85' title='bbox 1482 735 1538 772; x_wconf 86' lang='lat' dir='ltr'>Hi</span> <span class='ocrx_word' id='word_1_86' title='bbox 1559 748 1790 786; x_wconf 81' lang='lat' dir='ltr'>quanquam</span> <span class='ocrx_word' id='word_1_87' title='bbox 1811 735 1914 772; x_wconf 90' lang='lat' dir='ltr'>nihil</span> <span class='ocrx_word' id='word_1_88' title='bbox 1934 735 2042 785; x_wconf 83' lang='lat' dir='ltr'>quod</span> 
     </span>
     <span class='ocr_line' id='line_1_10' title="bbox 330 791 2040 839; baseline -0.004 -4"><span class='ocrx_word' id='word_1_89' title='bbox 330 799 391 835; x_wconf 87' lang='lat' dir='ltr'>sui</span> <span class='ocrx_word' id='word_1_90' title='bbox 424 798 543 834; x_wconf 88' lang='lat' dir='ltr'>officii</span> <span class='ocrx_word' id='word_1_91' title='bbox 576 801 697 839; x_wconf 81' lang='lat' dir='ltr'>esset,</span> <span class='ocrx_word' id='word_1_92' title='bbox 732 793 1002 837; x_wconf 71' lang='lat' dir='ltr'>intermisere,</span> <span class='ocrx_word' id='word_1_93' title='bbox 1034 791 1304 829; x_wconf 84' lang='lat' dir='ltr'>Hochstratus</span> <span class='ocrx_word' id='word_1_94' title='bbox 1335 797 1471 829; x_wconf 90' lang='lat' dir='ltr'>tamen</span> <span class='ocrx_word' id='word_1_95' title='bbox 1500 805 1630 829; x_wconf 88' lang='lat' dir='ltr'>moras</span> <span class='ocrx_word' id='word_1_96' title='bbox 1661 791 1885 829; x_wconf 83' lang='lat' dir='ltr'>identidem</span> <span class='ocrx_word' id='word_1_97' title='bbox 1905 792 2040 837; x_wconf 82' lang='lat' dir='ltr'>nectit,</span> 
     </span>
     <span class='ocr_line' id='line_1_11' title="bbox 332 847 2042 903; baseline -0.004 -12"><span class='ocrx_word' id='word_1_98' title='bbox 332 860 453 903; x_wconf 87' lang='lat' dir='ltr'>atque</span> <span class='ocrx_word' id='word_1_99' title='bbox 490 852 604 889; x_wconf 86' lang='lat' dir='ltr'>malis</span> <span class='ocrx_word' id='word_1_100' title='bbox 643 851 724 887; x_wconf 86' lang='lat' dir='ltr'>suis</span> <span class='ocrx_word' id='word_1_101' title='bbox 764 848 914 886; x_wconf 89' lang='lat' dir='ltr'>artibus</span> <span class='ocrx_word' id='word_1_102' title='bbox 953 847 1145 894; x_wconf 83' lang='lat' dir='ltr'>obtinuit,</span> <span class='ocrx_word' id='word_1_103' title='bbox 1185 853 1230 884; x_wconf 91' lang='lat' dir='ltr'>ut</span> <span class='ocrx_word' id='word_1_104' title='bbox 1267 847 1475 884; x_wconf 86' lang='lat' dir='ltr'>nonnullis</span> <span class='ocrx_word' id='word_1_105' title='bbox 1513 860 1674 898; x_wconf 89' lang='lat' dir='ltr'>quoque</span> <span class='ocrx_word' id='word_1_106' title='bbox 1713 861 1762 885; x_wconf 73' lang='lat' dir='ltr'>ex</span> <span class='ocrx_word' id='word_1_107' title='bbox 1797 860 1868 884; x_wconf 88' lang='lat' dir='ltr'>suo</span> <span class='ocrx_word' id='word_1_108' title='bbox 1901 847 2042 884; x_wconf 89' lang='lat' dir='ltr'>ordine</span> 
     </span>
     <span class='ocr_line' id='line_1_12' title="bbox 332 903 2042 958; baseline -0.004 -11"><span class='ocrx_word' id='word_1_109' title='bbox 332 922 460 947; x_wconf 67' lang='lat' dir='ltr'>causae</span> <span class='ocrx_word' id='word_1_110' title='bbox 493 907 669 958; x_wconf 76' lang='lat' dir='ltr'>cognitio</span> <span class='ocrx_word' id='word_1_111' title='bbox 700 918 783 942; x_wconf 84' lang='lat' dir='ltr'>una</span> <span class='ocrx_word' id='word_1_112' title='bbox 815 903 1144 949; x_wconf 81' lang='lat' dir='ltr'>demandaretur,</span> <span class='ocrx_word' id='word_1_113' title='bbox 1183 903 1226 939; x_wconf 91' lang='lat' dir='ltr'>in</span> <span class='ocrx_word' id='word_1_114' title='bbox 1264 903 1408 953; x_wconf 86' lang='lat' dir='ltr'>quibus</span> <span class='ocrx_word' id='word_1_115' title='bbox 1439 904 1640 954; x_wconf 74' lang='lat' dir='ltr'>praecipue</span> <span class='ocrx_word' id='word_1_116' title='bbox 1671 903 1837 940; x_wconf 87' lang='lat' dir='ltr'>fuerunt</span> <span class='ocrx_word' id='word_1_117' title='bbox 1866 903 2042 940; x_wconf 81' lang='lat' dir='ltr'>Thomas</span> 
     </span>
     <span class='ocr_line' id='line_1_13' title="bbox 335 959 2043 1015; baseline -0.004 -13"><span class='ocrx_word' id='word_1_118' title='bbox 335 963 399 1015; x_wconf 85' lang='lat' dir='ltr'>[de</span> <span class='ocrx_word' id='word_1_119' title='bbox 420 961 512 1014; x_wconf 81' lang='lat' dir='ltr'>Vio]</span> <span class='ocrx_word' id='word_1_120' title='bbox 538 963 755 1001; x_wconf 85' lang='lat' dir='ltr'>Caietanus</span> <span class='ocrx_word' id='word_1_121' title='bbox 784 965 1028 1010; x_wconf 83' lang='lat' dir='ltr'>purpuratus</span> <span class='ocrx_word' id='word_1_122' title='bbox 1060 965 1099 996; x_wconf 89' lang='lat' dir='ltr'>et</span> <span class='ocrx_word' id='word_1_123' title='bbox 1122 959 1331 1010; x_wconf 81' lang='lat' dir='ltr'>Sylvester</span> <span class='ocrx_word' id='word_1_124' title='bbox 1356 959 1551 1006; x_wconf 87' lang='lat' dir='ltr'>Prierias,</span> <span class='ocrx_word' id='word_1_125' title='bbox 1585 959 1726 1009; x_wconf 86' lang='lat' dir='ltr'>palatii</span> <span class='ocrx_word' id='word_1_126' title='bbox 1756 959 1866 1009; x_wconf 88' lang='lat' dir='ltr'>quod</span> <span class='ocrx_word' id='word_1_127' title='bbox 1895 964 2043 997; x_wconf 88' lang='lat' dir='ltr'>Vocant</span> 
     </span>
     <span class='ocr_line' id='line_1_14' title="bbox 331 1014 2041 1069; baseline -0.004 -11"><span class='ocrx_word' id='word_1_128' title='bbox 331 1022 431 1058; x_wconf 88' lang='lat' dir='ltr'>sacri</span> <span class='ocrx_word' id='word_1_129' title='bbox 453 1019 681 1069; x_wconf 77' lang='lat' dir='ltr'>Magister“</span> <span class='ocrx_word' id='word_1_130' title='bbox 696 1016 722 1055; x_wconf 64' lang='lat' dir='ltr'>S.</span> <span class='ocrx_word' id='word_1_131' title='bbox 782 1017 846 1053; x_wconf 90' lang='lat' dir='ltr'>De</span> <span class='ocrx_word' id='word_1_132' title='bbox 875 1016 952 1053; x_wconf 89' lang='lat' dir='ltr'>hoc</span> <span class='ocrx_word' id='word_1_133' title='bbox 983 1015 1190 1053; x_wconf 84' lang='lat' dir='ltr'>cardinale</span> <span class='ocrx_word' id='word_1_134' title='bbox 1218 1015 1275 1051; x_wconf 89' lang='lat' dir='ltr'>sic</span> <span class='ocrx_word' id='word_1_135' title='bbox 1294 1014 1379 1053; x_wconf 87' lang='lat' dir='ltr'>Ioa.</span> <span class='ocrx_word' id='word_1_136' title='bbox 1401 1014 1693 1053; x_wconf 87' lang='lat' dir='ltr'>Piemontanus</span> <span class='ocrx_word' id='word_1_137' title='bbox 1722 1016 1764 1052; x_wconf 93' lang='lat' dir='ltr'>in</span> <span class='ocrx_word' id='word_1_138' title='bbox 1785 1014 1870 1054; x_wconf 81' lang='lat' dir='ltr'>MS.</span> <span class='ocrx_word' id='word_1_139' title='bbox 1892 1014 2041 1052; x_wconf 85' lang='lat' dir='ltr'>Aucta-</span> 
     </span>
    </p>
   </div>
   <div class='ocr_carea' id='block_1_3' title="bbox 329 1069 877 1114">
    <p class='ocr_par' dir='ltr' id='par_1_3' title="bbox 329 1069 877 1114">
     <span class='ocr_line' id='line_1_15' title="bbox 329 1069 877 1114; baseline -0.011 0"><span class='ocrx_word' id='word_1_140' title='bbox 329 1078 388 1114; x_wconf 90' lang='lat' dir='ltr'>rio</span> <span class='ocrx_word' id='word_1_141' title='bbox 420 1090 513 1114; x_wconf 87' lang='lat' dir='ltr'>scrr.</span> <span class='ocrx_word' id='word_1_142' title='bbox 538 1076 632 1113; x_wconf 83' lang='lat' dir='ltr'>eccl.</span> <span class='ocrx_word' id='word_1_143' title='bbox 655 1074 725 1111; x_wconf 85' lang='lat' dir='ltr'>fol.</span> <span class='ocrx_word' id='word_1_144' title='bbox 751 1069 877 1109; x_wconf 67' lang='lat'>14:31³:</span> 
     </span>
    </p>
   </div>
   <div class='ocr_carea' id='block_1_4' title="bbox 326 1145 2043 1977">
    <p class='ocr_par' dir='ltr' id='par_1_4' title="bbox 326 1145 2043 1863">
     <span class='ocr_line' id='line_1_16' title="bbox 329 1145 2042 1192; baseline -0.003 -8"><span class='ocrx_word' id='word_1_145' title='bbox 329 1152 557 1184; x_wconf 87' lang='lat' dir='ltr'>Bernhardus</span> <span class='ocrx_word' id='word_1_146' title='bbox 583 1152 776 1192; x_wconf 87' lang='lat' dir='ltr'>episcopus</span> <span class='ocrx_word' id='word_1_147' title='bbox 807 1152 843 1180; x_wconf 86' lang='lat' dir='ltr'>et</span> <span class='ocrx_word' id='word_1_148' title='bbox 872 1150 1105 1180; x_wconf 78' lang='lat' dir='ltr'>sacrosancte</span> <span class='ocrx_word' id='word_1_149' title='bbox 1137 1147 1293 1179; x_wconf 84' lang='lat' dir='ltr'>ecclesie</span> <span class='ocrx_word' id='word_1_150' title='bbox 1321 1146 1494 1178; x_wconf 85' lang='lat' dir='ltr'>rhomane</span> <span class='ocrx_word' id='word_1_151' title='bbox 1517 1146 1616 1178; x_wconf 88' lang='lat' dir='ltr'>tituli</span> <span class='ocrx_word' id='word_1_152' title='bbox 1638 1150 1766 1178; x_wconf 88' lang='lat' dir='ltr'>sancte</span> <span class='ocrx_word' id='word_1_153' title='bbox 1791 1145 1917 1178; x_wconf 87' lang='lat' dir='ltr'>Crucis</span> <span class='ocrx_word' id='word_1_154' title='bbox 1941 1157 2042 1189; x_wconf 89' lang='lat' dir='ltr'>pres-</span> 
     </span>
     <span class='ocr_line' id='line_1_17' title="bbox 331 1201 2040 1249; baseline -0.004 -9"><span class='ocrx_word' id='word_1_155' title='bbox 331 1209 434 1249; x_wconf 79' lang='lat' dir='ltr'>byter</span> <span class='ocrx_word' id='word_1_156' title='bbox 460 1207 657 1239; x_wconf 85' lang='lat' dir='ltr'>cardinalis</span> <span class='ocrx_word' id='word_1_157' title='bbox 680 1207 736 1238; x_wconf 91' lang='lat' dir='ltr'>vir</span> <span class='ocrx_word' id='word_1_158' title='bbox 759 1206 796 1236; x_wconf 90' lang='lat' dir='ltr'>in</span> <span class='ocrx_word' id='word_1_159' title='bbox 815 1204 948 1236; x_wconf 88' lang='lat' dir='ltr'>diuinis</span> <span class='ocrx_word' id='word_1_160' title='bbox 967 1203 1157 1245; x_wconf 86' lang='lat' dir='ltr'>scripturis</span> <span class='ocrx_word' id='word_1_161' title='bbox 1175 1203 1337 1234; x_wconf 87' lang='lat' dir='ltr'>eruditus</span> <span class='ocrx_word' id='word_1_162' title='bbox 1356 1205 1466 1243; x_wconf 86' lang='lat' dir='ltr'>atque</span> <span class='ocrx_word' id='word_1_163' title='bbox 1485 1203 1521 1233; x_wconf 89' lang='lat' dir='ltr'>in</span> <span class='ocrx_word' id='word_1_164' title='bbox 1539 1202 1696 1235; x_wconf 87' lang='lat' dir='ltr'>seculari</span> <span class='ocrx_word' id='word_1_165' title='bbox 1713 1201 1923 1234; x_wconf 82' lang='lat' dir='ltr'>litteratura</span> <span class='ocrx_word' id='word_1_166' title='bbox 1941 1213 2040 1244; x_wconf 87' lang='lat' dir='ltr'>egre—</span> 
     </span>
     <span class='ocr_line' id='line_1_18' title="bbox 331 1257 2042 1306; baseline -0.004 -11"><span class='ocrx_word' id='word_1_167' title='bbox 331 1265 389 1306; x_wconf 77' lang='lat' dir='ltr'>gie</span> <span class='ocrx_word' id='word_1_168' title='bbox 414 1264 538 1296; x_wconf 90' lang='lat' dir='ltr'>doctus</span> <span class='ocrx_word' id='word_1_169' title='bbox 564 1266 601 1295; x_wconf 81' lang='lat' dir='ltr'>et</span> <span class='ocrx_word' id='word_1_170' title='bbox 626 1263 713 1294; x_wconf 85' lang='lat' dir='ltr'>iuris</span> <span class='ocrx_word' id='word_1_171' title='bbox 731 1260 908 1304; x_wconf 88' lang='lat' dir='ltr'>pontificii</span> <span class='ocrx_word' id='word_1_172' title='bbox 932 1270 1002 1291; x_wconf 88' lang='lat' dir='ltr'>non</span> <span class='ocrx_word' id='word_1_173' title='bbox 1027 1260 1178 1300; x_wconf 84' lang='lat' dir='ltr'>ignarus</span> <span class='ocrx_word' id='word_1_174' title='bbox 1202 1259 1350 1300; x_wconf 83' lang='lat' dir='ltr'>ingenio</span> <span class='ocrx_word' id='word_1_175' title='bbox 1378 1257 1498 1289; x_wconf 90' lang='lat' dir='ltr'>clarus</span> <span class='ocrx_word' id='word_1_176' title='bbox 1517 1261 1554 1290; x_wconf 88' lang='lat' dir='ltr'>et</span> <span class='ocrx_word' id='word_1_177' title='bbox 1572 1258 1717 1300; x_wconf 88' lang='lat' dir='ltr'>eloquio</span> <span class='ocrx_word' id='word_1_178' title='bbox 1735 1257 1894 1290; x_wconf 88' lang='lat' dir='ltr'>disertus</span> <span class='ocrx_word' id='word_1_179' title='bbox 1909 1260 1988 1291; x_wconf 89' lang='lat' dir='ltr'>vita</span> <span class='ocrx_word' id='word_1_180' title='bbox 2007 1261 2042 1290; x_wconf 90' lang='lat' dir='ltr'>et</span> 
     </span>
     <span class='ocr_line' id='line_1_19' title="bbox 330 1314 2043 1360; baseline -0.004 -8"><span class='ocrx_word' id='word_1_181' title='bbox 330 1320 608 1351; x_wconf 84' lang='lat' dir='ltr'>conuersatione</span> <span class='ocrx_word' id='word_1_182' title='bbox 633 1319 776 1360; x_wconf 82' lang='lat' dir='ltr'>integer</span> <span class='ocrx_word' id='word_1_183' title='bbox 800 1320 836 1349; x_wconf 90' lang='lat' dir='ltr'>et</span> <span class='ocrx_word' id='word_1_184' title='bbox 860 1316 1012 1347; x_wconf 81' lang='lat' dir='ltr'>maxime</span> <span class='ocrx_word' id='word_1_185' title='bbox 1030 1315 1281 1356; x_wconf 85' lang='lat' dir='ltr'>religiosorum</span> <span class='ocrx_word' id='word_1_186' title='bbox 1300 1314 1424 1346; x_wconf 86' lang='lat' dir='ltr'>fautor</span> <span class='ocrx_word' id='word_1_187' title='bbox 1440 1315 1614 1356; x_wconf 82' lang='lat' dir='ltr'>pacisque</span> <span class='ocrx_word' id='word_1_188' title='bbox 1631 1324 1703 1346; x_wconf 92' lang='lat' dir='ltr'>non</span> <span class='ocrx_word' id='word_1_189' title='bbox 1719 1314 1885 1346; x_wconf 86' lang='lat' dir='ltr'>minimus</span> <span class='ocrx_word' id='word_1_190' title='bbox 1904 1317 2043 1346; x_wconf 86' lang='lat' dir='ltr'>amator</span> 
     </span>
     <span class='ocr_line' id='line_1_20' title="bbox 329 1369 2042 1416; baseline -0.004 -9"><span class='ocrx_word' id='word_1_191' title='bbox 329 1377 490 1407; x_wconf 86' lang='lat' dir='ltr'>sincerus</span> <span class='ocrx_word' id='word_1_192' title='bbox 516 1375 576 1416; x_wconf 87' lang='lat' dir='ltr'>qui</span> <span class='ocrx_word' id='word_1_193' title='bbox 601 1375 673 1405; x_wconf 87' lang='lat' dir='ltr'>iam</span> <span class='ocrx_word' id='word_1_194' title='bbox 697 1374 829 1405; x_wconf 89' lang='lat' dir='ltr'>dudum</span> <span class='ocrx_word' id='word_1_195' title='bbox 852 1372 996 1414; x_wconf 81' lang='lat' dir='ltr'>legatus</span> <span class='ocrx_word' id='word_1_196' title='bbox 1020 1372 1057 1402; x_wconf 90' lang='lat' dir='ltr'>in</span> <span class='ocrx_word' id='word_1_197' title='bbox 1075 1370 1225 1412; x_wconf 86' lang='lat' dir='ltr'>galliam</span> <span class='ocrx_word' id='word_1_198' title='bbox 1244 1371 1538 1412; x_wconf 81' lang='lat' dir='ltr'>germaniamque</span> <span class='ocrx_word' id='word_1_199' title='bbox 1555 1371 1686 1402; x_wconf 89' lang='lat' dir='ltr'>missus</span> <span class='ocrx_word' id='word_1_200' title='bbox 1703 1370 1910 1402; x_wconf 90' lang='lat' dir='ltr'>inferiorem</span> <span class='ocrx_word' id='word_1_201' title='bbox 1928 1369 2042 1401; x_wconf 82' lang='lat' dir='ltr'>multa</span> 
     </span>
     <span class='ocr_line' id='line_1_21' title="bbox 329 1425 2042 1474; baseline -0.004 -11"><span class='ocrx_word' id='word_1_202' title='bbox 329 1443 390 1474; x_wconf 88' lang='lat' dir='ltr'>pro</span> <span class='ocrx_word' id='word_1_203' title='bbox 414 1431 672 1463; x_wconf 81' lang='lat' dir='ltr'>reformatione</span> <span class='ocrx_word' id='word_1_204' title='bbox 696 1430 796 1472; x_wconf 83' lang='lat' dir='ltr'>pacis</span> <span class='ocrx_word' id='word_1_205' title='bbox 825 1428 1069 1469; x_wconf 82' lang='lat' dir='ltr'>sedandisque</span> <span class='ocrx_word' id='word_1_206' title='bbox 1093 1426 1254 1458; x_wconf 82' lang='lat' dir='ltr'>discidiis</span> <span class='ocrx_word' id='word_1_207' title='bbox 1282 1427 1482 1468; x_wconf 62' lang='lat' dir='ltr'>praesertim</span> <span class='ocrx_word' id='word_1_208' title='bbox 1505 1429 1602 1458; x_wconf 89' lang='lat' dir='ltr'>inter</span> <span class='ocrx_word' id='word_1_209' title='bbox 1629 1426 1867 1458; x_wconf 87' lang='lat' dir='ltr'>brabantinos</span> <span class='ocrx_word' id='word_1_210' title='bbox 1891 1429 1927 1457; x_wconf 91' lang='lat' dir='ltr'>et</span> <span class='ocrx_word' id='word_1_211' title='bbox 1950 1425 2042 1458; x_wconf 85' lang='lat' dir='ltr'>alios</span> 
     </span>
     <span class='ocr_line' id='line_1_22' title="bbox 328 1482 2043 1525; baseline -0.003 -6"><span class='ocrx_word' id='word_1_212' title='bbox 328 1488 463 1519; x_wconf 85' lang='lat' dir='ltr'>habitis</span> <span class='ocrx_word' id='word_1_213' title='bbox 481 1487 663 1519; x_wconf 86' lang='lat' dir='ltr'>laborauit</span> <span class='ocrx_word' id='word_1_214' title='bbox 682 1488 718 1517; x_wconf 89' lang='lat' dir='ltr'>et</span> <span class='ocrx_word' id='word_1_215' title='bbox 735 1485 825 1516; x_wconf 87' lang='lat' dir='ltr'>fecit</span> <span class='ocrx_word' id='word_1_216' title='bbox 861 1484 1017 1525; x_wconf 85' lang='lat' dir='ltr'>Scripsit</span> <span class='ocrx_word' id='word_1_217' title='bbox 1034 1483 1187 1524; x_wconf 85' lang='lat' dir='ltr'>quedam</span> <span class='ocrx_word' id='word_1_218' title='bbox 1205 1482 1372 1524; x_wconf 87' lang='lat' dir='ltr'>preclara</span> <span class='ocrx_word' id='word_1_219' title='bbox 1389 1493 1499 1524; x_wconf 83' lang='lat' dir='ltr'>opera</span> <span class='ocrx_word' id='word_1_220' title='bbox 1514 1483 1542 1514; x_wconf 85' lang='grc' dir='ltr'><em>Ε</em></span> <span class='ocrx_word' id='word_1_221' title='bbox 1560 1483 1689 1524; x_wconf 85' lang='lat' dir='ltr'>quibus</span> <span class='ocrx_word' id='word_1_222' title='bbox 1707 1493 1814 1514; x_wconf 88' lang='lat' dir='ltr'>vnum</span> <span class='ocrx_word' id='word_1_223' title='bbox 1833 1485 1933 1514; x_wconf 82' lang='lat' dir='ltr'>extat</span> <span class='ocrx_word' id='word_1_224' title='bbox 1947 1482 2043 1523; x_wconf 89' lang='lat' dir='ltr'>quod</span> 
     </span>
     <span class='ocr_line' id='line_1_23' title="bbox 328 1537 2041 1579; baseline -0.004 -4"><span class='ocrx_word' id='word_1_225' title='bbox 328 1544 414 1574; x_wconf 88' lang='lat' dir='ltr'>mihi</span> <span class='ocrx_word' id='word_1_226' title='bbox 438 1543 570 1574; x_wconf 90' lang='lat' dir='ltr'>dudum</span> <span class='ocrx_word' id='word_1_227' title='bbox 595 1542 754 1573; x_wconf 81' lang='lat' dir='ltr'>innotuit</span> <span class='ocrx_word' id='word_1_228' title='bbox 771 1539 906 1572; x_wconf 86' lang='lat' dir='ltr'>Contra</span> <span class='ocrx_word' id='word_1_229' title='bbox 928 1539 1150 1571; x_wconf 88' lang='lat' dir='ltr'>laurentium</span> <span class='ocrx_word' id='word_1_230' title='bbox 1166 1538 1311 1570; x_wconf 84' lang='lat' dir='ltr'>Vallam</span> <span class='ocrx_word' id='word_1_231' title='bbox 1335 1541 1371 1569; x_wconf 88' lang='lat' dir='ltr'>et</span> <span class='ocrx_word' id='word_1_232' title='bbox 1390 1538 1481 1570; x_wconf 82' lang='lat' dir='ltr'>alios</span> <span class='ocrx_word' id='word_1_233' title='bbox 1501 1540 1560 1579; x_wconf 89' lang='lat' dir='ltr'>qui</span> <span class='ocrx_word' id='word_1_234' title='bbox 1580 1548 1717 1570; x_wconf 86' lang='lat' dir='ltr'>vesana</span> <span class='ocrx_word' id='word_1_235' title='bbox 1736 1548 1801 1570; x_wconf 87' lang='lat' dir='ltr'>sua</span> <span class='ocrx_word' id='word_1_236' title='bbox 1817 1537 2041 1579; x_wconf 82' lang='lat' dir='ltr'>loquacitate</span> 
     </span>
     <span class='ocr_line' id='line_1_24' title="bbox 329 1593 2043 1635; baseline -0.004 -5"><span class='ocrx_word' id='word_1_237' title='bbox 329 1600 462 1630; x_wconf 84' lang='lat' dir='ltr'>audent</span> <span class='ocrx_word' id='word_1_238' title='bbox 478 1599 615 1631; x_wconf 85' lang='lat' dir='ltr'>latrare</span> <span class='ocrx_word' id='word_1_239' title='bbox 634 1599 670 1629; x_wconf 90' lang='lat' dir='ltr'>in</span> <span class='ocrx_word' id='word_1_240' title='bbox 689 1607 862 1629; x_wconf 85' lang='lat' dir='ltr'>summum</span> <span class='ocrx_word' id='word_1_241' title='bbox 882 1595 1010 1627; x_wconf 88' lang='lat' dir='ltr'>christi</span> <span class='ocrx_word' id='word_1_242' title='bbox 1026 1595 1204 1627; x_wconf 84' lang='lat' dir='ltr'>vicarium</span> <span class='ocrx_word' id='word_1_243' title='bbox 1225 1598 1260 1626; x_wconf 87' lang='lat' dir='ltr'>et</span> <span class='ocrx_word' id='word_1_244' title='bbox 1277 1598 1441 1626; x_wconf 82' lang='lat' dir='ltr'>sanctam</span> <span class='ocrx_word' id='word_1_245' title='bbox 1459 1595 1711 1626; x_wconf 84' lang='lat' dir='ltr'>rhomanorum</span> <span class='ocrx_word' id='word_1_246' title='bbox 1727 1593 1923 1626; x_wconf 87' lang='lat' dir='ltr'>ecclesiam</span> <span class='ocrx_word' id='word_1_247' title='bbox 1938 1594 2043 1635; x_wconf 87' lang='lat' dir='ltr'>quasi</span> 
     </span>
     <span class='ocr_line' id='line_1_25' title="bbox 328 1650 2042 1693; baseline -0.004 -7"><span class='ocrx_word' id='word_1_248' title='bbox 328 1666 397 1687; x_wconf 87' lang='lat' dir='ltr'>non</span> <span class='ocrx_word' id='word_1_249' title='bbox 426 1666 513 1687; x_wconf 87' lang='lat' dir='ltr'>vera</span> <span class='ocrx_word' id='word_1_250' title='bbox 543 1655 605 1687; x_wconf 88' lang='lat' dir='ltr'>sed</span> <span class='ocrx_word' id='word_1_251' title='bbox 637 1654 733 1686; x_wconf 82' lang='lat' dir='ltr'>falsa</span> <span class='ocrx_word' id='word_1_252' title='bbox 764 1654 812 1685; x_wconf 88' lang='lat' dir='ltr'>sit</span> <span class='ocrx_word' id='word_1_253' title='bbox 842 1652 990 1684; x_wconf 85' lang='lat' dir='ltr'>donatio</span> <span class='ocrx_word' id='word_1_254' title='bbox 1022 1651 1242 1683; x_wconf 85' lang='lat' dir='ltr'>constantini</span> <span class='ocrx_word' id='word_1_255' title='bbox 1262 1650 1497 1693; x_wconf 87' lang='lat' dir='ltr'>jmperatoris</span> <span class='ocrx_word' id='word_1_256' title='bbox 1521 1651 1556 1681; x_wconf 90' lang='lat' dir='ltr'>in</span> <span class='ocrx_word' id='word_1_257' title='bbox 1584 1660 1652 1691; x_wconf 92' lang='lat' dir='ltr'>quo</span> <span class='ocrx_word' id='word_1_258' title='bbox 1677 1650 1818 1691; x_wconf 87' lang='lat' dir='ltr'>quidem</span> <span class='ocrx_word' id='word_1_259' title='bbox 1842 1650 2042 1692; x_wconf 83' lang='lat' dir='ltr'>pergrande</span> 
     </span>
     <span class='ocr_line' id='line_1_26' title="bbox 326 1705 2041 1747; baseline -0.003 -4"><span class='ocrx_word' id='word_1_260' title='bbox 326 1711 493 1743; x_wconf 87' lang='lat' dir='ltr'>volumen</span> <span class='ocrx_word' id='word_1_261' title='bbox 512 1721 650 1742; x_wconf 88' lang='lat' dir='ltr'>omnem</span> <span class='ocrx_word' id='word_1_262' title='bbox 668 1711 819 1741; x_wconf 83' lang='lat' dir='ltr'>istorum</span> <span class='ocrx_word' id='word_1_263' title='bbox 839 1709 1075 1740; x_wconf 82' lang='lat' dir='ltr'>assertionem</span> <span class='ocrx_word' id='word_1_264' title='bbox 1094 1708 1146 1738; x_wconf 86' lang='lat' dir='ltr'>ita</span> <span class='ocrx_word' id='word_1_265' title='bbox 1164 1707 1403 1738; x_wconf 87' lang='lat' dir='ltr'>subneruauit</span> <span class='ocrx_word' id='word_1_266' title='bbox 1418 1711 1458 1739; x_wconf 88' lang='lat' dir='ltr'>vt</span> <span class='ocrx_word' id='word_1_267' title='bbox 1475 1717 1547 1738; x_wconf 89' lang='lat' dir='ltr'>non</span> <span class='ocrx_word' id='word_1_268' title='bbox 1568 1709 1708 1737; x_wconf 87' lang='lat' dir='ltr'>tantum</span> <span class='ocrx_word' id='word_1_269' title='bbox 1726 1716 1849 1738; x_wconf 86' lang='lat' dir='ltr'>veram</span> <span class='ocrx_word' id='word_1_270' title='bbox 1867 1705 1930 1738; x_wconf 86' lang='lat' dir='ltr'>sed</span> <span class='ocrx_word' id='word_1_271' title='bbox 1949 1705 2041 1747; x_wconf 90' lang='lat' dir='ltr'>quod</span> 
     </span>
     <span class='ocr_line' id='line_1_27' title="bbox 327 1762 2042 1809; baseline -0.004 -10"><span class='ocrx_word' id='word_1_272' title='bbox 327 1768 444 1809; x_wconf 80' lang='lat' dir='ltr'>magis</span> <span class='ocrx_word' id='word_1_273' title='bbox 467 1771 523 1799; x_wconf 89' lang='lat' dir='ltr'>est</span> <span class='ocrx_word' id='word_1_274' title='bbox 546 1767 747 1808; x_wconf 82' lang='lat' dir='ltr'>legitimam</span> <span class='ocrx_word' id='word_1_275' title='bbox 773 1769 809 1797; x_wconf 88' lang='lat' dir='ltr'>et</span> <span class='ocrx_word' id='word_1_276' title='bbox 830 1765 989 1796; x_wconf 85' lang='lat' dir='ltr'>debitam</span> <span class='ocrx_word' id='word_1_277' title='bbox 1007 1764 1281 1795; x_wconf 88' lang='lat' dir='ltr'>restitucionem</span> <span class='ocrx_word' id='word_1_278' title='bbox 1299 1763 1419 1804; x_wconf 81' lang='lat' dir='ltr'>potius</span> <span class='ocrx_word' id='word_1_279' title='bbox 1438 1773 1544 1803; x_wconf 87' lang='lat' dir='ltr'>quam</span> <span class='ocrx_word' id='word_1_280' title='bbox 1569 1762 1800 1794; x_wconf 82' lang='lat' dir='ltr'>donationem</span> <span class='ocrx_word' id='word_1_281' title='bbox 1824 1762 1937 1794; x_wconf 81' lang='lat' dir='ltr'>fuisse</span> <span class='ocrx_word' id='word_1_282' title='bbox 1961 1772 2042 1804; x_wconf 87' lang='lat' dir='ltr'>pro-</span> 
     </span>
     <span class='ocr_line' id='line_1_28' title="bbox 328 1818 1903 1863; baseline -0.004 -8"><span class='ocrx_word' id='word_1_283' title='bbox 328 1825 390 1855; x_wconf 89' lang='lat' dir='ltr'>bet</span> <span class='ocrx_word' id='word_1_284' title='bbox 415 1824 573 1863; x_wconf 78' lang='lat' dir='ltr'>Quorum</span> <span class='ocrx_word' id='word_1_285' title='bbox 591 1824 714 1863; x_wconf 80' lang='lat' dir='ltr'>itaque</span> <span class='ocrx_word' id='word_1_286' title='bbox 734 1821 926 1853; x_wconf 87' lang='lat' dir='ltr'>bestialem</span> <span class='ocrx_word' id='word_1_287' title='bbox 943 1819 1116 1860; x_wconf 84' lang='lat' dir='ltr'>laurentij</span> <span class='ocrx_word' id='word_1_288' title='bbox 1136 1819 1386 1851; x_wconf 85' lang='lat' dir='ltr'>inuentionem</span> <span class='ocrx_word' id='word_1_289' title='bbox 1406 1819 1546 1850; x_wconf 89' lang='lat' dir='ltr'>elidens</span> <span class='ocrx_word' id='word_1_290' title='bbox 1564 1818 1713 1860; x_wconf 88' lang='lat' dir='ltr'>scripsit</span> <span class='ocrx_word' id='word_1_291' title='bbox 1731 1818 1903 1860; x_wconf 86' lang='lat' dir='ltr'>grandem</span> 
     </span>
    </p>

    <p class='ocr_par' dir='ltr' id='par_1_5' title="bbox 328 1875 1188 1916">
     <span class='ocr_line' id='line_1_29' title="bbox 328 1875 1188 1916; baseline -0.006 -5"><span class='ocrx_word' id='word_1_292' title='bbox 328 1881 382 1911; x_wconf 86' lang='lat' dir='ltr'>Dc</span> <span class='ocrx_word' id='word_1_293' title='bbox 402 1880 632 1911; x_wconf 84' lang='lat' dir='ltr'>restitutione</span> <span class='ocrx_word' id='word_1_294' title='bbox 654 1877 879 1910; x_wconf 84' lang='lat' dir='ltr'>constantini</span> <span class='ocrx_word' id='word_1_295' title='bbox 1128 1876 1153 1907; x_wconf 93' lang='lat' dir='ltr'>li</span> <span class='ocrx_word' id='word_1_296' title='bbox 1174 1875 1188 1916; x_wconf 87' lang='lat' dir='ltr'>j</span> 
     </span>
    </p>

    <p class='ocr_par' dir='ltr' id='par_1_6' title="bbox 328 1929 2041 1977">
     <span class='ocr_line' id='line_1_30' title="bbox 328 1929 2041 1977; baseline -0.004 -10"><span class='ocrx_word' id='word_1_297' title='bbox 328 1936 374 1967; x_wconf 84' lang='lat' dir='ltr'>Et</span> <span class='ocrx_word' id='word_1_298' title='bbox 398 1936 472 1967; x_wconf 86' lang='lat' dir='ltr'>alia</span> <span class='ocrx_word' id='word_1_299' title='bbox 495 1935 649 1977; x_wconf 87' lang='lat' dir='ltr'>quedam</span> <span class='ocrx_word' id='word_1_300' title='bbox 694 1934 794 1965; x_wconf 89' lang='lat' dir='ltr'>Viuit</span> <span class='ocrx_word' id='word_1_301' title='bbox 809 1942 922 1973; x_wconf 89' lang='lat' dir='ltr'>usque</span> <span class='ocrx_word' id='word_1_302' title='bbox 940 1932 1048 1964; x_wconf 88' lang='lat' dir='ltr'>hodie</span> <span class='ocrx_word' id='word_1_303' title='bbox 1066 1932 1212 1963; x_wconf 85' lang='lat' dir='ltr'>feruens</span> <span class='ocrx_word' id='word_1_304' title='bbox 1229 1931 1314 1963; x_wconf 92' lang='lat' dir='ltr'>fidei</span> <span class='ocrx_word' id='word_1_305' title='bbox 1334 1931 1475 1963; x_wconf 85' lang='lat' dir='ltr'>zelator</span> <span class='ocrx_word' id='word_1_306' title='bbox 1493 1930 1560 1963; x_wconf 89' lang='lat' dir='ltr'>sub</span> <span class='ocrx_word' id='word_1_307' title='bbox 1574 1929 1667 1971; x_wconf 88' lang='lat' dir='ltr'>julio</span> <span class='ocrx_word' id='word_1_308' title='bbox 1685 1931 1721 1962; x_wconf 83' lang='lat'>20</span> <span class='ocrx_word' id='word_1_309' title='bbox 1739 1933 1776 1962; x_wconf 87' lang='lat' dir='ltr'>et</span> <span class='ocrx_word' id='word_1_310' title='bbox 1792 1930 2041 1962; x_wconf 84' lang='lat' dir='ltr'>maximiliano</span> 
     </span>
    </p>
   </div>
   <div class='ocr_carea' id='block_1_5' title="bbox 328 1987 1254 2033">
    <p class='ocr_par' dir='ltr' id='par_1_7' title="bbox 328 1987 1254 2033">
     <span class='ocr_line' id='line_1_31' title="bbox 328 1987 1254 2033; baseline -0.003 -11"><span class='ocrx_word' id='word_1_311' title='bbox 328 1992 545 2033; x_wconf 86' lang='lat' dir='ltr'>imperatore</span> <span class='ocrx_word' id='word_1_312' title='bbox 564 2001 658 2022; x_wconf 88' lang='lat' dir='ltr'>anno</span> <span class='ocrx_word' id='word_1_313' title='bbox 676 1989 735 2021; x_wconf 81' lang='lat' dir='ltr'>dfii</span> <span class='ocrx_word' id='word_1_314' title='bbox 753 2000 821 2032; x_wconf 88' lang='lat' dir='ltr'>quo</span> <span class='ocrx_word' id='word_1_315' title='bbox 839 1989 906 2021; x_wconf 89' lang='lat' dir='ltr'>hec</span> <span class='ocrx_word' id='word_1_316' title='bbox 924 1989 1132 2030; x_wconf 88' lang='lat' dir='ltr'>scripsimus</span> <span class='ocrx_word' id='word_1_317' title='bbox 1151 1987 1235 2031; x_wconf 64' lang='lat' dir='ltr'>nngj</span> <span class='ocrx_word' id='word_1_318' title='bbox 1247 2015 1254 2022; x_wconf 85' lang='grc'><strong>.</strong></span> 
     </span>
    </p>
   </div>
   <div class='ocr_carea' id='block_1_6' title="bbox 415 2064 2040 2235">
    <p class='ocr_par' dir='ltr' id='par_1_8' title="bbox 415 2064 2040 2235">
     <span class='ocr_line' id='line_1_32' title="bbox 417 2064 2037 2113; baseline -0.003 -11"><span class='ocrx_word' id='word_1_319' title='bbox 417 2069 450 2113; x_wconf 82' lang='grc'>5)</span> <span class='ocrx_word' id='word_1_320' title='bbox 475 2070 521 2102; x_wconf 87' lang='lat' dir='ltr'>cf.</span> <span class='ocrx_word' id='word_1_321' title='bbox 543 2070 641 2101; x_wconf 85' lang='lat' dir='ltr'>infra</span> <span class='ocrx_word' id='word_1_322' title='bbox 664 2069 758 2101; x_wconf 88' lang='lat' dir='ltr'>hunc</span> <span class='ocrx_word' id='word_1_323' title='bbox 782 2072 849 2103; x_wconf 85' lang='lat' dir='ltr'>art.</span> <span class='ocrx_word' id='word_1_324' title='bbox 965 2065 999 2110; x_wconf 87' lang='grc'>6)</span> <span class='ocrx_word' id='word_1_325' title='bbox 1025 2067 1071 2101; x_wconf 81' lang='lat' dir='ltr'>cf.</span> <span class='ocrx_word' id='word_1_326' title='bbox 1094 2065 1385 2098; x_wconf 84' lang='lat' dir='ltr'>Conciliabulum</span> <span class='ocrx_word' id='word_1_327' title='bbox 1409 2065 1659 2107; x_wconf 81' lang='lat' dir='ltr'>theologistar.</span> <span class='ocrx_word' id='word_1_328' title='bbox 1685 2065 1723 2096; x_wconf 89' lang='lat' dir='ltr'>in</span> <span class='ocrx_word' id='word_1_329' title='bbox 1745 2065 1849 2099; x_wconf 86' lang='lat' dir='ltr'>Hutt.</span> <span class='ocrx_word' id='word_1_330' title='bbox 1867 2064 1960 2107; x_wconf 87' lang='lat' dir='ltr'>Opp.</span> <span class='ocrx_word' id='word_1_331' title='bbox 1976 2065 2037 2098; x_wconf 92' lang='lat' dir='ltr'>IV.</span> 
     </span>
     <span class='ocr_line' id='line_1_33' title="bbox 416 2126 2040 2173; baseline -0.004 -9"><span class='ocrx_word' id='word_1_332' title='bbox 416 2143 450 2173; x_wconf 89' lang='lat' dir='ltr'>p.</span> <span class='ocrx_word' id='word_1_333' title='bbox 464 2132 539 2166; x_wconf 83' lang='lat'>575.</span> <span class='ocrx_word' id='word_1_334' title='bbox 554 2142 629 2173; x_wconf 87' lang='lat' dir='ltr'>sqq.</span> <span class='ocrx_word' id='word_1_335' title='bbox 739 2128 772 2172; x_wconf 83' lang='lat'>7)</span> <span class='ocrx_word' id='word_1_336' title='bbox 793 2130 838 2165; x_wconf 82' lang='lat' dir='ltr'>cf.</span> <span class='ocrx_word' id='word_1_337' title='bbox 859 2140 968 2171; x_wconf 86' lang='lat' dir='ltr'>supra</span> <span class='ocrx_word' id='word_1_338' title='bbox 987 2131 1055 2163; x_wconf 85' lang='lat' dir='ltr'>art.</span> <span class='ocrx_word' id='word_1_339' title='bbox 1074 2128 1245 2160; x_wconf 89' lang='lat' dir='ltr'>Accoltis.</span> <span class='ocrx_word' id='word_1_340' title='bbox 1339 2126 1373 2169; x_wconf 84' lang='lat'>8)</span> <span class='ocrx_word' id='word_1_341' title='bbox 1394 2128 1438 2159; x_wconf 89' lang='lat' dir='ltr'>cf.</span> <span class='ocrx_word' id='word_1_342' title='bbox 1458 2137 1567 2169; x_wconf 89' lang='lat' dir='ltr'>supra</span> <span class='ocrx_word' id='word_1_343' title='bbox 1585 2126 1717 2169; x_wconf 88' lang='lat' dir='ltr'>Consp.</span> <span class='ocrx_word' id='word_1_344' title='bbox 1735 2127 1893 2159; x_wconf 90' lang='lat' dir='ltr'>chronol.</span> <span class='ocrx_word' id='word_1_345' title='bbox 1911 2127 2040 2169; x_wconf 89' lang='lat' dir='ltr'>praeci-</span> 
     </span>
     <span class='ocr_line' id='line_1_34' title="bbox 415 2192 965 2235; baseline -0.004 -10"><span class='ocrx_word' id='word_1_346' title='bbox 415 2204 484 2235; x_wconf 85' lang='lat' dir='ltr'>pue</span> <span class='ocrx_word' id='word_1_347' title='bbox 504 2193 550 2225; x_wconf 91' lang='lat' dir='ltr'>ad</span> <span class='ocrx_word' id='word_1_348' title='bbox 567 2203 680 2226; x_wconf 88' lang='lat' dir='ltr'>annos</span> <span class='ocrx_word' id='word_1_349' title='bbox 699 2194 795 2227; x_wconf 82' lang='lat'>1515.</span> <span class='ocrx_word' id='word_1_350' title='bbox 815 2195 851 2225; x_wconf 87' lang='lat' dir='ltr'>et</span> <span class='ocrx_word' id='word_1_351' title='bbox 868 2192 965 2224; x_wconf 83' lang='lat'>1518.</span> 
     </span>
    </p>
   </div>
   <div class='ocr_carea' id='block_1_7' title="bbox 328 2303 2040 2457">
    <p class='ocr_par' dir='ltr' id='par_1_9' title="bbox 328 2303 2040 2457">
     <span class='ocr_line' id='line_1_35' title="bbox 328 2303 2040 2356; baseline -0.002 -12"><span class='ocrx_word' id='word_1_352' title='bbox 328 2314 569 2344; x_wconf 79' lang='lat' dir='ltr'><strong>BERNENSE</strong></span> <span class='ocrx_word' id='word_1_353' title='bbox 602 2314 769 2345; x_wconf 83' lang='lat' dir='ltr'>SCELVS</span> <span class='ocrx_word' id='word_1_354' title='bbox 801 2312 882 2343; x_wconf 86' lang='lat' dir='ltr'>tam</span> <span class='ocrx_word' id='word_1_355' title='bbox 911 2306 955 2343; x_wconf 91' lang='lat' dir='ltr'>in</span> <span class='ocrx_word' id='word_1_356' title='bbox 975 2306 1081 2356; x_wconf 79' lang='lat' dir='ltr'>Epp,</span> <span class='ocrx_word' id='word_1_357' title='bbox 1105 2303 1323 2343; x_wconf 88' lang='lat' dir='ltr'>Obscuror.</span> <span class='ocrx_word' id='word_1_358' title='bbox 1345 2304 1479 2343; x_wconf 86' lang='lat' dir='ltr'>Viror.</span> <span class='ocrx_word' id='word_1_359' title='bbox 1502 2317 1621 2355; x_wconf 86' lang='lat' dir='ltr'>quam</span> <span class='ocrx_word' id='word_1_360' title='bbox 1642 2304 1684 2341; x_wconf 91' lang='lat' dir='ltr'>in</span> <span class='ocrx_word' id='word_1_361' title='bbox 1704 2303 1879 2341; x_wconf 87' lang='lat' dir='ltr'>Hutteni</span> <span class='ocrx_word' id='word_1_362' title='bbox 1903 2303 2040 2341; x_wconf 88' lang='lat' dir='ltr'>huius-</span> 
     </span>
     <span class='ocr_line' id='line_1_36' title="bbox 329 2359 2040 2414; baseline -0.002 -15"><span class='ocrx_word' id='word_1_363' title='bbox 329 2376 406 2414; x_wconf 86' lang='lat' dir='ltr'>que</span> <span class='ocrx_word' id='word_1_364' title='bbox 445 2364 659 2413; x_wconf 79' lang='lat' dir='ltr'>aequalium</span> <span class='ocrx_word' id='word_1_365' title='bbox 700 2363 858 2413; x_wconf 87' lang='lat' dir='ltr'>scriptis</span> <span class='ocrx_word' id='word_1_366' title='bbox 896 2362 1115 2412; x_wconf 77' lang='lat' dir='ltr'>saepissime</span> <span class='ocrx_word' id='word_1_367' title='bbox 1159 2366 1422 2412; x_wconf 67' lang='lat' dir='ltr'>memoratum</span> <span class='ocrx_word' id='word_1_368' title='bbox 1457 2360 1500 2397; x_wconf 92' lang='lat' dir='ltr'>in</span> <span class='ocrx_word' id='word_1_369' title='bbox 1536 2360 1597 2397; x_wconf 87' lang='lat' dir='ltr'>his</span> <span class='ocrx_word' id='word_1_370' title='bbox 1632 2359 1781 2398; x_wconf 86' lang='lat' dir='ltr'>libellis</span> <span class='ocrx_word' id='word_1_371' title='bbox 1817 2360 2040 2410; x_wconf 75' lang='lat' dir='ltr'>aequalibus</span> 
     </span>
     <span class='ocr_line' id='line_1_37' title="bbox 333 2419 614 2457; baseline 0.004 -1"><span class='ocrx_word' id='word_1_372' title='bbox 333 2419 503 2457; x_wconf 88' lang='lat' dir='ltr'>relatum</span> <span class='ocrx_word' id='word_1_373' title='bbox 534 2425 614 2457; x_wconf 86' lang='lat' dir='ltr'>est:</span> 
     </span>
    </p>
   </div>
   <div class='ocr_carea' id='block_1_8' title="bbox 326 2492 2091 3096">
    <p class='ocr_par' dir='ltr' id='par_1_10' title="bbox 326 2492 2091 3096">
     <span class='ocr_line' id='line_1_38' title="bbox 330 2492 2040 2537; baseline -0.002 -10"><span class='ocrx_word' id='word_1_374' title='bbox 330 2494 362 2537; x_wconf 93' lang='lat'>1)</span> <span class='ocrx_word' id='word_1_375' title='bbox 388 2497 433 2537; x_wconf 63' lang='lat' dir='ltr'>{le</span> <span class='ocrx_word' id='word_1_376' title='bbox 456 2502 615 2537; x_wconf 74' lang='lat' dir='ltr'>quattuor</span> <span class='ocrx_word' id='word_1_377' title='bbox 639 2495 839 2537; x_wconf 65' lang='lat' dir='ltr'>heresiarchis</span> <span class='ocrx_word' id='word_1_378' title='bbox 867 2494 872 2536; x_wconf 97' lang='grc' dir='ltr'>Ι</span> <span class='ocrx_word' id='word_1_379' title='bbox 900 2494 1038 2527; x_wconf 87' lang='lat' dir='ltr'>ordinis</span> <span class='ocrx_word' id='word_1_380' title='bbox 1067 2495 1352 2527; x_wconf 82' lang='lat' dir='ltr'>Praedicatorum</span> <span class='ocrx_word' id='word_1_381' title='bbox 1384 2493 1428 2525; x_wconf 92' lang='lat' dir='ltr'>de</span> <span class='ocrx_word' id='word_1_382' title='bbox 1453 2492 1723 2535; x_wconf 51' lang='lat' dir='ltr'>Obser=luantia</span> <span class='ocrx_word' id='word_1_383' title='bbox 1752 2495 2040 2535; x_wconf 85' lang='lat' dir='ltr'>nuncupatorum</span> 
     </span>
     <span class='ocr_line' id='line_1_39' title="bbox 328 2546 2038 2593; baseline -0.001 -11"><span class='ocrx_word' id='word_1_384' title='bbox 328 2551 422 2593; x_wconf 90' lang='lat' dir='ltr'>apud</span> <span class='ocrx_word' id='word_1_385' title='bbox 444 2551 448 2593; x_wconf 99' lang='grc' dir='ltr'>Ι</span> <span class='ocrx_word' id='word_1_386' title='bbox 471 2552 653 2583; x_wconf 84' lang='lat' dir='ltr'>Suitenses</span> <span class='ocrx_word' id='word_1_387' title='bbox 676 2552 713 2583; x_wconf 89' lang='lat' dir='ltr'>in</span> <span class='ocrx_word' id='word_1_388' title='bbox 738 2552 888 2583; x_wconf 85' lang='lat' dir='ltr'>ciuitate</span> <span class='ocrx_word' id='word_1_389' title='bbox 910 2550 1096 2591; x_wconf 57' lang='lat' dir='ltr'>Berfnensi</span> <span class='ocrx_word' id='word_1_390' title='bbox 1122 2548 1292 2583; x_wconf 74' lang='lat' dir='ltr'>cobustis.</span> <span class='ocrx_word' id='word_1_391' title='bbox 1317 2548 1431 2590; x_wconf 58' lang='lat' dir='ltr'>Anlno</span> <span class='ocrx_word' id='word_1_392' title='bbox 1450 2549 1581 2580; x_wconf 83' lang='lat' dir='ltr'>Christi</span> <span class='ocrx_word' id='word_1_393' title='bbox 1602 2547 1606 2591; x_wconf 95' lang='grc' dir='ltr'>Ι</span> <span class='ocrx_word' id='word_1_394' title='bbox 1629 2560 1664 2581; x_wconf 76' lang='grc' dir='ltr'>Μ.</span> <span class='ocrx_word' id='word_1_395' title='bbox 1682 2559 1717 2580; x_wconf 88' lang='lat' dir='ltr'>D.</span> <span class='ocrx_word' id='word_1_396' title='bbox 1735 2559 1785 2580; x_wconf 79' lang='lat' dir='ltr'>rx.</span> <span class='ocrx_word' id='word_1_397' title='bbox 1808 2547 1812 2590; x_wconf 97' lang='grc' dir='ltr'>Ι</span> <span class='ocrx_word' id='word_1_398' title='bbox 1836 2546 1947 2590; x_wconf 86' lang='lat' dir='ltr'>(Pict.</span> <span class='ocrx_word' id='word_1_399' title='bbox 1965 2548 2038 2590; x_wconf 86' lang='lat' dir='ltr'>xyl.</span> 
     </span>
     <span class='ocr_line' id='line_1_40' title="bbox 329 2603 2040 2649; baseline -0.002 -11"><span class='ocrx_word' id='word_1_400' title='bbox 329 2606 536 2639; x_wconf 87' lang='lat' dir='ltr'>Combustio</span> <span class='ocrx_word' id='word_1_401' title='bbox 554 2609 574 2639; x_wconf 70' lang='lat'>4</span> <span class='ocrx_word' id='word_1_402' title='bbox 592 2607 836 2649; x_wconf 75' lang='lat' dir='ltr'>praedicator.)</span> <span class='ocrx_word' id='word_1_403' title='bbox 859 2605 939 2648; x_wconf 72' lang='lat' dir='ltr'>{Ad</span> <span class='ocrx_word' id='word_1_404' title='bbox 956 2605 1094 2639; x_wconf 73' lang='lat' dir='ltr'>Ioanne</span> <span class='ocrx_word' id='word_1_405' title='bbox 1113 2604 1223 2639; x_wconf 80' lang='lat' dir='ltr'>Scotfi.</span> <span class='ocrx_word' id='word_1_406' title='bbox 1243 2606 1321 2638; x_wconf 89' lang='lat' dir='ltr'>doc.</span> <span class='ocrx_word' id='word_1_407' title='bbox 1341 2603 1478 2637; x_wconf 75' lang='lat' dir='ltr'>subtile.</span> <span class='ocrx_word' id='word_1_408' title='bbox 1502 2603 1506 2646; x_wconf 96' lang='grc' dir='ltr'>Ι</span> <span class='ocrx_word' id='word_1_409' title='bbox 1529 2605 1717 2647; x_wconf 86' lang='lat' dir='ltr'>Concepta</span> <span class='ocrx_word' id='word_1_410' title='bbox 1735 2604 1787 2637; x_wconf 90' lang='lat' dir='ltr'>est</span> <span class='ocrx_word' id='word_1_411' title='bbox 1807 2605 1911 2646; x_wconf 87' lang='lat' dir='ltr'>virgo</span> <span class='ocrx_word' id='word_1_412' title='bbox 1933 2605 2040 2646; x_wconf 86' lang='lat' dir='ltr'>primi</span> 
     </span>
     <span class='ocr_line' id='line_1_41' title="bbox 327 2657 2041 2705; baseline -0.002 -12"><span class='ocrx_word' id='word_1_413' title='bbox 327 2662 400 2694; x_wconf 86' lang='lat' dir='ltr'>sine</span> <span class='ocrx_word' id='word_1_414' title='bbox 418 2663 503 2694; x_wconf 86' lang='lat' dir='ltr'>labe</span> <span class='ocrx_word' id='word_1_415' title='bbox 524 2665 687 2705; x_wconf 87' lang='lat' dir='ltr'>parentis</span> <span class='ocrx_word' id='word_1_416' title='bbox 709 2663 715 2704; x_wconf 92' lang='grc' dir='ltr'>Ι</span> <span class='ocrx_word' id='word_1_417' title='bbox 735 2664 805 2695; x_wconf 88' lang='lat' dir='ltr'>Hic</span> <span class='ocrx_word' id='word_1_418' title='bbox 823 2663 927 2698; x_wconf 72' lang='lat' dir='ltr'>tulit]</span> <span class='ocrx_word' id='word_1_419' title='bbox 946 2663 1005 2694; x_wconf 88' lang='lat' dir='ltr'>hic</span> <span class='ocrx_word' id='word_1_420' title='bbox 1022 2662 1139 2695; x_wconf 88' lang='lat' dir='ltr'>heresi</span> <span class='ocrx_word' id='word_1_421' title='bbox 1156 2661 1270 2704; x_wconf 71' lang='lat' dir='ltr'>prelia</span> <span class='ocrx_word' id='word_1_422' title='bbox 1288 2661 1366 2692; x_wconf 87' lang='lat' dir='ltr'>dira</span> <span class='ocrx_word' id='word_1_423' title='bbox 1384 2661 1497 2692; x_wconf 88' lang='lat' dir='ltr'>dedit.</span> <span class='ocrx_word' id='word_1_424' title='bbox 1520 2658 1525 2702; x_wconf 96' lang='grc' dir='ltr'>Ι</span> <span class='ocrx_word' id='word_1_425' title='bbox 1546 2660 1635 2692; x_wconf 91' lang='lat' dir='ltr'>Inde</span> <span class='ocrx_word' id='word_1_426' title='bbox 1660 2671 1775 2702; x_wconf 85' lang='lat' dir='ltr'>genus</span> <span class='ocrx_word' id='word_1_427' title='bbox 1798 2660 1920 2692; x_wconf 88' lang='lat' dir='ltr'>meriti</span> <span class='ocrx_word' id='word_1_428' title='bbox 1935 2657 2041 2691; x_wconf 77' lang='lat' dir='ltr'>tantfi</span> 
     </span>
     <span class='ocr_line' id='line_1_42' title="bbox 327 2715 2040 2761; baseline -0.001 -13"><span class='ocrx_word' id='word_1_429' title='bbox 327 2717 394 2749; x_wconf 85' lang='lat' dir='ltr'>sibi</span> <span class='ocrx_word' id='word_1_430' title='bbox 416 2729 511 2760; x_wconf 86' lang='lat' dir='ltr'>papa</span> <span class='ocrx_word' id='word_1_431' title='bbox 534 2719 729 2752; x_wconf 84' lang='lat' dir='ltr'>refundens</span> <span class='ocrx_word' id='word_1_432' title='bbox 756 2718 760 2761; x_wconf 98' lang='grc' dir='ltr'>Ι</span> <span class='ocrx_word' id='word_1_433' title='bbox 788 2718 922 2751; x_wconf 89' lang='lat' dir='ltr'>Doctor</span> <span class='ocrx_word' id='word_1_434' title='bbox 945 2718 1089 2751; x_wconf 86' lang='lat' dir='ltr'>subtilis</span> <span class='ocrx_word' id='word_1_435' title='bbox 1113 2717 1246 2749; x_wconf 83' lang='lat' dir='ltr'>dicitur</span> <span class='ocrx_word' id='word_1_436' title='bbox 1266 2719 1377 2758; x_wconf 90' lang='lat' dir='ltr'>vtque</span> <span class='ocrx_word' id='word_1_437' title='bbox 1396 2716 1507 2748; x_wconf 90' lang='lat' dir='ltr'>dedit.</span> <span class='ocrx_word' id='word_1_438' title='bbox 1556 2715 1620 2758; x_wconf 79' lang='lat'>(28</span> <span class='ocrx_word' id='word_1_439' title='bbox 1638 2716 1717 2748; x_wconf 85' lang='lat' dir='ltr'>foll.</span> <span class='ocrx_word' id='word_1_440' title='bbox 1735 2715 1783 2748; x_wconf 79' lang='lat'>40.</span> <span class='ocrx_word' id='word_1_441' title='bbox 1803 2727 1831 2748; x_wconf 91' lang='lat' dir='ltr'>s.</span> <span class='ocrx_word' id='word_1_442' title='bbox 1850 2716 1873 2747; x_wconf 91' lang='lat' dir='ltr'>l.</span> <span class='ocrx_word' id='word_1_443' title='bbox 1894 2716 2040 2758; x_wconf 85' lang='lat' dir='ltr'>signata</span> 
     </span>
     <span class='ocr_line' id='line_1_43' title="bbox 328 2770 2037 2820; baseline -0.001 -16"><span class='ocrx_word' id='word_1_444' title='bbox 328 2774 385 2804; x_wconf 77' lang='lat' dir='ltr'>AS</span> <span class='ocrx_word' id='word_1_445' title='bbox 404 2774 461 2804; x_wconf 72' lang='lat'>134</span> <span class='ocrx_word' id='word_1_446' title='bbox 484 2773 540 2806; x_wconf 80' lang='lat' dir='ltr'>CS</span> <span class='ocrx_word' id='word_1_447' title='bbox 556 2775 617 2806; x_wconf 73' lang='lat' dir='ltr'>DS</span> <span class='ocrx_word' id='word_1_448' title='bbox 637 2775 735 2816; x_wconf 87' lang='lat' dir='ltr'>foll.)</span> <span class='ocrx_word' id='word_1_449' title='bbox 766 2775 857 2816; x_wconf 83' lang='lat' dir='ltr'>Pag.</span> <span class='ocrx_word' id='word_1_450' title='bbox 876 2774 958 2815; x_wconf 85' lang='lat' dir='ltr'>Aij:</span> <span class='ocrx_word' id='word_1_451' title='bbox 984 2778 1017 2820; x_wconf 62' lang='lat' dir='ltr'>q]</span> <span class='ocrx_word' id='word_1_452' title='bbox 1030 2772 1235 2815; x_wconf 85' lang='lat' dir='ltr'>Magnificis</span> <span class='ocrx_word' id='word_1_453' title='bbox 1252 2772 1472 2813; x_wconf 75' lang='lat' dir='ltr'>nobilibusq3</span> <span class='ocrx_word' id='word_1_454' title='bbox 1493 2773 1718 2805; x_wconf 85' lang='lat' dir='ltr'>senatoribus</span> <span class='ocrx_word' id='word_1_455' title='bbox 1739 2771 1768 2804; x_wconf 71' lang='lat' dir='ltr'>Sc</span> <span class='ocrx_word' id='word_1_456' title='bbox 1786 2770 1952 2814; x_wconf 55' lang='lat' dir='ltr'>palricijs</span> <span class='ocrx_word' id='word_1_457' title='bbox 1971 2773 2037 2809; x_wconf 82' lang='lat' dir='ltr'>[sic]</span> 
     </span>
     <span class='ocr_line' id='line_1_44' title="bbox 328 2824 2091 2873; baseline 0 -14"><span class='ocrx_word' id='word_1_458' title='bbox 328 2829 596 2870; x_wconf 80' lang='lat' dir='ltr'>magistratuiq5</span> <span class='ocrx_word' id='word_1_459' title='bbox 613 2830 749 2873; x_wconf 73' lang='lat' dir='ltr'>inclyte</span> <span class='ocrx_word' id='word_1_460' title='bbox 767 2830 930 2862; x_wconf 89' lang='lat' dir='ltr'>ciuitatis</span> <span class='ocrx_word' id='word_1_461' title='bbox 948 2828 1120 2872; x_wconf 20' lang='lat' dir='ltr'>Be1·:¹nefi</span> <span class='ocrx_word' id='word_1_462' title='bbox 1153 2839 1299 2861; x_wconf 71' lang='lat' dir='ltr'>SALvs.</span> <span class='ocrx_word' id='word_1_463' title='bbox 1322 2827 1327 2871; x_wconf 95' lang='grc' dir='ltr'>Ι</span> <span class='ocrx_word' id='word_1_464' title='bbox 1348 2833 1381 2872; x_wconf 57' lang='lat' dir='ltr'>qi</span> <span class='ocrx_word' id='word_1_465' title='bbox 1399 2829 1437 2860; x_wconf 82' lang='lat' dir='ltr'>Si</span> <span class='ocrx_word' id='word_1_466' title='bbox 1456 2828 1597 2861; x_wconf 85' lang='lat' dir='ltr'>Christo</span> <span class='ocrx_word' id='word_1_467' title='bbox 1614 2828 1694 2861; x_wconf 87' lang='lat' dir='ltr'>Iesu</span> <span class='ocrx_word' id='word_1_468' title='bbox 1713 2855 1719 2861; x_wconf 96' lang='lat'>.</span> <span class='ocrx_word' id='word_1_469' title='bbox 1735 2854 1742 2861; x_wconf 88' lang='lat'>.</span> <span class='ocrx_word' id='word_1_470' title='bbox 1761 2854 1767 2860; x_wconf 95' lang='lat'>.</span> <span class='ocrx_word' id='word_1_471' title='bbox 1860 2824 2039 2869; x_wconf 75' lang='lat' dir='ltr'>Pag.A&#39;6³</span> <span class='ocrx_word' id='word_1_472' title='bbox 2088 2865 2091 2867; x_wconf 64' lang='lat'>‚</span> 
     </span>
     <span class='ocr_line' id='line_1_45' title="bbox 327 2881 2038 2929; baseline -0.001 -13"><span class='ocrx_word' id='word_1_473' title='bbox 327 2886 409 2925; x_wconf 87' lang='lat' dir='ltr'>post</span> <span class='ocrx_word' id='word_1_474' title='bbox 440 2886 459 2915; x_wconf 80' lang='lat'><strong>2</strong></span> <span class='ocrx_word' id='word_1_475' title='bbox 484 2894 632 2916; x_wconf 88' lang='lat' dir='ltr'>versus:</span> <span class='ocrx_word' id='word_1_476' title='bbox 680 2891 743 2929; x_wconf 51' lang='grc' dir='ltr'>,ΑΙ</span> <span class='ocrx_word' id='word_1_477' title='bbox 771 2886 930 2918; x_wconf 80' lang='lat' dir='ltr'>Infoelix</span> <span class='ocrx_word' id='word_1_478' title='bbox 959 2889 1130 2927; x_wconf 85' lang='lat' dir='ltr'>quattuor</span> <span class='ocrx_word' id='word_1_479' title='bbox 1147 2885 1347 2929; x_wconf 17' lang='lat' dir='ltr'>‘hereticorgz</span> <span class='ocrx_word' id='word_1_480' title='bbox 1377 2885 1513 2917; x_wconf 89' lang='lat' dir='ltr'>ordinis</span> <span class='ocrx_word' id='word_1_481' title='bbox 1540 2883 1803 2927; x_wconf 61' lang='lat' dir='ltr'>Predicazltorii</span> <span class='ocrx_word' id='word_1_482' title='bbox 1833 2884 1982 2916; x_wconf 85' lang='lat' dir='ltr'>historia</span> <span class='ocrx_word' id='word_1_483' title='bbox 2009 2881 2038 2914; x_wconf 67' lang='grc' dir='ltr'>δε</span> 
     </span>
     <span class='ocr_line' id='line_1_46' title="bbox 327 2938 2038 2986; baseline 0.001 -16"><span class='ocrx_word' id='word_1_484' title='bbox 327 2939 493 2971; x_wconf 85' lang='lat' dir='ltr'>inaudita</span> <span class='ocrx_word' id='word_1_485' title='bbox 516 2942 687 2976; x_wconf 83' lang='lat' dir='ltr'>narratio.</span> <span class='ocrx_word' id='word_1_486' title='bbox 722 2940 726 2984; x_wconf 97' lang='grc' dir='ltr'>Ι</span> <span class='ocrx_word' id='word_1_487' title='bbox 760 2947 792 2986; x_wconf 61' lang='grc' dir='ltr'>(Ι</span> <span class='ocrx_word' id='word_1_488' title='bbox 809 2942 912 2974; x_wconf 91' lang='lat' dir='ltr'>Anno</span> <span class='ocrx_word' id='word_1_489' title='bbox 939 2942 984 2974; x_wconf 86' lang='lat' dir='ltr'>ab</span> <span class='ocrx_word' id='word_1_490' title='bbox 1008 2941 1263 2973; x_wconf 87' lang='lat' dir='ltr'>incarnatione</span> <span class='ocrx_word' id='word_1_491' title='bbox 1288 2941 1423 2973; x_wconf 88' lang='lat' dir='ltr'>domini</span> <span class='ocrx_word' id='word_1_492' title='bbox 1445 2941 1557 2973; x_wconf 83' lang='lat' dir='ltr'>nostri</span> <span class='ocrx_word' id='word_1_493' title='bbox 1581 2966 1588 2973; x_wconf 92' lang='lat'>.</span> <span class='ocrx_word' id='word_1_494' title='bbox 1604 2966 1611 2973; x_wconf 91' lang='lat'>.</span> <span class='ocrx_word' id='word_1_495' title='bbox 1628 2939 1670 2972; x_wconf 89' lang='lat'>.“</span> <span class='ocrx_word' id='word_1_496' title='bbox 1724 2941 1814 2981; x_wconf 83' lang='lat' dir='ltr'>Pag.</span> <span class='ocrx_word' id='word_1_497' title='bbox 1832 2938 1919 2971; x_wconf 72' lang='lat' dir='ltr'>D‘Ib</span> <span class='ocrx_word' id='word_1_498' title='bbox 1937 2939 2038 2971; x_wconf 82' lang='lat' dir='ltr'>disti-</span> 
     </span>
     <span class='ocr_line' id='line_1_47' title="bbox 329 2995 2036 3039; baseline 0.001 -13"><span class='ocrx_word' id='word_1_499' title='bbox 329 2995 444 3027; x_wconf 83' lang='lat' dir='ltr'>chon:</span> <span class='ocrx_word' id='word_1_500' title='bbox 476 2996 669 3037; x_wconf 85' lang='lat' dir='ltr'>„Dignare</span> <span class='ocrx_word' id='word_1_501' title='bbox 693 3008 748 3029; x_wconf 88' lang='lat' dir='ltr'>me</span> <span class='ocrx_word' id='word_1_502' title='bbox 778 2998 930 3029; x_wconf 87' lang='lat' dir='ltr'>laudare</span> <span class='ocrx_word' id='word_1_503' title='bbox 950 3023 956 3030; x_wconf 96' lang='lat'>.</span> <span class='ocrx_word' id='word_1_504' title='bbox 976 3023 982 3029; x_wconf 93' lang='lat'>.</span> <span class='ocrx_word' id='word_1_505' title='bbox 1000 3022 1007 3029; x_wconf 88' lang='lat'>.</span> <span class='ocrx_word' id='word_1_506' title='bbox 1025 3023 1031 3029; x_wconf 89' lang='lat'>.</span> <span class='ocrx_word' id='word_1_507' title='bbox 1050 2997 1053 3039; x_wconf 91' lang='grc' dir='ltr'>Ι</span> <span class='ocrx_word' id='word_1_508' title='bbox 1070 3023 1077 3029; x_wconf 90' lang='grc'><strong>.</strong></span> <span class='ocrx_word' id='word_1_509' title='bbox 1097 3023 1102 3029; x_wconf 97' lang='grc'><em>.</em></span> <span class='ocrx_word' id='word_1_510' title='bbox 1122 3023 1127 3029; x_wconf 90' lang='grc'><em>.</em></span> <span class='ocrx_word' id='word_1_511' title='bbox 1150 3022 1155 3028; x_wconf 93' lang='grc'>.</span> <span class='ocrx_word' id='word_1_512' title='bbox 1176 2996 1293 3029; x_wconf 89' lang='lat' dir='ltr'>hostes</span> <span class='ocrx_word' id='word_1_513' title='bbox 1317 2996 1435 3032; x_wconf 88' lang='lat' dir='ltr'>tuos.“</span> <span class='ocrx_word' id='word_1_514' title='bbox 1483 2998 1572 3039; x_wconf 85' lang='lat' dir='ltr'>Pag.</span> <span class='ocrx_word' id='word_1_515' title='bbox 1590 2995 1757 3038; x_wconf 85' lang='lat' dir='ltr'>paenult.:</span> <span class='ocrx_word' id='word_1_516' title='bbox 1796 2995 1881 3037; x_wconf 84' lang='lat' dir='ltr'>„Ad</span> <span class='ocrx_word' id='word_1_517' title='bbox 1903 2996 2036 3027; x_wconf 87' lang='lat' dir='ltr'>Lecto-</span> 
     </span>
     <span class='ocr_line' id='line_1_48' title="bbox 326 3051 2036 3096; baseline 0.001 -14"><span class='ocrx_word' id='word_1_518' title='bbox 326 3062 410 3085; x_wconf 82' lang='lat' dir='ltr'>rem.</span> <span class='ocrx_word' id='word_1_519' title='bbox 451 3055 483 3096; x_wconf 50' lang='lat' dir='ltr'>q]</span> <span class='ocrx_word' id='word_1_520' title='bbox 502 3051 781 3093; x_wconf 87' lang='lat' dir='ltr'>Pseudopatrum</span> <span class='ocrx_word' id='word_1_521' title='bbox 805 3054 890 3085; x_wconf 90' lang='lat'>...“</span> <span class='ocrx_word' id='word_1_522' title='bbox 940 3054 1029 3094; x_wconf 80' lang='lat' dir='ltr'>Pag,</span> <span class='ocrx_word' id='word_1_523' title='bbox 1046 3053 1110 3085; x_wconf 84' lang='lat' dir='ltr'>ult.</span> <span class='ocrx_word' id='word_1_524' title='bbox 1126 3057 1238 3086; x_wconf 83' lang='lat' dir='ltr'>vacat</span> <span class='ocrx_word' id='word_1_525' title='bbox 1261 3063 1282 3084; x_wconf 88' lang='lat' dir='ltr'>a</span> <span class='ocrx_word' id='word_1_526' title='bbox 1305 3054 1497 3095; x_wconf 86' lang='lat' dir='ltr'>scriptura.</span> <span class='ocrx_word' id='word_1_527' title='bbox 1552 3052 1711 3094; x_wconf 76' lang='lat' dir='ltr'>Singulae</span> <span class='ocrx_word' id='word_1_528' title='bbox 1734 3051 1850 3094; x_wconf 87' lang='lat' dir='ltr'>plenae</span> <span class='ocrx_word' id='word_1_529' title='bbox 1867 3061 1975 3093; x_wconf 82' lang='lat' dir='ltr'>pagg.</span> <span class='ocrx_word' id='word_1_530' title='bbox 1994 3053 2036 3084; x_wconf 85' lang='lat'>33</span> 
     </span>
    </p>
   </div>
  </div>
 </body>
</html>
