2119 3522
285 240 381 286 420
778 255 885 276 mnnx
909 253 1170 276 moGnAPnicvs
1186 254 1228 275 ET
1253 252 1494 275 ONOMAs'mcvs.

280 370 444 411 negociis
469 368 648 410 pluribus,
675 366 745 398 ‘Ne
771 367 922 407 primum
947 365 1084 406 medio,
1108 365 1264 398 medium
1288 376 1332 397 ne
1359 366 1543 407 discrepet
1567 365 1669 399 imo’..
1708 367 1763 398 Ad
1787 367 1883 398 hanc
1907 377 1992 399 cau-

279 425 390 457 telam
421 424 572 465 quedam
604 426 689 454 sunt
713 422 859 454 vincula
885 421 1110 461 adhibenda,
1141 421 1210 453 hec
1235 421 1395 453 scilicet:
1432 422 1591 462 interea,
1624 422 1790 463 insuper,
1819 426 1989 461 ceterum,

280 485 314 511 et
346 479 479 510 similia
511 479 661 509 materie
693 477 974 517 conveniencia,
1008 478 1176 518 quoniam
1214 477 1306 518 quod
1334 478 1424 509 facit
1449 476 1508 518 'pix
1540 478 1577 508 in
1611 478 1713 518 navi,
1749 478 1818 509 hoc
1850 478 1991 510 faciunt

280 535 574 574 coniunctiones,
600 534 871 575 preposiciones
899 537 934 564 et
958 533 1134 565 adverbia
1158 533 1194 563 in
1220 533 1351 565 literis.

279 588 345 634 [4,]
372 601 417 621 DE
445 600 654 621 marmioun.
675 615 704 621 ..
737 590 804 620 Est
828 592 949 620 autem
975 589 1126 630 peticio,
1161 598 1232 629 qua
1257 589 1294 619 in
1326 588 1482 630 epistola
1513 600 1587 621 rem
1620 589 1776 631 aliquam
1808 588 1991 621 desidera·-

279 652 351 678 tam
376 647 540 688 petimus,
596 647 642 677 Et
674 645 868 677 notandum
902 645 996 686 quod
1027 632 1168 686 septem
1199 648 1282 675 sunt
1312 645 1409 676 modi
1442 647 1501 686 qui
1528 645 1662 676 cadunt
1693 645 1771 676 loeo
1796 645 1990 686 peticionis

278 704 313 733 in
340 702 514 743 epistola,
540 701 732 733 videlicet:
765 700 989 740 mandatum,
1017 704 1244 741 preceptum,
1278 701 1488 741 consilium,
1521 701 1724 742 exortacio‚
1754 700 1989 742 supplicarem,

277 758 476 791 voluntatis
508 757 689 798 explecio,
722 757 814 788 facti
838 757 1042 791 revocacio,
1067 767 1100 788 v.
1121 766 1171 798 gr.
1190 756 1438 788 ecclesiastici
1470 757 1539 788 viri
1570 757 1762 788 scribendo
1794 757 1868 788 suis
1898 756 1991 787 infe-

276 814 433 846 rioribus
458 814 489 844 si
514 817 597 844 sunt
623 812 764 852 clerici,
792 813 915 844 dicunt
940 812 1024 853 ‘per
1050 823 1237 844 censuram
1263 811 1591 852 ecclesiasticam’,
1618 812 1649 844 si
1673 823 1757 844 vero
1783 815 1867 844 sunt
1890 811 1989 851 laici,

277 874 363 901 tunc
390 870 513 901 dicunt
540 870 592 900 eis
625 868 805 900 ‘volumus
832 872 868 900 et
892 868 1123 909 mandamus,
1157 871 1331 909 quatenus
1357 868 1424 900 hoc
1456 868 1514 900 vel
1539 868 1606 900 hoc
1631 866 1814 901 faciatis'.
1862 868 1991 899 Prece-

276 929 375 967 ptum
394 926 510 967 magis
529 925 700 957 convenit
716 924 821 955 laicis
846 925 951 964 viris,
979 925 1038 966 qui
1064 924 1240 965 premissa
1266 925 1480 956 narracione
1500 924 1683 956 subiciunt
1699 925 1777 957 loco
1796 925 1992 967 peticionis

278 982 322 1013 ad
353 982 532 1021 subditos,
568 981 802 1022 ‘precipimus
834 981 945 1022 igitur
976 980 1079 1012 vobis
1116 980 1181 1012 sub
1214 980 1364 1012 obtentu
1401 981 1524 1021 gracie
1556 984 1696 1021 nostre,
1735 984 1915 1021 quatenus
1946 980 1990 1011 ab

275 1038 410 1069 iniuria
435 1037 521 1069 talis
551 1037 706 1068 hominis
738 1035 957 1068 desistatis'.
1007 1035 1238 1067 Consultoria
1269 1036 1401 1077 peticio
1427 1036 1572 1077 ponItur
1594 1047 1627 1069 v.
1646 1047 1696 1077 gr.
1723 1035 1898 1068 ‘Consulo
1925 1037 1991 1077 igi—

276 1098 333 1126 tur
365 1094 448 1133 tibi,
483 1097 660 1134 quatenus
691 1092 927 1124 laudabiliter
958 1092 1165 1123 inchoatum
1196 1092 1414 1133 principium
1446 1091 1515 1123 fine
1546 1091 1823 1123 commendabili
1852 1095 1889 1124 et
1915 1091 1992 1122 lau-

277 1149 392 1182 dabili
416 1147 679 1191 prosequaris’.
727 1148 827 1180 Idem
861 1151 915 1179 est
948 1148 991 1179 de
1021 1147 1292 1181 exhortacione.
1341 1147 1613 1189 Supplicatoria
1645 1148 1780 1189 peticio
1807 1150 1863 1179 est
1887 1158 1920 1179 v.
1940 1158 1991 1189 gr.

278 1206 461 1247 ‘supplico
487 1205 572 1242 tibi,
606 1205 802 1235 amicorum
827 1204 1043 1244 karissime,
1071 1206 1250 1244 quatenus
1277 1204 1470 1244 pecuniam
1502 1203 1570 1235 tibi
1602 1214 1666 1245 pcr
1690 1214 1744 1235 me
1780 1213 1993 1236 concessam

275 1262 401 1293 harum
434 1261 541 1292 latori
573 1270 644 1292 non
674 1269 806 1291 renuas
840 1257 1016 1292 exibere’.
1071 1259 1278 1291 Notandum
1309 1262 1432 1290 tamen
1463 1262 1519 1291 est
1559 1259 1654 1300 quod
1692 1264 1748 1291 est
1778 1259 1992 1292 differencia

276 1319 370 1349 inter
396 1316 602 1358 supplicare
630 1319 666 1347 et
692 1318 834 1357 petere:
861 1315 1057 1346 maioribus
1082 1314 1343 1357 supplicamus,
1369 1315 1517 1355 equales
1543 1316 1707 1357 petimus.
1756 1316 1844 1348 Item
1871 1315 1992 1347 volun-

276 1373 366 1405 tatis
393 1372 558 1414 explecio
583 1372 664 1404 loco
691 1371 886 1412 peticionis
912 1371 1074 1412 ponitur,
1099 1381 1134 1401 v.
1153 1381 1205 1412 gr.
1233 1370 1417 1404 ‘volumus
1444 1372 1573 1413 igitur,
1603 1375 1643 1403 ut
1667 1375 1827 1404 nostrum
1852 1371 1991 1403 deside-

276 1430 366 1460 rium
400 1438 607 1471 processum
638 1428 775 1460 habeat
809 1430 844 1459 et
877 1427 970 1467 quod
1002 1428 1073 1458 iam
1107 1427 1246 1458 factum
1279 1431 1333 1459 est
1358 1438 1420 1469 pro
1447 1431 1530 1460 voto
1556 1431 1679 1460 nostro
1707 1438 1749 1459 ex
1774 1438 1868 1459 nunc
1896 1430 1931 1458 et
1955 1427 1993 1458 in

279 1489 388 1517 antea
420 1488 569 1516 maneat
600 1482 813 1517 illibatum’.
862 1483 968 1514 Facti
998 1484 1208 1523 revocacio,
1243 1494 1309 1524 que
1336 1484 1472 1524 eciam,
1504 1487 1543 1515 ut
1573 1483 1742 1524 diximus,
1776 1483 1992 1525 quandoque

279 1541 377 1574 cadit
402 1542 439 1572 in
463 1541 582 1572 locum
607 1540 821 1582 peticionis,
854 1539 1008 1570 maxime
1035 1539 1151 1571 locum
1177 1539 1289 1571 habet
1314 1541 1350 1570 in
1376 1539 1508 1571 litteris
1534 1539 1747 1581 papalibus,
1774 1550 1807 1573 v.
1827 1550 1879 1581 gr.
1903 1538 1991 1571 ‘Re-

276 1608 447 1631 vocamus
479 1598 590 1638 igitur
621 1596 735 1628 talem
760 1596 998 1635 sententiam,
1038 1605 1146 1636 quam
1181 1598 1307 1627 contra
1335 1605 1510 1627 canonem
1540 1596 1703 1627 novimus
1736 1606 1815 1628 esse
1846 1594 1992 1628 latam'.

278 1654 482 1687 Notandum
516 1653 646 1693 eciam,
685 1652 780 1693 quod
816 1652 852 1682 in
888 1651 985 1683 omni
1017 1651 1201 1692 peticione
1233 1661 1340 1682 unum
1374 1662 1417 1683 ex
1447 1652 1562 1683 tribus
1593 1655 1648 1684 est
1679 1652 1992 1692 considerandum,

277 1710 355 1742 scil.
375 1709 436 1743 vel
458 1709 631 1741 honestas
656 1708 713 1741 vel
740 1707 967 1750 possibilitas
994 1711 1056 1739 aut
1082 1706 1240 1739 utilitas:
1266 1707 1443 1739 honestas
1468 1707 1551 1739 ideo
1571 1708 1664 1749 quod
1682 1709 1803 1750 turpia
1819 1719 1892 1741 non
1908 1711 1994 1740 sunt

278 1766 454 1809 petenda3
487 1765 733 1807 possibilitas,
767 1775 850 1796 nam
883 1763 1032 1795 stultum
1065 1766 1121 1795 est
1150 1766 1275 1805 petere
1307 1763 1401 1804 quod
1433 1764 1549 1805 possit
1576 1764 1653 1795 iurc
1679 1765 1824 1805 negari3
1854 1763 1993 1796 utilitas

276 1822 451 1854 videlicet
477 1821 572 1863 quod
597 1821 650 1853 rei
675 1821 791 1862 petite
818 1820 1010 1851 exaudicio
1037 1819 1139 1851 utilis
1165 1830 1244 1852 esse
1271 1823 1306 1852 et
1330 1831 1400 1852 non
1426 1821 1607 1862 superflua
1631 1820 1812 1852 videatur.

277 1876 343 1922 [5.]
369 1889 415 1910 DE
443 1887 711 1909 concnvsmxn.
758 1877 825 1908 Est
849 1876 962 1917 igitur
993 1875 1177 1908 conclusio
1206 1886 1380 1909 summam
1407 1876 1585 1908 oracionis
1611 1877 1810 1918 explicans.
1857 1877 1993 1908 Notan-

278 1936 359 1967 dum
391 1945 476 1966 vero
509 1933 603 1975 quod
636 1932 906 1964 conclusionum
940 1932 1014 1964 alia
1041 1936 1095 1964 est
1122 1931 1391 1974 deprecatoria,
1424 1933 1500 1964 alia
1530 1932 1776 1974 mandatoria‚
1809 1932 1886 1964 alia
1911 1943 1992 1964 con-

277 1991 469 2030 solatoria,
504 1990 577 2021 alia
597 1989 830 2022 correctoria.
880 1988 999 2020 Prime
1025 1992 1099 2020 tres
1126 1988 1239 2021 facile
1264 1992 1414 2030 possunt
1440 1989 1628 2031 cognosci3
1658 1988 1904 2020 consolatoria
1929 1989 1992 2028 sic,

277 2048 315 2078 fit
342 2058 371 2079 v.
393 2057 444 2088 gr.
473 2048 556 2078 ‘nec
589 2056 652 2077 vos
682 2056 776 2077 mors
807 2044 894 2076 talis
925 2054 1077 2086 persone
1110 2045 1313 2086 perturbet,
1345 2045 1431 2086 quia
1461 2055 1647 2087 speramus
1676 2046 1792 2086 ipsum
1817 2055 1897 2076 cum
1922 2045 1992 2077 Do-

261 2095 372 2135 'mino
405 2103 614 2144 perenniter
645 2099 912 2143 regnaturum'.
968 2100 1200 2133 Correctoria
1231 2101 1284 2132 sic
1314 2100 1353 2132 fit
1377 2112 1410 2133 v.
1429 2112 1482 2143 gr.
1508 2100 1620 2143 ‘quod
1650 2101 1682 2133 si
1713 2104 1847 2133 statum
1879 2103 1992 2141 tuum,

278 2161 370 2191 satis
404 2158 547 2200 quidem
579 2157 743 2189 omnibus
774 2160 1002 2199 suspectum,
1033 2159 1070 2188 in
1101 2157 1230 2189 melius
1256 2167 1327 2189 non
1351 2158 1570 2199 mutaveris,
1603 2157 1702 2189 scias
1727 2157 1794 2189 tibi
1821 2160 1991 2198 quantum

279 2216 324 2246 ad
349 2226 403 2247 me
430 2215 550 2247 omnia
575 2214 817 2256 promocionis
843 2224 980 2255 genera
1005 2213 1172 2245 submota
1199 2214 1458 2254 quodammodo
1485 2216 1521 2245 et
1546 2211 1759 2246 subtracta.'
1787 2239 1793 2245 .
1816 2238 1822 2245 .

278 2282 373 2302 nunc
405 2270 557 2312 quedam
591 2269 782 2311 generales
815 2269 1025 2301 dictaminis
1057 2269 1182 2311 regule
1220 2272 1304 2301 sunt
1341 2269 1519 2311 pononde.
1581 2269 1788 2302 Notandum
1816 2270 1927 2311 igitur
1956 2270 1992 2301 in

279 2328 420 2369 primiS‚
459 2326 551 2367 quod
580 2326 618 2356 in
648 2325 767 2357 literis
797 2326 1051 2357 inconsuetum
1082 2326 1301 2367 principium
1334 2327 1419 2367 poni
1450 2336 1520 2357 non
1548 2325 1672 2365 debet,
1712 2336 1780 2357 nec
1810 2325 1991 2367 incompe-

279 2386 357 2415 tens
382 2382 484 2414 finis:
524 2381 680 2422 quedam
713 2381 806 2413 enini
839 2381 1018 2413 dictiones
1050 2385 1134 2412 sunt
1165 2382 1425 2422 quodammodo
1456 2382 1691 2423 appropriate
1723 2381 1768 2412 ad
1797 2382 1990 2423 principia,

279 2444 318 2470 ut
344 2438 494 2480 ⁶1iqnet,
528 2437 634 2478 licet,
669 2441 815 2469 constat
839 2447 902 2478 pro
930 2441 1048 2477 certo,
1080 2448 1142 2478 pro
1171 2437 1370 2469 constanti⁷
1405 2441 1440 2469 et
1466 2442 1591 2469 cetera
1617 2437 1767 2478 similia,
1798 2441 1834 2469 et
1858 2438 1926 2469 hoc
1954 2439 1992 2469 in

281 2495 405 2526 multis
430 2494 610 2535 negociis,
637 2503 708 2525 non
734 2497 856 2524 tamen
880 2493 917 2524 in
934 2493 1117 2533 omnibus,
1144 2497 1183 2525 ut
1200 2497 1302 2535 patet
1321 2497 1469 2536 experto
1487 2495 1642 2525 notario.
1692 2493 1858 2525 Solemus
1876 2495 1990 2526 eciam

280 2550 483 2583 huiusmodi
509 2549 698 2590 genitivis,
727 2550 964 2591 accusativis,
993 2549 1167 2581 ablativis
1192 2550 1247 2580 uti
1270 2550 1306 2580 in
1331 2550 1522 2591 principiis
1545 2550 1701 2581 maxime
1721 2551 1990 2592 rescriptorum,

281 2619 310 2641 v.
331 2618 382 2649 gr.
408 2606 565 2638 ‘'l'enore
591 2605 778 2637 literarum
803 2608 944 2637 tuarum
977 2604 1168 2647 perlecto’‚
1202 2607 1289 2637 item
1324 2606 1485 2638 ‘Literas
1511 2606 1720 2638 reverencie
1745 2610 1866 2638 vestre
1894 2616 1991 2637 rece-

279 2664 396 2705 pimus
427 2663 464 2693 in
496 2662 562 2693 hec
596 2660 724 2693 vcrba’
760 2665 795 2692 et
825 2662 960 2693 similia
991 2662 1116 2693 multa.
1177 2663 1232 2693 De
1263 2661 1333 2693 fine
1366 2663 1589 2704 competenti
1618 2662 1687 2694 hoc
1716 2664 1859 2701 teneas,
1899 2661 1992 2702 quod

279 2719 495 2760 respondeat
520 2718 698 2760 principio
723 2718 876 2749 materie
903 2722 939 2750 et
964 2718 1093 2750 medio.
1141 2718 1235 2749 Item
1261 2718 1402 2760 antiqui
1427 2719 1463 2750 in
1489 2718 1655 2760 epistolis
1680 2717 1816 2759 triplici
1834 2718 1892 2749 usi
1909 2720 1993 2749 sunt

280 2776 537 2806 distinctione:
570 2774 685 2815 prima
717 2777 772 2805 est
804 2774 1033 2815 suspensiva,
1076 2774 1237 2806 secunda
1270 2778 1461 2815 constans,
1501 2775 1618 2806 tercia
1651 2774 1893 2815 completiva:
1926 2774 1991 2806 sed

281 2831 347 2862 hec
373 2831 627 2862 distinctiones
654 2829 748 2871 apud
772 2830 962 2862 modernos
988 2831 1103 2861 minus
1130 2833 1302 2861 curantur
1331 2841 1394 2872 pro
1421 2833 1541 2871 tanto,
1574 2830 1616 2861 de
1641 2830 1713 2862 hiis
1737 2830 1822 2861 (luxi
1846 2830 1990 2862 minime

280 2885 579 2928 prosequendum.
632 2887 725 2917 Item
757 2896 886 2918 nomen
917 2886 1004 2926 loci,
1041 2897 1172 2918 nomen
1202 2897 1372 2928 persone,
1411 2897 1541 2918 nomen
1571 2886 1761 2928 dignitatis
1791 2885 1850 2918 vel
1879 2885 1990 2918 officii

280 2952 423 2983 semper
454 2941 562 2973 debet
591 2942 628 2972 in
659 2941 884 2974 salutacione
917 2942 1067 2984 apponi,
1100 2947 1139 2974 ut
1172 2943 1298 2975 ‘Petro
1329 2943 1442 2974 iudici
1471 2941 1719 2975 WViennensP.
1767 2943 1859 2974 Item
1889 2941 1990 2973 nulla

281 2998 388 3029 dictio
415 2997 527 3028 semel
551 2999 672 3038 posita
697 2999 819 3039 sepius
843 2999 1010 3039 iteretur,
1038 2999 1108 3029 nisi
1133 3000 1180 3030 sit
1205 2999 1247 3031 de
1273 3002 1405 3030 natura
1431 2999 1604 3030 sermonis
1632 3002 1667 3030 et
1693 3009 1805 3031 causa
1830 2998 1987 3030 necessi-

281 3055 369 3086 tatis
395 3054 544 3086 evidens
568 3054 635 3086 hoc
661 3055 822 3094 requirat
842 3080 847 3085 .
865 3065 895 3085 .:
928 3065 1008 3086 nam
1035 3055 1222 3086 fastidium
1254 3058 1450 3096 generaret
1480 3055 1593 3087 dictio
1619 3056 1740 3097 sepius
1767 3056 1902 3087 iterata
1925 3081 1930 3087 .
1953 3081 1958 3087 .
1979 3080 1985 3087 .
