2119 3522
784 191 959 213 BERNENSE
985 192 1119 214 SCELVS.
1714 179 1740 223 3
1751 181 1773 223 1
1784 181 1805 223 1

93 299 141 332 4⁰.
160 300 251 341 sign.
270 310 305 333 u.
319 326 325 333 .
339 312 380 335 .r.
429 302 519 344 Pag.
537 304 567 334 2.
588 303 718 345 incipit
741 301 801 345 (ut
817 314 850 345 p.
865 304 943 336 Αὸἐι
962 305 1046 339 edit.
1068 304 1137 347 1.):
1174 311 1206 349 ςῙ
1225 306 1355 352 §Infelig
1379 315 1531 349 quattuuz
1549 307 1609 342 &c.
1642 319 1726 351 pag.
1744 310 1810 344 (5¹³

93 356 208 388 habet
225 356 308 390 dist.
326 357 470 398 {ligante
487 367 537 392 me
556 384 639 392 .....
659 365 744 393 tuofi.
769 357 773 402 Ι
795 360 884 402 Pag.
901 363 1036 402 antep‚:
1063 365 1095 404 q]
1115 362 1213 397 Qenit
1231 363 1325 404 mitio
1345 364 1409 405 3:0st
1429 363 1506 405 festu
1524 363 1586 400 &Q
1604 376 1683 397 cum
1702 366 1808 400 duob.

181 480 313 512 frivolo
331 491 579 523 responsurus.
627 481 682 513 De
701 483 804 514 cuius
822 483 1009 516 citationis
1029 486 1325 527 executionisque
1352 498 1525 529 processu
1542 488 1688 531 longum
1714 493 1810 522 esset

183 540 219 568 et
241 538 458 578 superfluum
475 537 543 569 hoc
561 537 641 569 loco
660 538 829 571 recitare.
878 540 1133 573 Formidantes
1152 544 1272 573 autem
1292 545 1414 583 patres
1432 545 1489 575 sui
1506 548 1626 587 preter
1643 548 1807 588 optatum

180 593 234 624 illi
263 593 430 634 quiddam
456 593 493 624 in
516 603 665 625 romana
697 595 798 625 curia
827 596 990 636 evenire,
1018 597 1204 630 miraculis
1229 598 1351 640 falsis,
1379 601 1671 641 apparitionibus
1701 602 1806 642 fictis,

180 649 297 681 truffis
330 649 514 691 perversis
549 649 583 681 ei
613 649 899 682 subveniendum
929 652 966 682 in
996 651 1169 694 Capitulo
1198 654 1428 696 wimpinensi
1457 655 1710 691 decreverunt.
1735 669 1807 690 non

180 715 303 737 omnes
326 708 465 745 tamen,
491 708 531 737 ut
555 715 641 737 vere
666 705 841 746 creditur,
868 706 932 738 sed
951 717 1038 747 quos
1057 708 1153 739 tanti
1171 710 1332 742 criminis
1349 721 1419 743 non
1438 713 1567 753 puduit
1585 723 1664 745 esse
1683 715 1803 746 socios

180 764 216 793 et
239 764 418 793 auctores.
446 760 489 792 de
509 771 575 802 quo
593 760 826 793 maledictam
843 761 1031 793 historiam
1058 763 1248 796 auditurus
1272 767 1392 798 crucis
1416 770 1452 799 te
1478 768 1667 809 signaculo
1690 769 1802 808 firma,

179 827 223 847 ne
250 820 285 848 te
305 816 429 848 divina
448 815 643 848 clementia
660 817 697 847 in
716 826 795 848 eum
813 817 911 849 sinat
929 818 1118 860 cecitatem
1137 821 1345 863 pervenire,
1370 825 1410 854 ut
1428 834 1492 864 pro
1510 827 1654 856 terreno
1674 827 1710 856 et
1727 836 1804 866 per-

176 882 282 904 verso
306 872 572 904 mendaciorum
595 872 758 905 subsidio
776 875 872 904 tuam
890 874 1150 915 pauperculam
1170 876 1367 909 animulam
1384 878 1437 910 sic
1456 879 1611 911 dzemoni
1629 880 1804 922 impigno-

177 938 254 970 res,
271 930 312 959 ut
328 927 435 969 pleno
453 927 657 960 dominatus
674 928 826 970 imperio
844 929 898 960 illi
915 929 1055 961 tribuas
1072 931 1339 972 possidendam,

286 988 319 1029 q]
337 983 538 1016 Consulunt
560 983 604 1017 de
626 984 700 1017 loci
720 985 977 1027 dispositione,
1006 986 1224 1029 eligiturque
1242 988 1364 1022 Berna
1382 991 1454 1021 tam
1472 990 1613 1034 nefarie
1632 1003 1690 1023 ex-

819 1042 1035 1084 cogitationi
1059 1047 1158 1085 apta.

174 1095 207 1132 (I
227 1097 331 1138 Quod
354 1097 416 1129 ubi
439 1098 564 1139 patres
589 1099 662 1128 tam
686 1097 820 1129 nefarii
849 1099 1001 1130 sceleris
1033 1100 1171 1132 conscii
1194 1101 1230 1132 in
1256 1100 1426 1143 Capitulo
1457 1113 1577 1135 corum
1606 1104 1642 1135 in
1672 1106 1802 1146 oppido

173 1155 341 1196 XVimpen
373 1153 560 1185 celebrato
589 1152 839 1186 decrevissent
869 1155 1078 1196 excogitato
1103 1155 1260 1198 fictoque
1284 1158 1489 1199 patrocinio
1513 1161 1695 1202 lVigando
1721 1162 1802 1193 sub>

173 1210 405 1250 veniendum,
440 1209 704 1251 delendamque
735 1210 979 1243 immaculatae
1012 1213 1260 1254 conceptionis
1293 1214 1501 1256 opinionem
1535 1226 1578 1247 ac
1611 1205 1801 1258 multorum

173 1278 236 1299 ora
258 1267 295 1297 in
319 1275 380 1298 eos
405 1265 665 1297 delatrantium
684 1266 928 1308 occludenda,
954 1268 1072 1300 animo
1092 1279 1213 1301 eorum
1232 1269 1382 1302 firmiter
1399 1270 1614 1312 insedisset,
1643 1283 1800 1314 quonam

171 1323 209 1355 id
237 1322 395 1355 locorum
421 1322 541 1363 potius
570 1322 849 1363 practicandum
880 1326 995 1364 esset,
1026 1326 1184 1357 mentem
1218 1325 1451 1358 deflexerunt.
1506 1328 1625 1360 Fuere
1655 1340 1699 1361 ex
1727 1329 1800 1361 illis

172 1379 232 1421 qui
254 1378 557 1420 Franepfordiam
581 1377 811 1419 delegerant,
843 1381 970 1421 utpote
996 1380 1184 1413 civitatem
1209 1382 1255 1413 ad
1280 1392 1386 1423 quam
1412 1394 1455 1414 ex
1480 1385 1577 1415 omni
1603 1384 1800 1417 Germania

172 1435 367 1475 Galliaque
393 1435 616 1467 confluerent
638 1437 876 1475 mercatores,
903 1436 963 1477 qui
986 1435 1054 1468 1100
1079 1437 1237 1478 ipsorum
1261 1440 1450 1479 negocium
1472 1439 1516 1471 ad
1535 1450 1657 1472 omnes
1675 1441 1799 1473 mundi

170 1495 292 1534 partes
322 1491 524 1532 deferrent,
554 1490 728 1531 brevique
759 1494 920 1533 tempore
951 1492 1227 1525 denunciarent.
1275 1494 1438 1536 Namque
1468 1496 1670 1528 consultum
1699 1497 1798 1529 vide-

168 1549 278 1580 batur
301 1548 373 1587 eis,
393 1547 429 1579 si
454 1547 592 1588 absque
618 1557 740 1578 eorum
764 1547 959 1589 diligentia
977 1548 1221 1589 revelaretur,
1249 1552 1284 1581 et
1305 1550 1582 1584 convalesceret
1600 1554 1744 1594 negocii
1764 1557 1800 1585 et

169 1604 350 1646 opinionis
382 1613 445 1645 sue
479 1603 737 1638 testimonium.
796 1603 962 1646 Reliquis
996 1608 1118 1637 tamen
1150 1606 1410 1648 renitentibus,
1449 1608 1493 1640 ob
1527 1608 1798 1651 archipraesulis

168 1660 371 1702 moguntini
400 1659 645 1700 vicinitatem,
683 1660 745 1700 qui
772 1670 848 1691 rcm
876 1663 989 1692 tantae
1019 1661 1197 1694 novitatis
1230 1672 1299 1693 non
1331 1663 1469 1695 sineret
1496 1664 1795 1707 inexaminatam,

168 1717 297 1749 relicta
322 1718 377 1748 est
391 1715 658 1757 Francpfordia
684 1716 729 1747 ad
752 1717 899 1759 negocii
920 1718 1170 1750 executionem
1188 1718 1314 1760 inepta
1333 1722 1370 1751 et
1386 1719 1622 1762 indisposita,
1647 1721 1794 1754 Electa-

168 1784 235 1815 que
261 1776 317 1805 est
333 1772 572 1813 Nurenberga
596 1783 640 1804 ex
664 1772 772 1804 simili
796 1773 940 1805 ratione
964 1773 1158 1815 disposita,
1186 1774 1282 1815 quod
1306 1786 1349 1807 ex
1369 1775 1523 1808 diversis
1542 1778 1664 1809 mundi
1680 1779 1795 1820 parti-

166 1831 232 1862 bus
256 1829 331 1861 illic
355 1829 586 1869 convenitur,
613 1839 681 1870 quo
705 1832 984 1871 praesumeretur
1013 1841 1088 1862 rem
1115 1831 1212 1863 hanc
1241 1841 1347 1873 quam
1375 1832 1550 1864 citissime
1575 1844 1596 1865 a
1620 1837 1795 1866 mercato-

166 1886 266 1918 ribus
298 1885 491 1927 publicari.
546 1885 616 1917 Sed
650 1888 686 1917 et
717 1886 799 1928 ipsa
830 1886 1071 1928 Nurenberga
1105 1886 1254 1919 dimissa
1288 1890 1358 1928 est,
1399 1889 1593 1930 praeveniri
1624 1890 1795 1923 timentes

165 1942 354 1984 negocium
383 1941 614 1983 providentia
645 1945 680 1973 et
710 1942 986 1974 excitatissimis
1009 1943 1170 1985 ingeniis
1194 1943 1402 1979 incolarum,
1434 1945 1621 1978 doctorum
1647 1947 1794 1988 inquam

165 1999 320 2031 virorum
352 1997 428 2029 illic
461 2000 517 2030 est
548 1999 676 2040 ingens
703 1999 808 2040 copia
835 2001 870 2030 et
894 1999 1168 2032 innumerabilis
1194 2000 1402 2040 multitudo,
1436 2001 1496 2042 qui
1521 2002 1600 2033 sine
1627 2002 1793 2044 diligenti

165 2054 430 2099 perquisitione
454 2064 529 2086 rem
547 2054 643 2085 hanc
659 2054 877 2086 sceleratam
895 2065 965 2087 non
983 2057 1036 2087 sic
1054 2056 1154 2097 passi
1178 2056 1333 2088 fuissent
1357 2056 1588 2097 adolescere,
1615 2069 1794 2092 crescere·

167 2122 235 2153 que
259 2112 296 2142 in
319 2113 458 2142 tantam
480 2120 632 2142 messem
652 2110 718 2143 hoc
734 2115 952 2143 venenatum
971 2113 1241 2145 sementarium.
1290 2112 1451 2154 Ideoque
1471 2114 1627 2146 Ber-nam
1646 2115 1790 2148 tandem

165 2167 371 2209 elegerunt,
395 2169 519 2209 utpote
545 2167 735 2200 civitatem
759 2167 977 2210 simplicem,
1000 2169 1175 2200 rusticam
1200 2172 1236 2200 et
1258 2169 1460 2211 indoctam,
1487 2170 1552 2202 sed
1575 2181 1789 2212 pugnacem,

163 2224 378 2257 bellicosam
402 2227 439 2255 et
461 2225 656 2265 potentem.
707 2223 912 2266 Simplicem
932 2224 975 2257 ob
994 2224 1031 2256 id
1050 2225 1255 2267 elegerunt,
1281 2236 1326 2257 ne
1350 2226 1452 2258 fraus
1472 2228 1508 2258 et
1524 2226 1694 2269 deceptio
1712 2239 1790 2269 pro-

165 2281 330 2314 videntia
353 2279 460 2312 docta
482 2280 714 2322 proderetur,
746 2281 939 2313 Potentem
963 2284 1102 2323 tamen,
1136 2285 1176 2314 ut
1197 2283 1229 2314 si
1256 2284 1423 2324 persuasi
1453 2283 1610 2315 fuissent
1637 2285 1791 2326 negocio

164 2337 372 2377 credentes,
407 2346 474 2368 sua
501 2337 667 2378 potentia
697 2339 819 2369 essent
847 2338 1027 2380 opinionis
1056 2338 1303 2371 testimonium
1333 2338 1531 2371 defensuri.
1584 2339 1790 2373 Beruenses

162 2396 328 2436 potentes
353 2402 432 2425 esse
455 2403 527 2425 non
550 2393 787 2435 ambigimus,
814 2404 893 2426 esse
912 2397 1035 2426 tamen
1054 2397 1090 2426 et
1108 2394 1256 2427 credere
1274 2395 1478 2437 simplices,
1502 2395 1581 2427 sine
1601 2397 1788 2438 cachynno

162 2460 390 2492 nequaquam
408 2450 617 2484 recitamus.
642 2460 754 2491 quare
773 2450 880 2493 longe
899 2451 1009 2483 aliter
1026 2451 1069 2483 de
1089 2451 1178 2493 ipsis
1197 2451 1423 2483 sentiendum
1442 2454 1532 2484 erat.

243 2503 275 2540 ([
291 2505 457 2539 Daemoni
472 2509 513 2538 ut
531 2506 666 2539 auxilio
685 2507 737 2539 eis
755 2507 803 2539 sit
820 2510 856 2539 et
874 2507 1045 2548 consilio,
1072 2508 1211 2539 animas
1229 2508 1365 2550 proprii
1381 2508 1571 2550 sanguinis
1590 2509 1704 2541 chiro-

794 2564 932 2605 grapho
953 2564 1151 2595 firmarunt.

162 2617 195 2654 (l
212 2620 290 2652 Non
313 2621 349 2651 te
371 2621 556 2661 pretereat
578 2618 695 2652 lector
715 2619 832 2652 amice
851 2620 1081 2652 fastidiosam
1097 2620 1193 2652 hanc
1211 2620 1515 2661 excogitationem
1535 2622 1607 2652 tam
1625 2621 1787 2662 pertina-

162 2677 253 2709 citer
275 2677 472 2716 tentatam,
498 2675 608 2731 aliam
631 2676 674 2708 ob
700 2686 848 2708 causam
871 2676 985 2708 fuisse
1006 2676 1205 2718 inceptam,
1232 2686 1340 2717 quam
1357 2676 1393 2706 in
1414 2676 1562 2707 exitium
1582 2680 1617 2708 et
1636 2677 1787 2710 deletio—

162 2743 242 2765 nem
259 2731 501 2764 immaculatae
519 2732 767 2774 conceptionis
785 2743 926 2774 semper
939 2732 1091 2774 virginis
1105 2732 1232 2775 Marie.
1260 2742 1367 2772 quam
1383 2742 1462 2763 cum
1482 2732 1615 2766 fratres
1629 2734 1786 2767 minores

159 2800 272 2831 usque
297 2788 343 2820 ad
365 2791 515 2820 mortem
537 2787 715 2820 hactenus
736 2788 847 2820 tutati
872 2788 1009 2820 fuerint
1032 2799 1076 2820 ac
1100 2787 1349 2829 defenderint,
1373 2788 1624 2820 necessarium
1642 2801 1686 2822 ex
1704 2801 1785 2823 con·

161 2845 328 2886 sequenti
346 2845 432 2885 fuit,
456 2844 565 2876 etiam
588 2844 624 2875 in
648 2854 768 2876 eorum
786 2854 979 2887 personas,
1004 2844 1164 2877 ordinem
1184 2847 1220 2876 et
1238 2844 1403 2877 doctores
1420 2844 1537 2877 moliri
1554 2845 1725 2888 insidias,
1748 2851 1786 2880 et

161 2902 297 2934 crimen
317 2900 479 2933 incidere
504 2900 590 2944 laese
613 2900 867 2933 fraternitatis.
918 2901 1043 2942 Neque
1067 2900 1103 2932 id
1126 2901 1281 2933 scientia
1304 2900 1362 2933 vel
1386 2900 1550 2933 doctrina
1571 2903 1783 2935 tentandum

160 2958 354 2999 putabant,
385 2968 429 2989 ex
454 2967 524 2998 quo
546 2956 720 2989 minorum
746 2956 831 2989 ordo
857 2956 1009 2989 eandem
1037 2953 1267 3001 iminaculate
1298 2958 1547 3000 conceptionis
1577 2959 1782 3002 opinionem

158 3013 294 3056 insigni
321 3014 501 3056 triumpho
529 3014 676 3054 tutarit,
708 3013 789 3046 ideo
821 3013 920 3046 aliud
947 3013 1118 3046 vincendi
1146 3013 1301 3046 medium
1324 3014 1575 3058 perquirentes
1597 3015 1782 3049 miraculis
