<?xml version="1.0" encoding="UTF-8"?>
<!DOCTYPE html PUBLIC "-//W3C//DTD XHTML 1.0 Transitional//EN"
    "http://www.w3.org/TR/xhtml1/DTD/xhtml1-transitional.dtd">
<html xmlns="http://www.w3.org/1999/xhtml" xml:lang="en" lang="en">
 <head>
  <title>
</title>
<meta http-equiv="Content-Type" content="text/html;charset=utf-8" />
  <meta name='ocr-system' content='tesseract 3.04.00' />
  <meta name='ocr-capabilities' content='ocr_page ocr_carea ocr_par ocr_line ocrx_word'/>
</head>
<body>
  <div class='ocr_page' id='page_1' title='image "./operaquaereperir02huttuoft/operaquaereperir02huttuoft_0670.png"; bbox 0 0 2119 3522; ppageno 0'>
   <div class='ocr_carea' id='block_1_1' title="bbox 318 226 1518 271">
    <p class='ocr_par' dir='ltr' id='par_1_1' title="bbox 318 226 1518 271">
     <span class='ocr_line' id='line_1_1' title="bbox 318 226 1518 271; baseline -0.007 -7"><span class='ocrx_word' id='word_1_1' title='bbox 318 226 410 271; x_wconf 84' lang='grc'>656</span> <span class='ocrx_word' id='word_1_2' title='bbox 831 236 1095 260; x_wconf 65' lang='lat' dir='ltr'>commnmmvs</span> <span class='ocrx_word' id='word_1_3' title='bbox 1119 235 1166 258; x_wconf 75' lang='lat' dir='ltr'>AD</span> <span class='ocrx_word' id='word_1_4' title='bbox 1190 236 1262 258; x_wconf 79' lang='lat' dir='ltr'>EPP.</span> <span class='ocrx_word' id='word_1_5' title='bbox 1281 235 1310 258; x_wconf 93' lang='lat' dir='ltr'>o.</span> <span class='ocrx_word' id='word_1_6' title='bbox 1328 236 1361 258; x_wconf 88' lang='lat' dir='ltr'>v.</span> <span class='ocrx_word' id='word_1_7' title='bbox 1385 235 1464 258; x_wconf 72' lang='lat' dir='ltr'>vor..</span> <span class='ocrx_word' id='word_1_8' title='bbox 1481 235 1518 257; x_wconf 91' lang='lat'>11.</span> 
     </span>
    </p>
   </div>
   <div class='ocr_carea' id='block_1_2' title="bbox 316 299 2040 3079">
    <p class='ocr_par' dir='ltr' id='par_1_2' title="bbox 316 299 507 335">
     <span class='ocr_line' id='line_1_2' title="bbox 316 299 507 335; baseline 0.01 -2"><span class='ocrx_word' id='word_1_9' title='bbox 316 302 365 333; x_wconf 82' lang='lat' dir='ltr'>Pa</span> <span class='ocrx_word' id='word_1_10' title='bbox 394 325 401 332; x_wconf 90' lang='lat'>.</span> <span class='ocrx_word' id='word_1_11' title='bbox 418 299 507 335; x_wconf 83' lang='grc'>189-</span> 
     </span>
    </p>

    <p class='ocr_par' dir='ltr' id='par_1_3' title="bbox 316 311 2027 452">
     <span class='ocr_line' id='line_1_3' title="bbox 316 311 2027 396; baseline -0.005 -9"><span class='ocrx_word' id='word_1_12' title='bbox 316 359 358 388; x_wconf 84' lang='grc'>29</span> <span class='ocrx_word' id='word_1_13' title='bbox 369 311 510 396; x_wconf 68' lang='lat' dir='ltr'>gcorriy.</span> <span class='ocrx_word' id='word_1_14' title='bbox 529 377 536 385; x_wconf 94' lang='lat'><strong>.</strong></span> <span class='ocrx_word' id='word_1_15' title='bbox 555 378 561 384; x_wconf 96' lang='lat'>.</span> <span class='ocrx_word' id='word_1_16' title='bbox 574 349 688 393; x_wconf 59' lang='lat' dir='ltr'>perta]</span> <span class='ocrx_word' id='word_1_17' title='bbox 713 349 870 392; x_wconf 37' lang='lat' dir='ltr'>z&#39;z&#39;ichtiyt</span> <span class='ocrx_word' id='word_1_18' title='bbox 894 348 947 382; x_wconf 83' lang='lat' dir='ltr'>sz&#39;e</span> <span class='ocrx_word' id='word_1_19' title='bbox 968 357 1087 392; x_wconf 75' lang='lat' dir='ltr'>‘weyen</span> <span class='ocrx_word' id='word_1_20' title='bbox 1111 346 1210 381; x_wconf 76' lang='lat' dir='ltr'>ihrer</span> <span class='ocrx_word' id='word_1_21' title='bbox 1230 345 1485 387; x_wconf 59' lang='lat' dir='ltr'>Verkehmlaeit,</span> <span class='ocrx_word' id='word_1_22' title='bbox 1510 344 1686 379; x_wconf 87' lang='lat' dir='ltr'>emendat</span> <span class='ocrx_word' id='word_1_23' title='bbox 1707 355 1900 389; x_wconf 86' lang='lat' dir='ltr'>perversos</span> <span class='ocrx_word' id='word_1_24' title='bbox 1923 346 2027 379; x_wconf 87' lang='lat' dir='ltr'>theo-</span> 
     </span>
     <span class='ocr_line' id='line_1_4' title="bbox 404 408 518 452; baseline -0.009 -11"><span class='ocrx_word' id='word_1_25' title='bbox 404 408 518 452; x_wconf 83' lang='lat' dir='ltr'>logos,</span> 
     </span>
    </p>

    <p class='ocr_par' dir='ltr' id='par_1_4' title="bbox 360 456 2028 558">
     <span class='ocr_line' id='line_1_5' title="bbox 360 456 2028 505; baseline -0.004 -8"><span class='ocrx_word' id='word_1_26' title='bbox 360 463 512 497; x_wconf 78' lang='lat' dir='ltr'>schisma</span> <span class='ocrx_word' id='word_1_27' title='bbox 529 462 603 505; x_wconf 62' lang='lat' dir='ltr'>ete]</span> <span class='ocrx_word' id='word_1_28' title='bbox 631 459 767 494; x_wconf 86' lang='lat' dir='ltr'>Contra</span> <span class='ocrx_word' id='word_1_29' title='bbox 784 459 1020 494; x_wconf 88' lang='lat' dir='ltr'>Colonienses</span> <span class='ocrx_word' id='word_1_30' title='bbox 1043 458 1178 492; x_wconf 87' lang='lat' dir='ltr'>minari</span> <span class='ocrx_word' id='word_1_31' title='bbox 1193 457 1362 500; x_wconf 80' lang='lat' dir='ltr'><strong>schisma,</strong></span> <span class='ocrx_word' id='word_1_32' title='bbox 1389 456 1554 501; x_wconf 86' lang='lat' dir='ltr'>‘quando</span> <span class='ocrx_word' id='word_1_33' title='bbox 1570 456 1675 501; x_wconf 89' lang='lat' dir='ltr'>Papa</span> <span class='ocrx_word' id='word_1_34' title='bbox 1690 456 1781 491; x_wconf 70' lang='lat' dir='ltr'>facit</span> <span class='ocrx_word' id='word_1_35' title='bbox 1803 456 2028 491; x_wconf 85' lang='lat' dir='ltr'>sententiam</span> 
     </span>
     <span class='ocr_line' id='line_1_6' title="bbox 405 513 1387 558; baseline -0.005 -6"><span class='ocrx_word' id='word_1_36' title='bbox 405 518 535 552; x_wconf 85' lang='lat' dir='ltr'>contra</span> <span class='ocrx_word' id='word_1_37' title='bbox 559 517 650 558; x_wconf 87' lang='lat' dir='ltr'>eos’,</span> <span class='ocrx_word' id='word_1_38' title='bbox 676 515 836 549; x_wconf 87' lang='lat' dir='ltr'>refertur</span> <span class='ocrx_word' id='word_1_39' title='bbox 859 514 923 548; x_wconf 87' lang='lat' dir='ltr'>inf.</span> <span class='ocrx_word' id='word_1_40' title='bbox 943 524 998 558; x_wconf 90' lang='lat' dir='ltr'>ep.</span> <span class='ocrx_word' id='word_1_41' title='bbox 1018 517 1071 549; x_wconf 82' lang='lat'>57.</span> <span class='ocrx_word' id='word_1_42' title='bbox 1096 513 1141 548; x_wconf 86' lang='lat' dir='ltr'>ef.</span> <span class='ocrx_word' id='word_1_43' title='bbox 1158 513 1206 548; x_wconf 87' lang='lat' dir='ltr'>ad</span> <span class='ocrx_word' id='word_1_44' title='bbox 1221 525 1257 558; x_wconf 91' lang='lat' dir='ltr'>p.</span> <span class='ocrx_word' id='word_1_45' title='bbox 1275 514 1387 548; x_wconf 75' lang='lat'>27527.</span> 
     </span>
    </p>

    <p class='ocr_par' dir='ltr' id='par_1_5' title="bbox 317 561 1769 616">
     <span class='ocr_line' id='line_1_7' title="bbox 317 561 1769 616; baseline -0.004 -8"><span class='ocrx_word' id='word_1_46' title='bbox 317 579 356 609; x_wconf 91' lang='lat'>31</span> <span class='ocrx_word' id='word_1_47' title='bbox 382 582 484 607; x_wconf 68' lang='lat' dir='ltr'>nemo</span> <span class='ocrx_word' id='word_1_48' title='bbox 501 600 508 606; x_wconf 87' lang='lat'>.</span> <span class='ocrx_word' id='word_1_49' title='bbox 527 599 534 606; x_wconf 92' lang='lat'>.</span> <span class='ocrx_word' id='word_1_50' title='bbox 553 599 560 606; x_wconf 88' lang='lat'><strong>.</strong></span> <span class='ocrx_word' id='word_1_51' title='bbox 577 571 686 616; x_wconf 57' lang='lat' dir='ltr'>stud]</span> <span class='ocrx_word' id='word_1_52' title='bbox 712 571 888 615; x_wconf 88' lang='lat' dir='ltr'>Apertius</span> <span class='ocrx_word' id='word_1_53' title='bbox 912 582 947 614; x_wconf 88' lang='lat' dir='ltr'>p.</span> <span class='ocrx_word' id='word_1_54' title='bbox 966 571 1055 604; x_wconf 79' lang='lat'><strong>54¹2.</strong></span> <span class='ocrx_word' id='word_1_55' title='bbox 1072 569 1241 614; x_wconf 75' lang='lat' dir='ltr'><strong>magistri</strong></span> <span class='ocrx_word' id='word_1_56' title='bbox 1259 561 1381 603; x_wconf 71' lang='lat' dir='ltr'>&#39;nostri</span> <span class='ocrx_word' id='word_1_57' title='bbox 1405 568 1498 602; x_wconf 85' lang='lat' dir='ltr'>asini</span> <span class='ocrx_word' id='word_1_58' title='bbox 1522 568 1769 613; x_wconf 72' lang='lat' dir='ltr'>appellantur.</span> 
     </span>
    </p>

    <p class='ocr_par' dir='ltr' id='par_1_6' title="bbox 316 630 510 672">
     <span class='ocr_line' id='line_1_8' title="bbox 316 630 510 672; baseline -0.005 -9"><span class='ocrx_word' id='word_1_59' title='bbox 316 632 402 672; x_wconf 79' lang='lat' dir='ltr'>Pag.</span> <span class='ocrx_word' id='word_1_60' title='bbox 421 630 510 666; x_wconf 90' lang='grc'><strong>190.</strong></span> 
     </span>
    </p>

    <p class='ocr_par' dir='ltr' id='par_1_7' title="bbox 318 681 1107 728">
     <span class='ocr_line' id='line_1_9' title="bbox 318 681 1107 728; baseline -0.004 -10"><span class='ocrx_word' id='word_1_61' title='bbox 318 689 335 719; x_wconf 99' lang='grc'>1</span> <span class='ocrx_word' id='word_1_62' title='bbox 362 684 557 728; x_wconf 76' lang='lat' dir='ltr'>doctorum]</span> <span class='ocrx_word' id='word_1_63' title='bbox 583 694 726 728; x_wconf 82' lang='lat' dir='ltr'>operar.</span> <span class='ocrx_word' id='word_1_64' title='bbox 746 693 857 717; x_wconf 88' lang='lat' dir='ltr'>error.</span> <span class='ocrx_word' id='word_1_65' title='bbox 873 682 898 716; x_wconf 92' lang='lat' dir='ltr'>l.</span> <span class='ocrx_word' id='word_1_66' title='bbox 917 681 1107 716; x_wconf 91' lang='lat' dir='ltr'>doctorem</span> 
     </span>
    </p>

    <p class='ocr_par' dir='ltr' id='par_1_8' title="bbox 316 735 2034 1288">
     <span class='ocr_line' id='line_1_10' title="bbox 316 735 2031 784; baseline -0.003 -9"><span class='ocrx_word' id='word_1_67' title='bbox 316 745 336 775; x_wconf 90' lang='lat'><strong>3</strong></span> <span class='ocrx_word' id='word_1_68' title='bbox 360 740 500 784; x_wconf 69' lang='lat' dir='ltr'>soblem]</span> <span class='ocrx_word' id='word_1_69' title='bbox 531 740 623 774; x_wconf 91' lang='lat' dir='ltr'>item</span> <span class='ocrx_word' id='word_1_70' title='bbox 653 741 765 774; x_wconf 66' lang='lat'>29934.</span> <span class='ocrx_word' id='word_1_71' title='bbox 783 740 826 773; x_wconf 87' lang='lat' dir='ltr'>ut</span> <span class='ocrx_word' id='word_1_72' title='bbox 855 738 903 772; x_wconf 86' lang='lat' dir='ltr'>ad</span> <span class='ocrx_word' id='word_1_73' title='bbox 935 737 1123 772; x_wconf 83' lang='lat' dir='ltr'>‘similem&#39;</span> <span class='ocrx_word' id='word_1_74' title='bbox 1150 735 1322 778; x_wconf 89' lang='lat' dir='ltr'>adsonet,</span> <span class='ocrx_word' id='word_1_75' title='bbox 1356 746 1401 770; x_wconf 80' lang='lat' dir='ltr'>ex</span> <span class='ocrx_word' id='word_1_76' title='bbox 1431 735 1560 770; x_wconf 83' lang='lat' dir='ltr'>sehelm</span> <span class='ocrx_word' id='word_1_77' title='bbox 1590 735 1730 770; x_wconf 82' lang='lat' dir='ltr'>factum</span> <span class='ocrx_word' id='word_1_78' title='bbox 1762 746 1839 770; x_wconf 81' lang='lat' dir='ltr'>esse</span> <span class='ocrx_word' id='word_1_79' title='bbox 1871 736 2031 770; x_wconf 88' lang='lat' dir='ltr'>videtur.</span> 
     </span>
     <span class='ocr_line' id='line_1_11' title="bbox 406 791 2030 837; baseline -0.002 -8"><span class='ocrx_word' id='word_1_80' title='bbox 406 795 479 829; x_wconf 85' lang='lat' dir='ltr'>Sed</span> <span class='ocrx_word' id='word_1_81' title='bbox 504 795 548 829; x_wconf 86' lang='lat' dir='ltr'>cf.</span> <span class='ocrx_word' id='word_1_82' title='bbox 566 795 679 829; x_wconf 87' lang='lat' dir='ltr'>etiam</span> <span class='ocrx_word' id='word_1_83' title='bbox 706 795 901 829; x_wconf 83' lang='lat' dir='ltr'>‘schlemm</span> <span class='ocrx_word' id='word_1_84' title='bbox 918 810 961 823; x_wconf 90' lang='lat'><strong><em>=</em></strong></span> <span class='ocrx_word' id='word_1_85' title='bbox 977 793 1102 835; x_wconf 81' lang='lat' dir='ltr'>schief,</span> <span class='ocrx_word' id='word_1_86' title='bbox 1125 793 1264 837; x_wconf 69' lang='lat' dir='ltr'>schrdy,</span> <span class='ocrx_word' id='word_1_87' title='bbox 1289 792 1485 836; x_wconf 63' lang='lat' dir='ltr'>ablac‘inyiy,</span> <span class='ocrx_word' id='word_1_88' title='bbox 1508 801 1629 833; x_wconf 72' lang='lat' dir='ltr'>varus,</span> <span class='ocrx_word' id='word_1_89' title='bbox 1656 791 1820 826; x_wconf 87' lang='lat' dir='ltr'>distortis</span> <span class='ocrx_word' id='word_1_90' title='bbox 1843 791 2030 826; x_wconf 84' lang='lat' dir='ltr'>cruribus&#39;</span> 
     </span>
     <span class='ocr_line' id='line_1_12' title="bbox 406 846 2031 893; baseline -0.003 -8"><span class='ocrx_word' id='word_1_91' title='bbox 406 850 598 885; x_wconf 80' lang='lat' dir='ltr'>Sehmeller</span> <span class='ocrx_word' id='word_1_92' title='bbox 620 850 745 885; x_wconf 81' lang='lat' dir='ltr'>Baier.</span> <span class='ocrx_word' id='word_1_93' title='bbox 765 849 861 884; x_wconf 89' lang='lat' dir='ltr'>WB.</span> <span class='ocrx_word' id='word_1_94' title='bbox 881 849 944 882; x_wconf 89' lang='lat' dir='ltr'>III.</span> <span class='ocrx_word' id='word_1_95' title='bbox 961 861 996 893; x_wconf 90' lang='lat' dir='ltr'>p.</span> <span class='ocrx_word' id='word_1_96' title='bbox 1014 852 1090 883; x_wconf 84' lang='lat'>448.</span> <span class='ocrx_word' id='word_1_97' title='bbox 1107 868 1150 872; x_wconf 81' lang='lat'>—</span> <span class='ocrx_word' id='word_1_98' title='bbox 1175 847 1300 882; x_wconf 71' lang='lat' dir='ltr'>Brant</span> <span class='ocrx_word' id='word_1_99' title='bbox 1314 848 1534 882; x_wconf 67' lang='lat' dir='ltr'>Naro-emen.</span> <span class='ocrx_word' id='word_1_100' title='bbox 1557 847 1714 882; x_wconf 76' lang='lat' dir='ltr'>Vorrede</span> <span class='ocrx_word' id='word_1_101' title='bbox 1730 859 1763 882; x_wconf 84' lang='lat' dir='ltr'>v.</span> <span class='ocrx_word' id='word_1_102' title='bbox 1777 851 1831 883; x_wconf 89' lang='grc'>60.</span> <span class='ocrx_word' id='word_1_103' title='bbox 1856 846 2031 891; x_wconf 85' lang='lat' dir='ltr'>„Schlym</span> 
     </span>
     <span class='ocr_line' id='line_1_13' title="bbox 406 902 2033 951; baseline -0.003 -10"><span class='ocrx_word' id='word_1_104' title='bbox 406 907 563 948; x_wconf 85' lang='lat' dir='ltr'>schlem,</span> <span class='ocrx_word' id='word_1_105' title='bbox 595 917 667 951; x_wconf 82' lang='lat' dir='ltr'>eyn</span> <span class='ocrx_word' id='word_1_106' title='bbox 691 905 807 950; x_wconf 79' lang='lat' dir='ltr'>yeder</span> <span class='ocrx_word' id='word_1_107' title='bbox 837 905 933 939; x_wconf 88' lang='lat' dir='ltr'>findt</span> <span class='ocrx_word' id='word_1_108' title='bbox 963 905 1018 938; x_wconf 89' lang='lat' dir='ltr'>sin</span> <span class='ocrx_word' id='word_1_109' title='bbox 1050 903 1185 949; x_wconf 87' lang='lat' dir='ltr'>glich.“</span> <span class='ocrx_word' id='word_1_110' title='bbox 1213 903 1353 938; x_wconf 79' lang='lat' dir='ltr'>Geilers</span> <span class='ocrx_word' id='word_1_111' title='bbox 1375 903 1596 938; x_wconf 63' lang='lat' dir='ltr'>Narreozsch.</span> <span class='ocrx_word' id='word_1_112' title='bbox 1614 907 1673 945; x_wconf 82' lang='lat'>67,</span> <span class='ocrx_word' id='word_1_113' title='bbox 1691 913 1718 938; x_wconf 87' lang='lat'>5.</span> <span class='ocrx_word' id='word_1_114' title='bbox 1780 902 1924 945; x_wconf 86' lang='lat' dir='ltr'>„Pares</span> <span class='ocrx_word' id='word_1_115' title='bbox 1949 913 2033 936; x_wconf 90' lang='lat' dir='ltr'>cum</span> 
     </span>
     <span class='ocr_line' id='line_1_14' title="bbox 406 958 2032 1007; baseline -0.003 -10"><span class='ocrx_word' id='word_1_116' title='bbox 406 963 556 1007; x_wconf 88' lang='lat' dir='ltr'>paribus</span> <span class='ocrx_word' id='word_1_117' title='bbox 573 962 692 997; x_wconf 81' lang='lat' dir='ltr'>veteri</span> <span class='ocrx_word' id='word_1_118' title='bbox 708 961 906 1006; x_wconf 75' lang='lat' dir='ltr'>proverbio</span> <span class='ocrx_word' id='word_1_119' title='bbox 923 960 1100 995; x_wconf 82' lang='lat' dir='ltr'>facillime</span> <span class='ocrx_word' id='word_1_120' title='bbox 1126 960 1425 1004; x_wconf 79' lang='lat' dir='ltr'>congregantur“</span> <span class='ocrx_word' id='word_1_121' title='bbox 1451 958 1524 993; x_wconf 85' lang='lat' dir='ltr'>Cic.</span> <span class='ocrx_word' id='word_1_122' title='bbox 1542 958 1620 993; x_wconf 87' lang='lat' dir='ltr'>Cat.</span> <span class='ocrx_word' id='word_1_123' title='bbox 1637 959 1723 993; x_wconf 84' lang='lat' dir='ltr'>mai.</span> <span class='ocrx_word' id='word_1_124' title='bbox 1741 963 1771 993; x_wconf 89' lang='lat'>3.</span> <span class='ocrx_word' id='word_1_125' title='bbox 1789 961 1808 1000; x_wconf 65' lang='grc' dir='ltr'>ξ</span> <span class='ocrx_word' id='word_1_126' title='bbox 1827 962 1857 993; x_wconf 84' lang='grc'>7.</span> <span class='ocrx_word' id='word_1_127' title='bbox 1881 958 2032 992; x_wconf 80' lang='lat' dir='ltr'>Aristot.</span> 
     </span>
     <span class='ocr_line' id='line_1_15' title="bbox 407 1011 2034 1059; baseline -0.003 -6"><span class='ocrx_word' id='word_1_128' title='bbox 407 1019 543 1053; x_wconf 85' lang='lat' dir='ltr'>rhetor.</span> <span class='ocrx_word' id='word_1_129' title='bbox 561 1018 588 1053; x_wconf 85' lang='lat' dir='ltr'>I.</span> <span class='ocrx_word' id='word_1_130' title='bbox 609 1022 659 1052; x_wconf 89' lang='lat'>11.</span> <span class='ocrx_word' id='word_1_131' title='bbox 678 1021 697 1059; x_wconf 67' lang='grc' dir='ltr'>ἓ</span> <span class='ocrx_word' id='word_1_132' title='bbox 714 1021 766 1052; x_wconf 79' lang='grc'>25.</span> <span class='ocrx_word' id='word_1_133' title='bbox 792 1017 871 1052; x_wconf 80' lang='grc' dir='ltr'>Καὶ</span> <span class='ocrx_word' id='word_1_134' title='bbox 897 1014 980 1052; x_wconf 78' lang='grc' dir='ltr'><em>ἐπεὶ</em></span> <span class='ocrx_word' id='word_1_135' title='bbox 1005 1014 1047 1051; x_wconf 84' lang='grc' dir='ltr'>τὸ</span> <span class='ocrx_word' id='word_1_136' title='bbox 1071 1013 1168 1050; x_wconf 75' lang='grc' dir='ltr'><strong><em>κατὰ</em></strong></span> <span class='ocrx_word' id='word_1_137' title='bbox 1195 1012 1312 1059; x_wconf 80' lang='grc' dir='ltr'><em>φύσιν</em></span> <span class='ocrx_word' id='word_1_138' title='bbox 1336 1011 1430 1059; x_wconf 79' lang='grc' dir='ltr'><em>ἡδύ,</em></span> <span class='ocrx_word' id='word_1_139' title='bbox 1462 1012 1509 1049; x_wconf 77' lang='grc' dir='ltr'>τὰ</span> <span class='ocrx_word' id='word_1_140' title='bbox 1535 1015 1700 1059; x_wconf 74' lang='grc' dir='ltr'><em>συγγενῆ</em></span> <span class='ocrx_word' id='word_1_141' title='bbox 1724 1013 1767 1049; x_wconf 74' lang='grc' dir='ltr'>δὲ</span> <span class='ocrx_word' id='word_1_142' title='bbox 1790 1011 1888 1049; x_wconf 72' lang='grc' dir='ltr'>κατὰ</span> <span class='ocrx_word' id='word_1_143' title='bbox 1915 1013 2034 1058; x_wconf 81' lang='grc' dir='ltr'><em>φύσιν</em></span> 
     </span>
     <span class='ocr_line' id='line_1_16' title="bbox 409 1065 2034 1119; baseline -0.005 -9"><span class='ocrx_word' id='word_1_144' title='bbox 409 1071 585 1119; x_wconf 72' lang='grc' dir='ltr'><em>ἀλλήλοις</em></span> <span class='ocrx_word' id='word_1_145' title='bbox 616 1071 737 1117; x_wconf 78' lang='grc' dir='ltr'><em>ἐστίν,</em></span> <span class='ocrx_word' id='word_1_146' title='bbox 769 1071 896 1107; x_wconf 77' lang='grc' dir='ltr'><em>πάντα</em></span> <span class='ocrx_word' id='word_1_147' title='bbox 925 1069 972 1107; x_wconf 78' lang='grc' dir='ltr'>τὰ</span> <span class='ocrx_word' id='word_1_148' title='bbox 1005 1072 1166 1116; x_wconf 78' lang='grc' dir='ltr'>συγγενῆ</span> <span class='ocrx_word' id='word_1_149' title='bbox 1200 1071 1264 1105; x_wconf 75' lang='grc' dir='ltr'>καὶ</span> <span class='ocrx_word' id='word_1_150' title='bbox 1297 1065 1411 1115; x_wconf 80' lang='grc' dir='ltr'>ὅμοια</span> <span class='ocrx_word' id='word_1_151' title='bbox 1442 1066 1543 1115; x_wconf 80' lang='grc' dir='ltr'><em>ἡδέα</em></span> <span class='ocrx_word' id='word_1_152' title='bbox 1568 1067 1618 1110; x_wconf 81' lang='grc' dir='ltr'>ὥς</span> <span class='ocrx_word' id='word_1_153' title='bbox 1649 1066 1710 1105; x_wconf 79' lang='grc' dir='ltr'>ἐπὶ</span> <span class='ocrx_word' id='word_1_154' title='bbox 1743 1066 1787 1104; x_wconf 85' lang='grc' dir='ltr'>τὸ</span> <span class='ocrx_word' id='word_1_155' title='bbox 1809 1065 1926 1110; x_wconf 75' lang='grc' dir='ltr'><em>πολύ,</em></span> <span class='ocrx_word' id='word_1_156' title='bbox 1952 1067 2034 1103; x_wconf 81' lang='grc' dir='ltr'><strong><em>οἷον</em></strong></span> 
     </span>
     <span class='ocr_line' id='line_1_17' title="bbox 409 1121 2034 1175; baseline -0.004 -9"><span class='ocrx_word' id='word_1_157' title='bbox 409 1126 613 1175; x_wconf 71' lang='grc' dir='ltr'><strong><em>ἄνθρωπος</em></strong></span> <span class='ocrx_word' id='word_1_158' title='bbox 640 1126 831 1175; x_wconf 76' lang='grc' dir='ltr'><em>ἀνθρώπῳ</em></span> <span class='ocrx_word' id='word_1_159' title='bbox 857 1128 920 1164; x_wconf 79' lang='grc' dir='ltr'>καὶ</span> <span class='ocrx_word' id='word_1_160' title='bbox 947 1128 1061 1168; x_wconf 75' lang='grc' dir='ltr'><em>ἵππος</em></span> <span class='ocrx_word' id='word_1_161' title='bbox 1087 1128 1189 1172; x_wconf 78' lang='grc' dir='ltr'><strong><em>ἵππῳ</em></strong></span> <span class='ocrx_word' id='word_1_162' title='bbox 1219 1127 1284 1162; x_wconf 83' lang='grc' dir='ltr'>καὶ</span> <span class='ocrx_word' id='word_1_163' title='bbox 1315 1124 1404 1166; x_wconf 79' lang='grc' dir='ltr'><strong><em>νέος</em></strong></span> <span class='ocrx_word' id='word_1_164' title='bbox 1429 1124 1514 1171; x_wconf 81' lang='grc' dir='ltr'>νέῳ.</span> <span class='ocrx_word' id='word_1_165' title='bbox 1553 1121 1650 1161; x_wconf 78' lang='grc' dir='ltr'>ὅθεν</span> <span class='ocrx_word' id='word_1_166' title='bbox 1675 1125 1741 1160; x_wconf 80' lang='grc' dir='ltr'>καὶ</span> <span class='ocrx_word' id='word_1_167' title='bbox 1766 1123 1809 1160; x_wconf 78' lang='grc' dir='ltr'>αἱ</span> <span class='ocrx_word' id='word_1_168' title='bbox 1829 1126 2034 1170; x_wconf 82' lang='grc' dir='ltr'><strong><em>παροιμίαι</em></strong></span> 
     </span>
     <span class='ocr_line' id='line_1_18' title="bbox 411 1177 2033 1231; baseline -0.003 -10"><span class='ocrx_word' id='word_1_169' title='bbox 411 1187 602 1231; x_wconf 76' lang='grc' dir='ltr'><em>εἴρηνται,</em></span> <span class='ocrx_word' id='word_1_170' title='bbox 636 1182 684 1225; x_wconf 76' lang='grc' dir='ltr'>ὡς</span> <span class='ocrx_word' id='word_1_171' title='bbox 709 1178 796 1229; x_wconf 77' lang='grc' dir='ltr'><em>ἧλιξ</em></span> <span class='ocrx_word' id='word_1_172' title='bbox 821 1179 938 1228; x_wconf 80' lang='grc' dir='ltr'><em>ἥλικα</em></span> <span class='ocrx_word' id='word_1_173' title='bbox 962 1183 1109 1227; x_wconf 81' lang='grc' dir='ltr'><em>τέρπει,</em></span> <span class='ocrx_word' id='word_1_174' title='bbox 1139 1183 1205 1217; x_wconf 79' lang='grc' dir='ltr'>καὶ</span> <span class='ocrx_word' id='word_1_175' title='bbox 1229 1181 1277 1223; x_wconf 78' lang='grc' dir='ltr'>ὡς</span> <span class='ocrx_word' id='word_1_176' title='bbox 1302 1181 1380 1218; x_wconf 79' lang='grc' dir='ltr'><em>αἰεὶ</em></span> <span class='ocrx_word' id='word_1_177' title='bbox 1406 1178 1472 1216; x_wconf 85' lang='grc' dir='ltr'>τὸν</span> <span class='ocrx_word' id='word_1_178' title='bbox 1498 1177 1649 1226; x_wconf 81' lang='grc' dir='ltr'><em>ὁμοῖον,</em></span> <span class='ocrx_word' id='word_1_179' title='bbox 1675 1181 1740 1216; x_wconf 80' lang='grc' dir='ltr'>καὶ</span> <span class='ocrx_word' id='word_1_180' title='bbox 1767 1179 1862 1226; x_wconf 76' lang='grc' dir='ltr'><strong><em>ἔγνω</em></strong></span> <span class='ocrx_word' id='word_1_181' title='bbox 1887 1180 1930 1216; x_wconf 76' lang='grc' dir='ltr'>δὲ</span> <span class='ocrx_word' id='word_1_182' title='bbox 1954 1181 2033 1226; x_wconf 79' lang='grc' dir='ltr'>θῆρ</span> 
     </span>
     <span class='ocr_line' id='line_1_19' title="bbox 409 1232 1707 1288; baseline -0.005 -10"><span class='ocrx_word' id='word_1_183' title='bbox 409 1243 530 1288; x_wconf 75' lang='grc' dir='ltr'><strong><em>θῆρα,</em></strong></span> <span class='ocrx_word' id='word_1_184' title='bbox 555 1241 620 1276; x_wconf 85' lang='grc' dir='ltr'>καὶ</span> <span class='ocrx_word' id='word_1_185' title='bbox 646 1237 707 1275; x_wconf 74' lang='grc' dir='ltr'>ἀεὶ</span> <span class='ocrx_word' id='word_1_186' title='bbox 733 1236 882 1280; x_wconf 80' lang='grc' dir='ltr'><strong><em>κολοιὸς</em></strong></span> <span class='ocrx_word' id='word_1_187' title='bbox 906 1240 1009 1283; x_wconf 84' lang='grc' dir='ltr'><em>παρὰ</em></span> <span class='ocrx_word' id='word_1_188' title='bbox 1035 1235 1198 1282; x_wconf 81' lang='grc' dir='ltr'><strong><em>κολοιόν,</em></strong></span> <span class='ocrx_word' id='word_1_189' title='bbox 1226 1238 1291 1273; x_wconf 81' lang='grc' dir='ltr'>καὶ</span> <span class='ocrx_word' id='word_1_190' title='bbox 1317 1232 1389 1272; x_wconf 75' lang='grc' dir='ltr'>ὅσα</span> <span class='ocrx_word' id='word_1_191' title='bbox 1414 1232 1510 1272; x_wconf 78' lang='grc' dir='ltr'><strong><em>ἄλλα</em></strong></span> <span class='ocrx_word' id='word_1_192' title='bbox 1534 1239 1707 1272; x_wconf 82' lang='grc' dir='ltr'>τοιαῦτα.</span> 
     </span>
    </p>

    <p class='ocr_par' dir='ltr' id='par_1_9' title="bbox 320 1292 2035 1397">
     <span class='ocr_line' id='line_1_20' title="bbox 320 1292 2035 1343; baseline -0.005 -9"><span class='ocrx_word' id='word_1_193' title='bbox 320 1304 340 1334; x_wconf 84' lang='lat'>5</span> <span class='ocrx_word' id='word_1_194' title='bbox 364 1299 484 1343; x_wconf 76' lang='lat' dir='ltr'>fidelis</span> <span class='ocrx_word' id='word_1_195' title='bbox 508 1325 515 1332; x_wconf 91' lang='lat'><strong>.</strong></span> <span class='ocrx_word' id='word_1_196' title='bbox 535 1326 541 1332; x_wconf 89' lang='lat'><strong>.</strong></span> <span class='ocrx_word' id='word_1_197' title='bbox 561 1325 568 1332; x_wconf 98' lang='lat'>.</span> <span class='ocrx_word' id='word_1_198' title='bbox 593 1296 799 1340; x_wconf 73' lang='lat' dir='ltr'>Neptalim]</span> <span class='ocrx_word' id='word_1_199' title='bbox 825 1294 913 1330; x_wconf 86' lang='lat' dir='ltr'>Haec</span> <span class='ocrx_word' id='word_1_200' title='bbox 939 1294 1071 1339; x_wconf 80' lang='lat' dir='ltr'>saepius</span> <span class='ocrx_word' id='word_1_201' title='bbox 1096 1296 1217 1337; x_wconf 83' lang='lat' dir='ltr'>antea,</span> <span class='ocrx_word' id='word_1_202' title='bbox 1243 1294 1308 1329; x_wconf 90' lang='lat' dir='ltr'>sed</span> <span class='ocrx_word' id='word_1_203' title='bbox 1332 1293 1545 1338; x_wconf 82' lang='lat' dir='ltr'>nuperrime</span> <span class='ocrx_word' id='word_1_204' title='bbox 1571 1294 1609 1327; x_wconf 91' lang='lat' dir='ltr'>in</span> <span class='ocrx_word' id='word_1_205' title='bbox 1633 1293 1782 1328; x_wconf 88' lang='lat' dir='ltr'>Defens.</span> <span class='ocrx_word' id='word_1_206' title='bbox 1801 1293 1850 1338; x_wconf 89' lang='lat' dir='ltr'>(p.</span> <span class='ocrx_word' id='word_1_207' title='bbox 1869 1295 1958 1337; x_wconf 79' lang='lat'>170.)</span> <span class='ocrx_word' id='word_1_208' title='bbox 1983 1292 2035 1326; x_wconf 87' lang='lat' dir='ltr'>di-</span> 
     </span>
     <span class='ocr_line' id='line_1_21' title="bbox 410 1352 818 1397; baseline -0.01 -8"><span class='ocrx_word' id='word_1_209' title='bbox 410 1355 516 1389; x_wconf 80' lang='lat' dir='ltr'>xerat</span> <span class='ocrx_word' id='word_1_210' title='bbox 537 1352 818 1397; x_wconf 84' lang='lat' dir='ltr'>Pepericornus.</span> 
     </span>
    </p>

    <p class='ocr_par' dir='ltr' id='par_1_10' title="bbox 321 1404 2037 1510">
     <span class='ocr_line' id='line_1_22' title="bbox 321 1404 2037 1454; baseline -0.005 -8"><span class='ocrx_word' id='word_1_211' title='bbox 321 1416 341 1447; x_wconf 86' lang='lat'>8</span> <span class='ocrx_word' id='word_1_212' title='bbox 365 1411 488 1454; x_wconf 77' lang='lat' dir='ltr'>Accip.</span> <span class='ocrx_word' id='word_1_213' title='bbox 507 1410 582 1454; x_wconf 63' lang='lat' dir='ltr'>etc]</span> <span class='ocrx_word' id='word_1_214' title='bbox 619 1408 698 1443; x_wconf 88' lang='lat' dir='ltr'>Hoc</span> <span class='ocrx_word' id='word_1_215' title='bbox 729 1407 942 1451; x_wconf 76' lang='lat' dir='ltr'>dicterium,</span> <span class='ocrx_word' id='word_1_216' title='bbox 975 1407 1074 1451; x_wconf 86' lang='lat' dir='ltr'>quod</span> <span class='ocrx_word' id='word_1_217' title='bbox 1105 1407 1195 1441; x_wconf 87' lang='lat' dir='ltr'>alibi</span> <span class='ocrx_word' id='word_1_218' title='bbox 1219 1417 1278 1441; x_wconf 87' lang='lat' dir='ltr'>me</span> <span class='ocrx_word' id='word_1_219' title='bbox 1310 1405 1436 1451; x_wconf 88' lang='lat' dir='ltr'>legere</span> <span class='ocrx_word' id='word_1_220' title='bbox 1460 1416 1535 1440; x_wconf 90' lang='lat' dir='ltr'>non</span> <span class='ocrx_word' id='word_1_221' title='bbox 1565 1405 1734 1448; x_wconf 88' lang='lat' dir='ltr'>memini,</span> <span class='ocrx_word' id='word_1_222' title='bbox 1767 1405 1886 1440; x_wconf 85' lang='lat' dir='ltr'>simile</span> <span class='ocrx_word' id='word_1_223' title='bbox 1918 1405 1974 1439; x_wconf 90' lang='lat' dir='ltr'>est</span> <span class='ocrx_word' id='word_1_224' title='bbox 2003 1404 2037 1438; x_wconf 89' lang='lat' dir='ltr'>ei</span> 
     </span>
     <span class='ocr_line' id='line_1_23' title="bbox 412 1463 976 1510; baseline -0.005 -9"><span class='ocrx_word' id='word_1_225' title='bbox 412 1467 512 1510; x_wconf 73' lang='lat' dir='ltr'>Friss</span> <span class='ocrx_word' id='word_1_226' title='bbox 537 1466 644 1500; x_wconf 72' lang='lat' dir='ltr'>deine</span> <span class='ocrx_word' id='word_1_227' title='bbox 667 1466 815 1509; x_wconf 73' lang='lat' dir='ltr'>eiyenen</span> <span class='ocrx_word' id='word_1_228' title='bbox 844 1463 976 1498; x_wconf 80' lang='lat' dir='ltr'>Worte.</span> 
     </span>
    </p>

    <p class='ocr_par' dir='ltr' id='par_1_11' title="bbox 323 1517 2037 1623">
     <span class='ocr_line' id='line_1_24' title="bbox 323 1517 2037 1567; baseline -0.004 -9"><span class='ocrx_word' id='word_1_229' title='bbox 323 1528 364 1558; x_wconf 90' lang='grc'>12</span> <span class='ocrx_word' id='word_1_230' title='bbox 390 1523 485 1567; x_wconf 77' lang='lat' dir='ltr'>quod</span> <span class='ocrx_word' id='word_1_231' title='bbox 503 1549 510 1556; x_wconf 96' lang='lat'>.</span> <span class='ocrx_word' id='word_1_232' title='bbox 529 1550 535 1556; x_wconf 97' lang='lat'>.</span> <span class='ocrx_word' id='word_1_233' title='bbox 555 1550 562 1556; x_wconf 91' lang='lat'>.</span> <span class='ocrx_word' id='word_1_234' title='bbox 580 1521 763 1566; x_wconf 74' lang='lat' dir='ltr'>mayz&#39;ster]</span> <span class='ocrx_word' id='word_1_235' title='bbox 788 1520 830 1554; x_wconf 89' lang='lat' dir='ltr'>In</span> <span class='ocrx_word' id='word_1_236' title='bbox 855 1520 996 1553; x_wconf 87' lang='lat' dir='ltr'>incerto</span> <span class='ocrx_word' id='word_1_237' title='bbox 1021 1519 1245 1563; x_wconf 74' lang='lat' dir='ltr'>relinquitur</span> <span class='ocrx_word' id='word_1_238' title='bbox 1275 1520 1400 1552; x_wconf 88' lang='lat' dir='ltr'>utrum</span> <span class='ocrx_word' id='word_1_239' title='bbox 1424 1517 1620 1552; x_wconf 82' lang='lat' dir='ltr'>Mm-nerus</span> <span class='ocrx_word' id='word_1_240' title='bbox 1650 1517 1854 1563; x_wconf 74' lang='lat' dir='ltr'>magisterii</span> <span class='ocrx_word' id='word_1_241' title='bbox 1878 1517 2037 1562; x_wconf 86' lang='lat' dir='ltr'>dignita-</span> 
     </span>
     <span class='ocr_line' id='line_1_25' title="bbox 411 1575 1080 1623; baseline -0.006 -10"><span class='ocrx_word' id='word_1_242' title='bbox 411 1580 490 1613; x_wconf 85' lang='lat' dir='ltr'>tem</span> <span class='ocrx_word' id='word_1_243' title='bbox 515 1577 710 1623; x_wconf 81' lang='lat' dir='ltr'>agnoverit</span> <span class='ocrx_word' id='word_1_244' title='bbox 734 1588 781 1610; x_wconf 83' lang='lat' dir='ltr'>an</span> <span class='ocrx_word' id='word_1_245' title='bbox 806 1575 1080 1620; x_wconf 74' lang='lat' dir='ltr'>contempserit.</span> 
     </span>
    </p>

    <p class='ocr_par' dir='ltr' id='par_1_12' title="bbox 325 1630 1651 1679">
     <span class='ocr_line' id='line_1_26' title="bbox 325 1630 1651 1679; baseline -0.005 -9"><span class='ocrx_word' id='word_1_246' title='bbox 325 1639 366 1670; x_wconf 88' lang='lat'>14</span> <span class='ocrx_word' id='word_1_247' title='bbox 389 1634 620 1679; x_wconf 71' lang='lat' dir='ltr'>mortificare]</span> <span class='ocrx_word' id='word_1_248' title='bbox 646 1633 693 1667; x_wconf 87' lang='lat' dir='ltr'>ad</span> <span class='ocrx_word' id='word_1_249' title='bbox 717 1634 876 1667; x_wconf 89' lang='lat' dir='ltr'>mortem</span> <span class='ocrx_word' id='word_1_250' title='bbox 902 1632 1089 1673; x_wconf 87' lang='lat' dir='ltr'>damnare,</span> <span class='ocrx_word' id='word_1_251' title='bbox 1116 1641 1258 1665; x_wconf 88' lang='lat' dir='ltr'>summo</span> <span class='ocrx_word' id='word_1_252' title='bbox 1284 1630 1465 1675; x_wconf 86' lang='lat' dir='ltr'>supplicio</span> <span class='ocrx_word' id='word_1_253' title='bbox 1491 1630 1651 1665; x_wconf 87' lang='lat' dir='ltr'>afficere.</span> 
     </span>
    </p>

    <p class='ocr_par' dir='ltr' id='par_1_13' title="bbox 325 1689 840 1735">
     <span class='ocr_line' id='line_1_27' title="bbox 325 1689 840 1735; baseline -0.006 -10"><span class='ocrx_word' id='word_1_254' title='bbox 325 1696 365 1726; x_wconf 82' lang='lat'>15</span> <span class='ocrx_word' id='word_1_255' title='bbox 389 1690 526 1735; x_wconf 74' lang='lat' dir='ltr'>malefi]</span> <span class='ocrx_word' id='word_1_256' title='bbox 553 1689 598 1724; x_wconf 89' lang='lat' dir='ltr'>cf.</span> <span class='ocrx_word' id='word_1_257' title='bbox 617 1689 664 1723; x_wconf 85' lang='lat' dir='ltr'>ad</span> <span class='ocrx_word' id='word_1_258' title='bbox 681 1690 840 1723; x_wconf 67' lang='lat' dir='ltr'>55¹⁴-Sq‘1-</span> 
     </span>
    </p>

    <p class='ocr_par' dir='ltr' id='par_1_14' title="bbox 326 1742 2039 1846">
     <span class='ocr_line' id='line_1_28' title="bbox 326 1742 2039 1790; baseline -0.002 -9"><span class='ocrx_word' id='word_1_259' title='bbox 326 1751 366 1781; x_wconf 91' lang='grc'>16</span> <span class='ocrx_word' id='word_1_260' title='bbox 390 1747 485 1781; x_wconf 75' lang='lat' dir='ltr'>Eece</span> <span class='ocrx_word' id='word_1_261' title='bbox 508 1746 583 1790; x_wconf 71' lang='lat' dir='ltr'>etc]</span> <span class='ocrx_word' id='word_1_262' title='bbox 610 1745 829 1780; x_wconf 83' lang='lat' dir='ltr'>Germanice</span> <span class='ocrx_word' id='word_1_263' title='bbox 856 1744 920 1778; x_wconf 80' lang='lat' dir='ltr'>Da</span> <span class='ocrx_word' id='word_1_264' title='bbox 944 1744 1034 1779; x_wconf 77' lang='lat' dir='ltr'>sieht</span> <span class='ocrx_word' id='word_1_265' title='bbox 1060 1755 1162 1786; x_wconf 75' lang='lat' dir='ltr'>man,</span> <span class='ocrx_word' id='word_1_266' title='bbox 1194 1754 1267 1778; x_wconf 79' lang='lat' dir='ltr'>was</span> <span class='ocrx_word' id='word_1_267' title='bbox 1295 1743 1365 1778; x_wconf 78' lang='lat' dir='ltr'>den</span> <span class='ocrx_word' id='word_1_268' title='bbox 1389 1743 1518 1778; x_wconf 72' lang='lat' dir='ltr'>Juden</span> <span class='ocrx_word' id='word_1_269' title='bbox 1547 1753 1593 1778; x_wconf 66' lang='lat' dir='ltr'>zu</span> <span class='ocrx_word' id='word_1_270' title='bbox 1623 1742 1776 1778; x_wconf 80' lang='lat' dir='ltr'>schlecht</span> <span class='ocrx_word' id='word_1_271' title='bbox 1799 1743 1865 1786; x_wconf 71' lang='lat' dir='ltr'>ist,</span> <span class='ocrx_word' id='word_1_272' title='bbox 1895 1743 1944 1777; x_wconf 77' lang='lat' dir='ltr'>ist</span> <span class='ocrx_word' id='word_1_273' title='bbox 1968 1742 2039 1777; x_wconf 78' lang='lat' dir='ltr'>den</span> 
     </span>
     <span class='ocr_line' id='line_1_29' title="bbox 416 1802 822 1846; baseline -0.005 -9"><span class='ocrx_word' id='word_1_274' title='bbox 416 1802 584 1837; x_wconf 76' lang='lat' dir='ltr'>Christen</span> <span class='ocrx_word' id='word_1_275' title='bbox 606 1805 672 1846; x_wconf 70' lang='lat' dir='ltr'>yut</span> <span class='ocrx_word' id='word_1_276' title='bbox 693 1812 822 1846; x_wconf 70' lang='lat' dir='ltr'>qenuy.</span> 
     </span>
    </p>

    <p class='ocr_par' dir='ltr' id='par_1_15' title="bbox 323 1857 1078 1901">
     <span class='ocr_line' id='line_1_30' title="bbox 323 1857 1078 1901; baseline -0.005 -7"><span class='ocrx_word' id='word_1_277' title='bbox 323 1863 366 1894; x_wconf 88' lang='grc'>20</span> <span class='ocrx_word' id='word_1_278' title='bbox 390 1857 582 1901; x_wconf 80' lang='lat' dir='ltr'>modicum]</span> <span class='ocrx_word' id='word_1_279' title='bbox 610 1858 670 1892; x_wconf 71' lang='lat' dir='ltr'>ein</span> <span class='ocrx_word' id='word_1_280' title='bbox 694 1857 859 1901; x_wconf 66' lang='lat' dir='ltr'>bzssclzen,</span> <span class='ocrx_word' id='word_1_281' title='bbox 884 1857 973 1891; x_wconf 82' lang='lat' dir='ltr'>doeh</span> <span class='ocrx_word' id='word_1_282' title='bbox 996 1867 1078 1890; x_wconf 68' lang='lat' dir='ltr'>mar.</span> 
     </span>
    </p>

    <p class='ocr_par' dir='ltr' id='par_1_16' title="bbox 324 1910 2038 2071">
     <span class='ocr_line' id='line_1_31' title="bbox 324 1910 2038 1958; baseline -0.004 -8"><span class='ocrx_word' id='word_1_283' title='bbox 324 1920 364 1950; x_wconf 98' lang='grc'>21</span> <span class='ocrx_word' id='word_1_284' title='bbox 390 1915 532 1958; x_wconf 70' lang='lat' dir='ltr'>furavit</span> <span class='ocrx_word' id='word_1_285' title='bbox 557 1914 631 1958; x_wconf 64' lang='lat' dir='ltr'>eta]</span> <span class='ocrx_word' id='word_1_286' title='bbox 666 1913 709 1947; x_wconf 87' lang='lat' dir='ltr'>cf.</span> <span class='ocrx_word' id='word_1_287' title='bbox 729 1914 787 1947; x_wconf 85' lang='lat' dir='ltr'>cit.</span> <span class='ocrx_word' id='word_1_288' title='bbox 807 1912 931 1947; x_wconf 85' lang='lat' dir='ltr'>adnot.</span> <span class='ocrx_word' id='word_1_289' title='bbox 949 1912 996 1946; x_wconf 81' lang='lat' dir='ltr'>ad</span> <span class='ocrx_word' id='word_1_290' title='bbox 1019 1924 1054 1957; x_wconf 90' lang='lat' dir='ltr'>p.</span> <span class='ocrx_word' id='word_1_291' title='bbox 1073 1916 1144 1954; x_wconf 84' lang='lat'>55.,</span> <span class='ocrx_word' id='word_1_292' title='bbox 1176 1912 1275 1946; x_wconf 89' lang='lat' dir='ltr'>unde</span> <span class='ocrx_word' id='word_1_293' title='bbox 1308 1913 1466 1957; x_wconf 84' lang='lat' dir='ltr'>apparet</span> <span class='ocrx_word' id='word_1_294' title='bbox 1495 1911 1604 1945; x_wconf 89' lang='lat' dir='ltr'>huius</span> <span class='ocrx_word' id='word_1_295' title='bbox 1629 1910 1795 1956; x_wconf 82' lang='lat' dir='ltr'>epistolae</span> <span class='ocrx_word' id='word_1_296' title='bbox 1820 1911 2038 1955; x_wconf 84' lang='lat' dir='ltr'>scriptorem</span> 
     </span>
     <span class='ocr_line' id='line_1_32' title="bbox 413 1967 2036 2014; baseline -0.003 -9"><span class='ocrx_word' id='word_1_297' title='bbox 413 1970 676 2006; x_wconf 84' lang='lat' dir='ltr'>Defensionem</span> <span class='ocrx_word' id='word_1_298' title='bbox 699 1968 938 2013; x_wconf 86' lang='lat' dir='ltr'>Pepericorni</span> <span class='ocrx_word' id='word_1_299' title='bbox 969 1968 1119 2014; x_wconf 84' lang='lat' dir='ltr'>legisse,</span> <span class='ocrx_word' id='word_1_300' title='bbox 1153 1979 1236 2012; x_wconf 81' lang='lat' dir='ltr'>quae</span> <span class='ocrx_word' id='word_1_301' title='bbox 1261 1979 1345 2002; x_wconf 86' lang='lat' dir='ltr'>cum</span> <span class='ocrx_word' id='word_1_302' title='bbox 1369 1968 1529 2012; x_wconf 86' lang='lat' dir='ltr'>epistola</span> <span class='ocrx_word' id='word_1_303' title='bbox 1552 1967 1579 2002; x_wconf 89' lang='grc' dir='ltr'>Ι.</span> <span class='ocrx_word' id='word_1_304' title='bbox 1596 1971 1649 2002; x_wconf 84' lang='grc'>36.</span> <span class='ocrx_word' id='word_1_305' title='bbox 1675 1967 1914 2009; x_wconf 85' lang='lat' dir='ltr'>scriberetur,</span> <span class='ocrx_word' id='word_1_306' title='bbox 1946 1977 2036 2001; x_wconf 91' lang='lat' dir='ltr'>non-</span> 
     </span>
     <span class='ocr_line' id='line_1_33' title="bbox 414 2025 725 2071; baseline -0.006 -10"><span class='ocrx_word' id='word_1_307' title='bbox 414 2027 503 2061; x_wconf 85' lang='lat' dir='ltr'>dum</span> <span class='ocrx_word' id='word_1_308' title='bbox 527 2025 725 2071; x_wconf 82' lang='lat' dir='ltr'>prodierat.</span> 
     </span>
    </p>

    <p class='ocr_par' dir='ltr' id='par_1_17' title="bbox 325 2079 1665 2128">
     <span class='ocr_line' id='line_1_34' title="bbox 325 2079 1665 2128; baseline -0.003 -10"><span class='ocrx_word' id='word_1_309' title='bbox 325 2088 367 2118; x_wconf 87' lang='grc'>22</span> <span class='ocrx_word' id='word_1_310' title='bbox 392 2083 488 2128; x_wconf 77' lang='lat' dir='ltr'>quod</span> <span class='ocrx_word' id='word_1_311' title='bbox 506 2111 512 2117; x_wconf 96' lang='lat'>.</span> <span class='ocrx_word' id='word_1_312' title='bbox 532 2110 538 2116; x_wconf 95' lang='lat'>.</span> <span class='ocrx_word' id='word_1_313' title='bbox 559 2110 565 2116; x_wconf 92' lang='lat'>.</span> <span class='ocrx_word' id='word_1_314' title='bbox 583 2082 718 2126; x_wconf 73' lang='lat' dir='ltr'>verum]</span> <span class='ocrx_word' id='word_1_315' title='bbox 746 2082 845 2126; x_wconf 87' lang='lat' dir='ltr'>quod</span> <span class='ocrx_word' id='word_1_316' title='bbox 870 2083 912 2116; x_wconf 89' lang='lat' dir='ltr'>ut</span> <span class='ocrx_word' id='word_1_317' title='bbox 936 2092 1066 2116; x_wconf 88' lang='lat' dir='ltr'>verum</span> <span class='ocrx_word' id='word_1_318' title='bbox 1091 2092 1169 2116; x_wconf 84' lang='lat' dir='ltr'>esse</span> <span class='ocrx_word' id='word_1_319' title='bbox 1194 2081 1373 2125; x_wconf 86' lang='lat' dir='ltr'>probetur</span> <span class='ocrx_word' id='word_1_320' title='bbox 1397 2079 1474 2114; x_wconf 85' lang='lat' dir='ltr'>sive</span> <span class='ocrx_word' id='word_1_321' title='bbox 1499 2081 1665 2125; x_wconf 90' lang='lat' dir='ltr'>probem.</span> 
     </span>
    </p>

    <p class='ocr_par' dir='ltr' id='par_1_18' title="bbox 325 2137 1180 2183">
     <span class='ocr_line' id='line_1_35' title="bbox 325 2137 1180 2183; baseline -0.004 -9"><span class='ocrx_word' id='word_1_322' title='bbox 325 2144 367 2174; x_wconf 86' lang='grc'>27</span> <span class='ocrx_word' id='word_1_323' title='bbox 393 2139 627 2174; x_wconf 77' lang='lat' dir='ltr'>communiter</span> <span class='ocrx_word' id='word_1_324' title='bbox 652 2137 802 2183; x_wconf 74' lang='lat' dir='ltr'>dicitur]</span> <span class='ocrx_word' id='word_1_325' title='bbox 829 2138 867 2171; x_wconf 88' lang='lat' dir='ltr'>in</span> <span class='ocrx_word' id='word_1_326' title='bbox 891 2138 1089 2182; x_wconf 83' lang='lat' dir='ltr'>proverbio</span> <span class='ocrx_word' id='word_1_327' title='bbox 1115 2139 1180 2172; x_wconf 89' lang='lat' dir='ltr'>est.</span> 
     </span>
    </p>

    <p class='ocr_par' dir='ltr' id='par_1_19' title="bbox 326 2191 2040 2407">
     <span class='ocr_line' id='line_1_36' title="bbox 326 2191 2040 2238; baseline -0.002 -8"><span class='ocrx_word' id='word_1_328' title='bbox 326 2199 369 2231; x_wconf 87' lang='grc'>28</span> <span class='ocrx_word' id='word_1_329' title='bbox 393 2195 544 2230; x_wconf 74' lang='lat' dir='ltr'>comedit</span> <span class='ocrx_word' id='word_1_330' title='bbox 568 2222 576 2228; x_wconf 91' lang='lat'><strong>.</strong></span> <span class='ocrx_word' id='word_1_331' title='bbox 596 2222 602 2229; x_wconf 95' lang='lat'>.</span> <span class='ocrx_word' id='word_1_332' title='bbox 622 2222 628 2228; x_wconf 92' lang='lat'>.</span> <span class='ocrx_word' id='word_1_333' title='bbox 648 2195 776 2238; x_wconf 75' lang='lat' dir='ltr'>porca]</span> <span class='ocrx_word' id='word_1_334' title='bbox 804 2193 901 2228; x_wconf 87' lang='lat' dir='ltr'>Olim</span> <span class='ocrx_word' id='word_1_335' title='bbox 928 2194 999 2228; x_wconf 87' lang='lat' dir='ltr'>hoc</span> <span class='ocrx_word' id='word_1_336' title='bbox 1023 2204 1090 2238; x_wconf 89' lang='lat' dir='ltr'>pro</span> <span class='ocrx_word' id='word_1_337' title='bbox 1114 2193 1228 2237; x_wconf 85' lang='lat' dir='ltr'>plena</span> <span class='ocrx_word' id='word_1_338' title='bbox 1256 2193 1477 2237; x_wconf 85' lang='lat' dir='ltr'>probatione</span> <span class='ocrx_word' id='word_1_339' title='bbox 1510 2193 1591 2227; x_wconf 87' lang='lat' dir='ltr'>erat</span> <span class='ocrx_word' id='word_1_340' title='bbox 1620 2191 1869 2227; x_wconf 86' lang='lat' dir='ltr'>Christianum</span> <span class='ocrx_word' id='word_1_341' title='bbox 1899 2191 2040 2227; x_wconf 85' lang='lat' dir='ltr'>factum</span> 
     </span>
     <span class='ocr_line' id='line_1_37' title="bbox 417 2248 2040 2294; baseline -0.002 -9"><span class='ocrx_word' id='word_1_342' title='bbox 417 2262 494 2285; x_wconf 86' lang='lat' dir='ltr'>esse</span> <span class='ocrx_word' id='word_1_343' title='bbox 524 2250 707 2292; x_wconf 86' lang='lat' dir='ltr'>Iudaeum,</span> <span class='ocrx_word' id='word_1_344' title='bbox 739 2251 781 2284; x_wconf 89' lang='lat' dir='ltr'>ut</span> <span class='ocrx_word' id='word_1_345' title='bbox 810 2260 879 2284; x_wconf 88' lang='lat' dir='ltr'>nec</span> <span class='ocrx_word' id='word_1_346' title='bbox 911 2249 1034 2284; x_wconf 84' lang='lat' dir='ltr'>desint</span> <span class='ocrx_word' id='word_1_347' title='bbox 1065 2249 1238 2294; x_wconf 81' lang='lat' dir='ltr'>exempla</span> <span class='ocrx_word' id='word_1_348' title='bbox 1266 2249 1475 2284; x_wconf 69' lang='lat' dir='ltr'>Iudaeorum</span> <span class='ocrx_word' id='word_1_349' title='bbox 1507 2260 1529 2283; x_wconf 87' lang='lat' dir='ltr'>a</span> <span class='ocrx_word' id='word_1_350' title='bbox 1559 2248 1730 2283; x_wconf 77' lang='lat' dir='ltr'>fanaticis</span> <span class='ocrx_word' id='word_1_351' title='bbox 1760 2248 2040 2283; x_wconf 84' lang='lat' dir='ltr'>conversoribus</span> 
     </span>
     <span class='ocr_line' id='line_1_38' title="bbox 416 2303 2039 2352; baseline -0.003 -10"><span class='ocrx_word' id='word_1_352' title='bbox 416 2317 565 2342; x_wconf 86' lang='lat' dir='ltr'>carnem</span> <span class='ocrx_word' id='word_1_353' title='bbox 594 2307 786 2352; x_wconf 82' lang='lat' dir='ltr'>porcinam</span> <span class='ocrx_word' id='word_1_354' title='bbox 816 2305 1041 2340; x_wconf 90' lang='lat' dir='ltr'>manducare</span> <span class='ocrx_word' id='word_1_355' title='bbox 1073 2305 1347 2350; x_wconf 86' lang='lat' dir='ltr'>compulsorum</span> <span class='ocrx_word' id='word_1_356' title='bbox 1372 2326 1414 2330; x_wconf 97' lang='lat'><strong>—</strong></span> <span class='ocrx_word' id='word_1_357' title='bbox 1444 2306 1488 2339; x_wconf 88' lang='lat' dir='ltr'>ut</span> <span class='ocrx_word' id='word_1_358' title='bbox 1517 2304 1813 2348; x_wconf 87' lang='lat' dir='ltr'>compellebatur</span> <span class='ocrx_word' id='word_1_359' title='bbox 1842 2303 2039 2338; x_wconf 84' lang='lat' dir='ltr'>Eleazarus</span> 
     </span>
     <span class='ocr_line' id='line_1_39' title="bbox 417 2362 880 2407; baseline 0 -10"><span class='ocrx_word' id='word_1_360' title='bbox 417 2374 474 2407; x_wconf 87' lang='lat' dir='ltr'>ap.</span> <span class='ocrx_word' id='word_1_361' title='bbox 492 2363 537 2397; x_wconf 92' lang='grc' dir='ltr'>Π.</span> <span class='ocrx_word' id='word_1_362' title='bbox 554 2362 744 2397; x_wconf 86' lang='lat' dir='ltr'>Macchab.</span> <span class='ocrx_word' id='word_1_363' title='bbox 762 2375 808 2396; x_wconf 90' lang='lat' dir='ltr'>v1.</span> <span class='ocrx_word' id='word_1_364' title='bbox 829 2366 880 2397; x_wconf 84' lang='lat'>18.</span> 
     </span>
    </p>

    <p class='ocr_par' dir='ltr' id='par_1_20' title="bbox 327 2415 2040 2519">
     <span class='ocr_line' id='line_1_40' title="bbox 327 2415 2040 2464; baseline -0.003 -10"><span class='ocrx_word' id='word_1_365' title='bbox 327 2424 370 2456; x_wconf 87' lang='lat'>30</span> <span class='ocrx_word' id='word_1_366' title='bbox 393 2418 639 2464; x_wconf 62' lang='grc' dir='ltr'>ἷιιϊείηιίηαὲ]</span> <span class='ocrx_word' id='word_1_367' title='bbox 665 2417 833 2452; x_wconf 83' lang='lat' dir='ltr'>Fortasse</span> <span class='ocrx_word' id='word_1_368' title='bbox 858 2418 935 2452; x_wconf 81' lang='lat' dir='ltr'>haec</span> <span class='ocrx_word' id='word_1_369' title='bbox 961 2418 1114 2461; x_wconf 86' lang='lat' dir='ltr'>quaestio</span> <span class='ocrx_word' id='word_1_370' title='bbox 1139 2417 1238 2459; x_wconf 81' lang='lat' dir='ltr'>vult,</span> <span class='ocrx_word' id='word_1_371' title='bbox 1265 2429 1354 2451; x_wconf 88' lang='lat' dir='ltr'>num</span> <span class='ocrx_word' id='word_1_372' title='bbox 1371 2416 1602 2451; x_wconf 87' lang='lat' dir='ltr'>Pfefferkorn</span> <span class='ocrx_word' id='word_1_373' title='bbox 1628 2416 1748 2450; x_wconf 89' lang='lat' dir='ltr'>adhuc</span> <span class='ocrx_word' id='word_1_374' title='bbox 1764 2415 1884 2450; x_wconf 86' lang='lat' dir='ltr'>lanius</span> <span class='ocrx_word' id='word_1_375' title='bbox 1901 2415 1957 2449; x_wconf 88' lang='lat' dir='ltr'>sit.</span> <span class='ocrx_word' id='word_1_376' title='bbox 1996 2415 2040 2450; x_wconf 88' lang='lat' dir='ltr'>cf.</span> 
     </span>
     <span class='ocr_line' id='line_1_41' title="bbox 416 2473 1218 2519; baseline -0.002 -10"><span class='ocrx_word' id='word_1_377' title='bbox 416 2475 564 2509; x_wconf 89' lang='lat' dir='ltr'>Defens.</span> <span class='ocrx_word' id='word_1_378' title='bbox 581 2474 671 2519; x_wconf 89' lang='lat' dir='ltr'>Pep.</span> <span class='ocrx_word' id='word_1_379' title='bbox 688 2486 724 2519; x_wconf 89' lang='lat' dir='ltr'>p.</span> <span class='ocrx_word' id='word_1_380' title='bbox 743 2475 854 2509; x_wconf 68' lang='lat'>17014.</span> <span class='ocrx_word' id='word_1_381' title='bbox 873 2475 911 2508; x_wconf 91' lang='lat' dir='ltr'>et</span> <span class='ocrx_word' id='word_1_382' title='bbox 933 2473 1030 2507; x_wconf 86' lang='lat' dir='ltr'>infra</span> <span class='ocrx_word' id='word_1_383' title='bbox 1053 2486 1088 2518; x_wconf 91' lang='lat' dir='ltr'>p.</span> <span class='ocrx_word' id='word_1_384' title='bbox 1106 2475 1218 2508; x_wconf 73' lang='lat'><strong>226¹0.</strong></span> 
     </span>
    </p>

    <p class='ocr_par' dir='ltr' id='par_1_21' title="bbox 328 2530 852 2576">
     <span class='ocr_line' id='line_1_42' title="bbox 328 2530 852 2576; baseline -0.006 -9"><span class='ocrx_word' id='word_1_385' title='bbox 328 2536 368 2567; x_wconf 82' lang='lat'>31</span> <span class='ocrx_word' id='word_1_386' title='bbox 389 2532 586 2576; x_wconf 63' lang='lat' dir='ltr'>praesupp]</span> <span class='ocrx_word' id='word_1_387' title='bbox 613 2530 657 2565; x_wconf 87' lang='lat' dir='ltr'>cf.</span> <span class='ocrx_word' id='word_1_388' title='bbox 676 2531 723 2565; x_wconf 87' lang='lat' dir='ltr'>ad</span> <span class='ocrx_word' id='word_1_389' title='bbox 742 2532 852 2566; x_wconf 71' lang='lat'>18917.</span> 
     </span>
    </p>

    <p class='ocr_par' dir='ltr' id='par_1_22' title="bbox 328 2584 2040 2744">
     <span class='ocr_line' id='line_1_43' title="bbox 328 2584 2040 2631; baseline -0.002 -9"><span class='ocrx_word' id='word_1_390' title='bbox 328 2593 370 2623; x_wconf 85' lang='lat'>33</span> <span class='ocrx_word' id='word_1_391' title='bbox 395 2589 427 2623; x_wconf 74' lang='lat' dir='ltr'>si</span> <span class='ocrx_word' id='word_1_392' title='bbox 452 2616 459 2622; x_wconf 97' lang='lat'>.</span> <span class='ocrx_word' id='word_1_393' title='bbox 479 2615 485 2621; x_wconf 94' lang='lat'><strong>.</strong></span> <span class='ocrx_word' id='word_1_394' title='bbox 505 2615 511 2621; x_wconf 93' lang='lat'>.</span> <span class='ocrx_word' id='word_1_395' title='bbox 537 2588 661 2631; x_wconf 79' lang='lat' dir='ltr'>aures]</span> <span class='ocrx_word' id='word_1_396' title='bbox 689 2586 839 2622; x_wconf 82' lang='lat' dir='ltr'>Scilicet</span> <span class='ocrx_word' id='word_1_397' title='bbox 861 2586 966 2621; x_wconf 85' lang='lat' dir='ltr'>Halis</span> <span class='ocrx_word' id='word_1_398' title='bbox 997 2587 1187 2621; x_wconf 87' lang='lat' dir='ltr'>combusto</span> <span class='ocrx_word' id='word_1_399' title='bbox 1213 2586 1343 2621; x_wconf 87' lang='lat' dir='ltr'>Ioanni</span> <span class='ocrx_word' id='word_1_400' title='bbox 1367 2584 1598 2620; x_wconf 86' lang='lat' dir='ltr'>Pfefferkorn</span> <span class='ocrx_word' id='word_1_401' title='bbox 1627 2585 1667 2619; x_wconf 89' lang='lat' dir='ltr'>in</span> <span class='ocrx_word' id='word_1_402' title='bbox 1691 2584 1885 2630; x_wconf 85' lang='lat' dir='ltr'>sacrilegio</span> <span class='ocrx_word' id='word_1_403' title='bbox 1910 2584 2040 2629; x_wconf 86' lang='lat' dir='ltr'>depre-</span> 
     </span>
     <span class='ocr_line' id='line_1_44' title="bbox 417 2640 2040 2687; baseline -0.002 -9"><span class='ocrx_word' id='word_1_404' title='bbox 417 2644 530 2678; x_wconf 87' lang='lat' dir='ltr'>henso</span> <span class='ocrx_word' id='word_1_405' title='bbox 562 2643 701 2678; x_wconf 76' lang='lat' dir='ltr'>dext-rae</span> <span class='ocrx_word' id='word_1_406' title='bbox 733 2643 906 2678; x_wconf 69' lang='lat' dir='ltr'>auriculae</span> <span class='ocrx_word' id='word_1_407' title='bbox 941 2643 1017 2677; x_wconf 86' lang='lat' dir='ltr'>ima</span> <span class='ocrx_word' id='word_1_408' title='bbox 1051 2654 1136 2687; x_wconf 87' lang='lat' dir='ltr'>pars</span> <span class='ocrx_word' id='word_1_409' title='bbox 1172 2643 1314 2677; x_wconf 86' lang='lat' dir='ltr'>abscisa</span> <span class='ocrx_word' id='word_1_410' title='bbox 1348 2641 1480 2676; x_wconf 86' lang='lat' dir='ltr'>fuerat.</span> <span class='ocrx_word' id='word_1_411' title='bbox 1521 2641 1565 2676; x_wconf 87' lang='lat' dir='ltr'>cf.</span> <span class='ocrx_word' id='word_1_412' title='bbox 1588 2640 1667 2675; x_wconf 86' lang='lat' dir='ltr'>Ind.</span> <span class='ocrx_word' id='word_1_413' title='bbox 1686 2652 1769 2675; x_wconf 84' lang='lat' dir='ltr'>sorr.</span> <span class='ocrx_word' id='word_1_414' title='bbox 1792 2652 1828 2675; x_wconf 89' lang='lat' dir='ltr'>n.</span> <span class='ocrx_word' id='word_1_415' title='bbox 1844 2653 1960 2676; x_wconf 80' lang='lat' dir='ltr'>xv1111.</span> <span class='ocrx_word' id='word_1_416' title='bbox 1976 2640 1999 2675; x_wconf 90' lang='lat' dir='ltr'>i.</span> <span class='ocrx_word' id='word_1_417' title='bbox 2016 2640 2040 2674; x_wconf 86' lang='lat' dir='ltr'>f.</span> 
     </span>
     <span class='ocr_line' id='line_1_45' title="bbox 418 2699 972 2744; baseline -0.002 -10"><span class='ocrx_word' id='word_1_418' title='bbox 418 2700 522 2734; x_wconf 87' lang='lat' dir='ltr'>Hutt.</span> <span class='ocrx_word' id='word_1_419' title='bbox 540 2699 635 2744; x_wconf 89' lang='lat' dir='ltr'>Opp.</span> <span class='ocrx_word' id='word_1_420' title='bbox 653 2699 717 2734; x_wconf 88' lang='lat' dir='ltr'><strong>III.</strong></span> <span class='ocrx_word' id='word_1_421' title='bbox 734 2711 769 2744; x_wconf 89' lang='lat' dir='ltr'>p.</span> <span class='ocrx_word' id='word_1_422' title='bbox 787 2703 862 2734; x_wconf 86' lang='lat'>351.</span> <span class='ocrx_word' id='word_1_423' title='bbox 881 2702 900 2741; x_wconf 66' lang='grc' dir='ltr'>ξ</span> <span class='ocrx_word' id='word_1_424' title='bbox 920 2703 972 2733; x_wconf 90' lang='grc'>12.</span> 
     </span>
    </p>

    <p class='ocr_par' dir='ltr' id='par_1_23' title="bbox 330 2752 2018 2801">
     <span class='ocr_line' id='line_1_46' title="bbox 330 2752 2018 2801; baseline -0.002 -10"><span class='ocrx_word' id='word_1_425' title='bbox 330 2760 372 2791; x_wconf 83' lang='lat'>35</span> <span class='ocrx_word' id='word_1_426' title='bbox 392 2757 434 2790; x_wconf 73' lang='lat' dir='ltr'>in</span> <span class='ocrx_word' id='word_1_427' title='bbox 458 2757 641 2801; x_wconf 64' lang='lat' dir='ltr'>ceterorum]</span> <span class='ocrx_word' id='word_1_428' title='bbox 667 2756 935 2800; x_wconf 77' lang='lat' dir='ltr'>Hyperbolice,</span> <span class='ocrx_word' id='word_1_429' title='bbox 961 2757 1003 2790; x_wconf 92' lang='lat' dir='ltr'>ut</span> <span class='ocrx_word' id='word_1_430' title='bbox 1026 2756 1064 2789; x_wconf 88' lang='lat' dir='ltr'>in</span> <span class='ocrx_word' id='word_1_431' title='bbox 1089 2754 1312 2790; x_wconf 88' lang='lat' dir='ltr'>Defensione</span> <span class='ocrx_word' id='word_1_432' title='bbox 1336 2754 1576 2799; x_wconf 83' lang='lat' dir='ltr'>Peperioorni</span> <span class='ocrx_word' id='word_1_433' title='bbox 1600 2754 1729 2789; x_wconf 87' lang='lat' dir='ltr'>solitus</span> <span class='ocrx_word' id='word_1_434' title='bbox 1753 2755 1810 2788; x_wconf 86' lang='lat' dir='ltr'>est</span> <span class='ocrx_word' id='word_1_435' title='bbox 1833 2752 2018 2788; x_wconf 81' lang='lat' dir='ltr'>Ortvinus.</span> 
     </span>
    </p>

    <p class='ocr_par' dir='ltr' id='par_1_24' title="bbox 330 2812 1110 2857">
     <span class='ocr_line' id='line_1_47' title="bbox 330 2812 1110 2857; baseline 0 -11"><span class='ocrx_word' id='word_1_436' title='bbox 330 2815 372 2846; x_wconf 85' lang='grc'>36</span> <span class='ocrx_word' id='word_1_437' title='bbox 397 2813 642 2857; x_wconf 70' lang='lat' dir='ltr'>conmuniter]</span> <span class='ocrx_word' id='word_1_438' title='bbox 667 2812 786 2846; x_wconf 86' lang='lat' dir='ltr'>maior</span> <span class='ocrx_word' id='word_1_439' title='bbox 809 2823 904 2857; x_wconf 83' lang='lat' dir='ltr'>pars,</span> <span class='ocrx_word' id='word_1_440' title='bbox 930 2812 1110 2857; x_wconf 87' lang='lat' dir='ltr'>plerique.</span> 
     </span>
    </p>

    <p class='ocr_par' dir='ltr' id='par_1_25' title="bbox 330 2865 2040 2912">
     <span class='ocr_line' id='line_1_48' title="bbox 330 2865 2040 2912; baseline -0.002 -11"><span class='ocrx_word' id='word_1_441' title='bbox 330 2871 371 2902; x_wconf 78' lang='lat'>37</span> <span class='ocrx_word' id='word_1_442' title='bbox 398 2868 621 2912; x_wconf 73' lang='lat' dir='ltr'>criminavit]</span> <span class='ocrx_word' id='word_1_443' title='bbox 640 2868 782 2911; x_wconf 85' lang='lat' dir='ltr'>Active,</span> <span class='ocrx_word' id='word_1_444' title='bbox 801 2870 842 2902; x_wconf 90' lang='lat' dir='ltr'>ut</span> <span class='ocrx_word' id='word_1_445' title='bbox 859 2879 952 2910; x_wconf 88' lang='lat' dir='ltr'>raro,</span> <span class='ocrx_word' id='word_1_446' title='bbox 971 2868 1036 2903; x_wconf 91' lang='lat' dir='ltr'>sed</span> <span class='ocrx_word' id='word_1_447' title='bbox 1054 2879 1111 2912; x_wconf 88' lang='lat' dir='ltr'>ap.</span> <span class='ocrx_word' id='word_1_448' title='bbox 1125 2867 1312 2909; x_wconf 86' lang='lat' dir='ltr'>Plautum,</span> <span class='ocrx_word' id='word_1_449' title='bbox 1329 2878 1440 2911; x_wconf 89' lang='lat' dir='ltr'>quem</span> <span class='ocrx_word' id='word_1_450' title='bbox 1453 2866 1641 2901; x_wconf 85' lang='lat' dir='ltr'>Huttenus</span> <span class='ocrx_word' id='word_1_451' title='bbox 1657 2865 1844 2911; x_wconf 85' lang='lat' dir='ltr'>praecipue</span> <span class='ocrx_word' id='word_1_452' title='bbox 1860 2865 2040 2900; x_wconf 82' lang='lat' dir='ltr'>imitatur.</span> 
     </span>
    </p>

    <p class='ocr_par' dir='ltr' id='par_1_26' title="bbox 330 2925 1386 2966">
     <span class='ocr_line' id='line_1_49' title="bbox 330 2925 1386 2966; baseline -0.008 -10"><span class='ocrx_word' id='word_1_453' title='bbox 330 2925 417 2966; x_wconf 84' lang='lat' dir='ltr'>Pag.</span> <span class='ocrx_word' id='word_1_454' title='bbox 434 2925 522 2961; x_wconf 83' lang='lat'>191.</span> <span class='ocrx_word' id='word_1_455' title='bbox 984 2945 1386 2948; x_wconf 63' lang='lat'>———-</span> 
     </span>
    </p>

    <p class='ocr_par' dir='ltr' id='par_1_27' title="bbox 333 2977 2039 3079">
     <span class='ocr_line' id='line_1_50' title="bbox 333 2977 2039 3026; baseline -0.001 -14"><span class='ocrx_word' id='word_1_456' title='bbox 333 2983 350 3013; x_wconf 94' lang='lat'>1</span> <span class='ocrx_word' id='word_1_457' title='bbox 376 2979 491 3013; x_wconf 68' lang='lat' dir='ltr'>nullis</span> <span class='ocrx_word' id='word_1_458' title='bbox 517 3007 523 3012; x_wconf 93' lang='lat'>.</span> <span class='ocrx_word' id='word_1_459' title='bbox 543 3007 549 3013; x_wconf 91' lang='lat'><strong>.</strong></span> <span class='ocrx_word' id='word_1_460' title='bbox 568 3006 575 3014; x_wconf 91' lang='lat'>.</span> <span class='ocrx_word' id='word_1_461' title='bbox 602 2980 796 3026; x_wconf 66' lang='lat' dir='ltr'>demeritis]</span> <span class='ocrx_word' id='word_1_462' title='bbox 823 2980 877 3014; x_wconf 77' lang='lat' dir='ltr'>Ex</span> <span class='ocrx_word' id='word_1_463' title='bbox 893 2979 1041 3014; x_wconf 86' lang='lat' dir='ltr'>Defens.</span> <span class='ocrx_word' id='word_1_464' title='bbox 1059 2980 1226 3024; x_wconf 91' lang='lat' dir='ltr'>Peperic.</span> <span class='ocrx_word' id='word_1_465' title='bbox 1244 2991 1278 3023; x_wconf 92' lang='lat' dir='ltr'>p.</span> <span class='ocrx_word' id='word_1_466' title='bbox 1297 2981 1441 3014; x_wconf 71' lang='lat'>842·⁵11‘1·</span> <span class='ocrx_word' id='word_1_467' title='bbox 1468 2978 1603 3021; x_wconf 86' lang='lat' dir='ltr'>„nullis</span> <span class='ocrx_word' id='word_1_468' title='bbox 1626 2979 1718 3013; x_wconf 88' lang='lat' dir='ltr'>meis</span> <span class='ocrx_word' id='word_1_469' title='bbox 1736 2977 1926 3012; x_wconf 84' lang='lat' dir='ltr'>demeritis</span> <span class='ocrx_word' id='word_1_470' title='bbox 1951 2986 2039 3020; x_wconf 89' lang='lat' dir='ltr'>quo-</span> 
     </span>
     <span class='ocr_line' id='line_1_51' title="bbox 422 3032 2036 3079; baseline -0.001 -11"><span class='ocrx_word' id='word_1_471' title='bbox 422 3034 475 3069; x_wconf 69' lang='lat' dir='ltr'>vis</span> <span class='ocrx_word' id='word_1_472' title='bbox 500 3036 608 3069; x_wconf 85' lang='lat' dir='ltr'>modo</span> <span class='ocrx_word' id='word_1_473' title='bbox 634 3036 964 3079; x_wconf 45' lang='lat' dir='ltr'>premedontibusffl</span> <span class='ocrx_word' id='word_1_474' title='bbox 991 3048 1025 3079; x_wconf 86' lang='lat' dir='ltr'>p.</span> <span class='ocrx_word' id='word_1_475' title='bbox 1047 3038 1155 3070; x_wconf 66' lang='lat'>1302‘.</span> <span class='ocrx_word' id='word_1_476' title='bbox 1175 3035 1316 3077; x_wconf 76' lang='lat' dir='ltr'>„nullis</span> <span class='ocrx_word' id='word_1_477' title='bbox 1342 3035 1454 3069; x_wconf 82' lang='lat' dir='ltr'>etiam</span> <span class='ocrx_word' id='word_1_478' title='bbox 1479 3034 1775 3078; x_wconf 73' lang='lat' dir='ltr'>praecedentibus</span> <span class='ocrx_word' id='word_1_479' title='bbox 1799 3032 2036 3075; x_wconf 86' lang='lat' dir='ltr'>demeritis“;</span> 
     </span>
    </p>
   </div>
  </div>
 </body>
</html>
