2119 3522
772 229 899 252 CASPAR
925 245 932 252 .
948 245 955 252 .
971 245 977 252 .
1004 231 1131 253 CELTIS.
1716 214 1807 259 341

94 351 186 383 tuus
218 351 290 383 est.
351 346 483 383 Vitam
515 347 591 383 viri
623 347 802 384 exactius
833 347 991 397 scripsit
1020 346 1185 384 Maurus
1209 345 1402 393 Sartius³,
1435 360 1555 398 quem
1586 348 1670 386 fere
1701 361 1812 386 secu-

94 407 157 438 tus
189 407 249 438 est
271 401 460 439 Savinius
475 399 496 439 ¹.
558 401 684 439 Casus
715 403 828 453 longi
853 403 998 453 saepius
1021 416 1141 453 quam
1162 404 1271 453 apud
1294 403 1528 441 Savinium⁵
1557 410 1596 442 et
1619 404 1811 442 Stintzin-

94 455 242 508 giunff,
289 458 527 508 quibuscum
566 458 839 496 conferendus
880 464 939 496 est
968 458 1186 505 Hainius⁷‚
1234 460 1405 497 relatum
1444 466 1522 507 est,
1570 460 1669 498 editi
1704 466 1810 501 sunt.

94 514 320 564 exemplum
350 514 406 551 ibi
437 527 520 551 non
552 514 791 560 indicatum,
831 527 909 565 quo
942 515 1027 565 ipse
1058 520 1167 562 utor,
1200 514 1330 553 infra⁹
1361 515 1553 553 indicavi.

183 591 216 629 3)
236 591 290 622 De
310 590 417 622 claris
436 590 717 633 archigymnasii
736 591 975 623 Bononiensis
994 591 1230 632 professorib.
1248 594 1332 624 tom.
1347 593 1374 623 I.
1394 595 1486 633 part.
1502 594 1530 627 1.
1556 594 1695 625 Bonon.
1713 594 1809 625 1769.

183 646 244 677 fol.
264 657 372 688 pagg.
388 647 579 678 188...192.
672 646 705 685 4)
722 647 782 678 cit.
801 647 917 680 Geseh.
934 648 967 679 d.
982 647 1019 679 R.
1038 647 1076 677 R.
1093 647 1131 677 V.
1146 657 1178 687 p.
1194 648 1256 678 331
1311 649 1388 679 337.
1487 648 1521 687 5)
1541 648 1563 679 l.
1582 658 1610 682 c.
1627 651 1745 690 p.349.
1758 659 1808 690 sq.

182 703 216 741 6)
237 702 297 733 lib.
314 705 387 736 not.
403 703 433 736 2.
455 702 514 732 eit.
534 713 566 743 p.
580 703 633 736 62,
728 701 760 742 7)
781 702 968 743 Repertor.
987 706 1037 732 11⁰.
1051 703 1290 733 4663...4666.
1382 704 1416 742 8)
1436 703 1546 735 Casus
1566 704 1666 745 longi
1683 704 1788 746 super
1805 704 1808 747 ί

182 757 354 789 institutis
376 757 380 798 Ι
404 754 624 800 (I[0hannis]
645 753 789 799 P[arvi]
808 758 899 798 sign.
919 760 1060 797 typogr.
1079 767 1157 787 cum
1175 758 1281 789 inscr.
1299 767 1408 790 leflAN
1429 759 1564 797 ΡΕΤΙΤ.)
1590 760 1632 790 In
1650 759 1718 792 fine
1739 764 1809 792 est:

181 809 214 846 (I
232 812 342 844 Casus
369 812 467 854 longi
500 812 560 853 sup
589 812 764 844 institutis
786 812 891 854 pariss
914 811 1082 853 inilpzessi
1102 811 1251 853 Impesis
1272 814 1446 845 Iohannis
1470 815 1575 855 parui
1599 815 1808 857 bibliopole

181 867 338 910 parisien
373 868 499 900 Finem
530 866 676 910 ceperslt
698 877 795 912 ggvn
825 866 1004 908 oct01b2is.
1030 868 1123 898 Anni
1154 868 1289 899 domini
1319 869 1807 912 millesimiquingenteffsimi-

181 923 321 956 secundi
339 924 416 955 Deo
434 923 504 955 sint
522 924 654 966 gratie.
695 924 774 963 (104
794 922 884 955 folia
900 922 947 954 4⁰.
967 923 1060 965 sign.
1079 923 1212 964 u...m.)

91 1010 389 1042 CATHOLICON
418 1006 489 1041 vid.
515 1004 664 1050 Ianua,
697 1003 875 1041 Ioannes
908 1003 958 1041 de

90 1102 269 1140 CELTIS,
306 1100 352 1132 ut
380 1095 467 1144 ipse
497 1093 717 1139 scribebat,
760 1092 892 1131 Geltes
923 1093 1147 1131 secundum
1178 1094 1297 1140 alios,
1340 1093 1572 1141 Conradus,
1616 1095 1665 1133 de
1697 1097 1808 1134 cuius

89 1152 347 1200 cognomine,
381 1150 487 1201 quod
521 1150 599 1187 suit
628 1148 875 1196 Protucius¹‚
917 1151 1069 1200 pariter
1107 1164 1152 1188 ac
1189 1150 1238 1187 de
1272 1150 1513 1188 Germanico
1546 1152 1707 1189 familiae
1738 1166 1807 1190 no-

88 1208 216 1253 mine,
249 1206 359 1257 quod
391 1206 460 1244 alii
491 1204 636 1251 Meis-Vel
667 1207 752 1243 sive
782 1208 932 1250 Pieria,
967 1206 1034 1243 alii
1066 1207 1232 1254 Schefer
1263 1206 1348 1243 sive
1371 1207 1551 1254 Scheffer
1581 1208 1705 1246 fuisse
1738 1222 1807 1259 pu-

87 1260 208 1308 tant²,
239 1263 372 1301 adhuc
395 1262 605 1312 disputant
625 1263 861 1312 scriptoreS,
891 1262 1090 1312 Wipfeldi
1111 1276 1237 1313 prope
1260 1262 1551 1300 Suenofurtum
1574 1263 1612 1301 d.
1635 1266 1668 1302 1.
1686 1264 1807 1303 Febr.

86 1333 121 1357 a.
145 1320 263 1357 1459.
282 1326 400 1356 natus
410 1317 433 1364 ³,
467 1318 509 1355 in
530 1318 727 1368 Epistolis
751 1317 799 1355 O.
818 1318 867 1356 V.
885 1324 1043 1355 tantum
1064 1324 1108 1355 ut
1131 1318 1298 1368 Georgii
1321 1318 1452 1356 Sibuti
1474 1320 1808 1359 Vindobonensis

85 1381 309 1426 praeceptor
338 1381 582 1412 memoratur
605 1373 664 1423 (p.
681 1373 815 1423 267⁷):
859 1388 952 1412 nam
983 1382 1104 1424 poeta
1135 1375 1242 1412 inter
1272 1375 1446 1424 aequales
1477 1375 1599 1425 longe
1631 1377 1806 1415 celebra-

84 1432 278 1476 tissimus,
319 1431 405 1482 ipse
445 1431 541 1468 artis
579 1430 837 1468 versificandi
869 1431 1170 1480 carminumque
1210 1437 1368 1476 auctor,
1410 1437 1531 1481 atque
1570 1433 1676 1470 inter
1708 1432 1806 1472 Ger-

84 1501 224 1525 manos
262 1488 413 1538 primus
454 1487 503 1525 ab
542 1488 629 1538 ipso
669 1486 826 1524 Caesare
858 1486 1066 1524 Friderico
1096 1486 1175 1523 ΙΙΙ.
1207 1492 1348 1536 rogatu
1382 1487 1579 1525 Friderici
1619 1488 1807 1527 Saxoniae

86 1545 198 1582 ducis
228 1544 367 1582 laurea
398 1550 613 1582 coronatus
634 1543 911 1593 Norimbergae
943 1543 979 1580 d.
1002 1545 1065 1581 18.
1087 1543 1186 1593 Apr.
1210 1556 1244 1581 a.
1266 1540 1414 1588 1487.⁴‚
1448 1543 1707 1582 Vindobonae
1740 1546 1804 1583 de-

85 1606 260 1638 cesserat
292 1600 329 1638 d.
349 1600 387 1636 4.
406 1599 543 1637 Febr.5
559 1614 594 1637 a.
617 1600 749 1645 1508„
784 1612 862 1649 quo
893 1604 1075 1649 tempore
1108 1612 1240 1649 neque
1271 1599 1492 1636 Reuchlini
1522 1614 1642 1638 causa
1673 1615 1806 1652 neque

83 1663 168 1694 tota
198 1657 283 1694 haec
305 1655 578 1694 Obscurorum
609 1656 749 1694 fabula
779 1657 863 1693 sive
894 1655 1062 1693 historia
1091 1656 1225 1705 potius
1255 1656 1321 1705 agi
1343 1662 1533 1705 coeperat.
1593 1657 1657 1695 De
1681 1657 1806 1696 Celtis

83 1714 167 1751 vita
197 1713 311 1750 multi
341 1710 623 1763 scripsemnt⁶‚
656 1713 763 1750 inter
793 1725 893 1762 quos
925 1712 1075 1750 eminet
1096 1712 1349 1762 Kliipfelius.
1397 1714 1535 1762 paucis
1564 1726 1638 1751 nos
1662 1714 1805 1752 defun-

174 1823 206 1864 1)
232 1824 273 1855 In
298 1823 365 1855 hoc
391 1823 551 1862 nomine,
578 1827 618 1854 ut
644 1823 738 1854 alias
755 1832 872 1863 nugas
891 1822 1072 1863 omittam,
1099 1822 1185 1854 mihi
1207 1833 1350 1864 quoque
1369 1822 1535 1854 Graecum
1555 1820 1666 1862 τύπος
1686 1823 1728 1865 (S.
1745 1822 1805 1858 τύ-

173 1880 250 1922 χος)
270 1880 385 1911 latere
410 1879 572 1919 videtur,
599 1879 675 1911 sive
696 1878 810 1910 Celtis
835 1888 914 1910 sese
932 1878 1210 1910 instrumentum
1230 1889 1297 1920 quo
1314 1879 1598 1920 προτυκίζεται,
1627 1891 1696 1921 quo
1714 1892 1805 1913 mar-

172 1946 246 1967 mor
277 1936 471 1977 sculpitur,
512 1940 550 1966 ut
581 1938 703 1966 statua
735 1934 818 1966 inde
849 1934 1074 1976 perficiatur,
1115 1935 1190 1966 sive
1219 1933 1366 1976 πρῶτον
1397 1929 1530 1977 τύπον,
1565 1937 1804 1978 principalem

173 1992 320 2030 celtem,
347 2001 426 2023 esse
452 1990 659 2033 significare
685 1990 853 2022 voluerit.
895 1990 957 2022 sed
982 1990 1071 2021 illud
1097 1990 1175 2022 veri
1199 1991 1352 2023 similius
1379 2001 1483 2032 quam
1510 1991 1577 2023 hoc
1604 1993 1697 2033 quod
1723 1995 1805 2026 Pro-

172 2049 328 2080 totucius
359 2048 588 2079 scribendum
615 2047 756 2078 fuisset.
808 2046 915 2078 Certe
941 2046 1081 2078 somnia
1105 2050 1189 2078 sunt
1215 2057 1294 2087 quae
1321 2047 1365 2078 de
1391 2047 1471 2078 vico
1498 2048 1617 2079 natali
1642 2049 1802 2088 Prolzeelz,

173 2104 234 2145 qui
265 2114 442 2145 nusquam
475 2106 612 2142 exstat,
646 2113 717 2134 non
747 2102 839 2134 nulli
868 2103 1102 2144 scripserunt.
1154 2103 1248 2143 Quid
1274 2104 1305 2134 si
1336 2104 1532 2135 scivissent
1556 2104 1702 2136 Petrum
1729 2107 1803 2138 Mo-

173 2159 347 2192 sellanum
374 2171 394 2192 a
417 2160 498 2191 vico
523 2159 640 2190 natali
662 2158 801 2200 Bruttiq
824 2160 1079 2200 Protegensem
1104 2159 1397 2200 cognominatum
1424 2159 1559 2191 fuisse?
1657 2162 1690 2200 2)
1716 2162 1803 2194 Mei-

168 2217 229 2257 ssel
253 2217 330 2247 sive
351 2215 467 2247 Pir-leel
481 2215 537 2247 vel
556 2215 680 2246 Biclcel
703 2214 793 2246 nihil
818 2215 889 2246 nisi
914 2214 1032 2246 versio
1058 2214 1230 2246 vocabuli
1247 2214 1386 2247 ‘celtis'
1407 2220 1479 2256 est,
1509 2219 1545 2246 et
1567 2215 1636 2247 hoc
1661 2216 1803 2258 quidem

170 2283 318 2312 nomen,
345 2272 480 2310 Pie-leel,
505 2272 720 2314 praeferunt,
748 2271 842 2313 quod
867 2270 903 2302 id
920 2270 1228 2302 Franconiearum
1254 2271 1477 2302 familiarum
1500 2282 1572 2304 non
1592 2272 1803 2314 infrequens

172 2332 238 2362 est,
295 2328 364 2368 Qui
396 2327 554 2368 Schefer,
589 2327 759 2369 Scheffer,
794 2327 942 2367 Schdfer·
968 2325 1101 2358 Celtim
1131 2330 1294 2359 nostrum
1327 2327 1441 2360 fuisse
1475 2327 1657 2368 scribunt,
1698 2339 1803 2370 argu-

171 2387 292 2416 mento
324 2386 489 2423 utuntur,
524 2384 617 2425 quod
649 2383 782 2423 Celtis,
817 2394 920 2425 quem
953 2382 1139 2414 Erfurtum
1170 2383 1314 2415 venisse
1343 2386 1506 2424 constat,
1537 2383 1576 2415 in
1608 2385 1803 2416 matricula

170 2441 274 2481 huius
299 2440 549 2472 universitatis
576 2450 645 2472 non
674 2440 825 2482 legitur,
858 2439 992 2481 legitur
1023 2442 1143 2471 autem
1177 2439 1384 2471 ‘Conradus
1410 2439 1563 2472 Schefer
1587 2439 1630 2472 de
1657 2440 1802 2482 Sweyn-

171 2496 274 2530 fort'.
323 2496 378 2528 Cf.
400 2497 539 2528 Erhard
562 2496 607 2530 II.
628 2508 660 2538 p,
677 2498 710 2528 4.
730 2506 781 2537 sq.
801 2498 854 2528 20.
970 2496 1005 2536 3)
1032 2496 1115 2537 Ipse
1142 2495 1285 2536 „Celtis
1313 2495 1356 2527 ad
1384 2495 1495 2527 Moeni
1520 2499 1714 2538 generatus
1740 2506 1802 2528 un-

171 2553 266 2584 das“
294 2552 480 2593 „Februis
505 2555 612 2584 natus
640 2552 723 2594 quid
750 2562 856 2594 agam
883 2551 1058 2583 calendis.
1080 2577 1087 2583 .
1108 2551 1148 2583 .“
1241 2552 1275 2592 4)
1304 2552 1507 2584 Secundum
1533 2552 1623 2584 alios
1650 2563 1682 2584 a.
1705 2554 1801 2585 1491.

170 2610 217 2644 cf,
236 2608 444 2650 Kliipfel,1.
462 2619 496 2650 p.
513 2609 566 2644 78,
581 2619 656 2651 sqq.
698 2608 840 2640 Erhard
858 2608 904 2640 11.
924 2619 956 2650 p.
972 2609 1025 2640 23.
1041 2617 1119 2649 sqq.
1219 2609 1255 2647 5)
1280 2608 1515 2650 Epitaphium
1539 2609 1669 2640 habet:
1696 2607 1724 2641 Θ
1742 2619 1802 2641 AN.

170 2676 244 2696 xm.
264 2675 428 2697 M.D.V111.
448 2674 489 2697 11.
512 2675 567 2699 no.
581 2674 714 2699 FEBRV,
728 2674 804 2695 vm.
822 2674 1050 2697 AN.XLV1111.
1066 2674 1116 2697 m.
1132 2674 1192 2697 111.
1226 2664 1281 2696 Of.
1297 2664 1468 2709 Scheylgii
1490 2664 1544 2696 ed.
1561 2664 1697 2697 tabulae
1711 2665 1802 2698 Peu-

168 2722 259 2762 ting.
293 2720 447 2753 Vindob.
468 2722 566 2754 1753.
592 2720 654 2753 fol.
679 2731 711 2762 p.
731 2722 784 2754 34.
832 2719 984 2762 Kliipfel
1008 2720 1037 2753 I.
1062 2730 1094 2761 p.
1115 2720 1190 2751 212.
1249 2719 1344 2752 Eder
1370 2719 1490 2752 Catal.
1510 2724 1639 2753 rector.
1670 2722 1799 2754 vienn.

172 2778 268 2811 1559.
282 2776 328 2810 4⁰.
345 2787 380 2818 p.
395 2778 466 2811 52:
501 2801 520 2816 ‚‚
531 2775 569 2810 A.
588 2776 684 2810 1508,
700 2775 832 2807 Rector
844 2777 922 2808 261.
937 2776 985 2809 M.
1001 2775 1244 2807 Theodoricus
1259 2776 1427 2809 Renanus
1442 2776 1675 2810 Slestatinus.
1690 2779 1722 2813 4,
1737 2778 1800 2810 Fe-

169 2833 308 2865 bruarii
332 2834 480 2865 moritur
508 2832 567 2863 hic
590 2832 739 2864 Viennae
765 2831 953 2864 Conradus
978 2831 1100 2863 Celtes
1124 2832 1259 2873 primus
1288 2832 1325 2864 in
1349 2831 1544 2865 Germania
1568 2835 1680 2866 Poeta
1705 2834 1800 2866 Lau-

169 2888 337 2922 reatus“.
453 2887 487 2929 6)
513 2888 597 2919 Vita
624 2887 740 2919 Celtis
766 2888 953 2929 praemissa
986 2891 1041 2920 est
1071 2890 1147 2920 cius
1173 2888 1274 2920 odar.
1294 2892 1362 2924 ete.
1382 2889 1547 2932 exemplo
1574 2901 1594 2921 a
1620 2891 1800 2923 societate

168 2946 351 2978 litteraria
367 2945 544 2977 Rhenana
570 2943 665 2977 edito
683 2943 918 2985 Argentorati
944 2954 987 2975 ex
1013 2943 1106 2978 offic.
1127 2944 1375 2976 Schureriana
1401 2956 1433 2980 a.
1453 2946 1550 2979 1513.
1568 2945 1614 2979 40.
1640 2965 1682 2969 —-
1707 2947 1800 2978 Trit-

168 3001 262 3036 hem.
280 3004 355 3033 not.
375 3003 426 3033 11.
448 3001 508 3032 cit.
548 3000 603 3031 Cf.
625 3000 777 3032 Gesneri
802 2999 896 3032 Bibl.
926 3017 965 3022 —
1003 3000 1054 3033 Io.
1075 3000 1248 3032 Fichardi
1272 3001 1388 3033 Viror.
1405 3002 1539 3035 illustr.
1558 3003 1655 3035 vitae.
1682 3003 1751 3035 vol.
1768 3004 1797 3035 I.

168 3057 224 3091 Ff.
242 3058 339 3090 1536.
352 3056 399 3089 4⁰.
417 3075 460 3080 —
479 3057 590 3091 Henr.
610 3055 845 3088 Pantaleonis
864 3056 1077 3098 Prosopogr.
1103 3057 1186 3089 Bas.
1204 3058 1299 3091 1565.
1320 3058 1382 3092 fol.
1402 3058 1448 3090 11.
1466 3070 1500 3100 p.
1514 3059 1590 3091 470.
1609 3080 1651 3084 -
1669 3059 1795 3091 Melch.
