2119 3522
318 219 412 264 310
811 231 917 252 mnes
942 227 1194 250 BIOGRAPHICVS
1218 228 1260 249 ET
1284 226 1525 249 ononAsncvs.

315 348 349 391 2)
367 348 501 389 §jifloziu
526 344 691 379 mirabitis
713 343 717 383 Ι
738 348 891 383 quantum
915 340 1179 383 bctcsinrdjurum
1198 340 1261 372 mhi
1278 339 1332 372 nie·
1349 340 1540 389 {anticuum}
1559 343 1598 372 ne
1616 338 1829 379 (Obserfufitin
1846 345 1929 381 umus
1946 339 2024 380 {321-

314 402 389 437 11εῆ.
413 402 416 443 Ι
438 402 675 440 cmnhusmzum.
700 397 703 439 Ι
726 395 1034 438 &maguam
1062 393 1068 436 Ι
1096 395 1182 428 OEum
1202 392 1278 436 [16]
1296 394 1434 435 figuris.
1457 393 1462 436 Ι
1490 394 1594 436 (Piet.
1613 394 1685 436 xyl.
1702 397 1742 426 ut
1760 394 1807 437 1,)
1835 396 1875 427 18
1893 395 1970 428 foll.
1989 396 2027 426 in

406 523 622 561 invexisset,
649 529 833 560 nunquam
859 518 1022 560 cogitata
1047 517 1199 548 crimina
1223 516 1422 550 obiicendO.
1473 517 1608 558 Sicque
1635 517 1672 548 in
1695 517 1731 549 id
1751 518 1896 560 generis
1914 518 2027 550 multa

403 579 694 620 prorumpentes,
724 574 846 606 sedem
877 573 1117 615 apostolicam
1147 583 1212 605 seu
1242 573 1378 605 ordinis
1409 573 1465 604 sui
1496 575 1789 605 conservatorem
1818 573 2027 606 clamorosis

403 634 553 665 vocibus
592 642 654 673 pro
685 630 849 662 vindicta
878 640 942 661 seu
972 629 1290 660 administratione
1322 629 1480 661 iusticiae
1513 629 1755 671 impetebant,
1795 629 2027 671 Obtentoque

404 688 651 721 commissario
675 686 821 718 doctore
845 686 984 717 Thoma
1008 684 1111 717 Wolf
1137 686 1215 716 viro
1239 685 1276 715 in
1300 684 1400 716 hisce
1425 685 1532 716 rebus
1557 685 1923 726 consummatissimo,
1953 684 2028 732 ple-

402 747 535 777 banum
561 744 730 775 citarunt.
779 742 849 780 Qui
873 751 1086 783 comparens
1109 741 1339 772 celeberrimi
1367 740 1525 773 doctoris
1546 741 1758 773 Sebastiani
1781 741 1896 772 Brant
1920 740 2029 773 advo-

404 800 559 832 cationis
578 798 780 840 patrocinio
800 797 945 829 functus
965 800 1031 837 est,
1049 797 1300 838 Perpensaque
1317 796 1512 838 diligenter
1531 797 1652 828 eiusce
1671 796 1812 838 negocii
1829 796 2030 837 occasione,

404 856 600 898 111-11101ρὶ0,
620 853 757 893 medio,
778 853 864 893 fine,
887 863 1058 885 excessus
1077 862 1216 894 quoque
1237 853 1450 885 enormitate
1469 853 1505 884 in
1520 853 1704 895 Vigando,
1725 863 1796 894 qua
1813 853 1923 884 etiam
1940 853 2031 883 muti

403 913 588 944 silentium
612 920 812 952 provocare
835 911 1016 951 potuisset
1034 909 1070 940 in
1092 919 1237 949 vocem,
1263 909 1299 939 in
1319 919 1430 940 causa
1448 909 1500 940 sic
1524 911 1580 940 est
1597 908 1814 948 iudicatum,
1840 904 1934 949 quo‘d
1951 909 2029 950 ipse

404 968 594 1010 Vigandus
618 966 804 998 stomacho
830 968 866 997 et
888 964 1141 1005 indignatione
1166 964 1329 1006 repletus
1354 964 1548 1004 abscessit,
1577 975 1617 996 eo
1644 964 1736 1006 quod
1760 975 1822 1006 pro
1840 964 2030 996 voluntate

406 1035 471 1056 sua
494 1034 565 1055 non
588 1023 719 1054 fuisset
740 1021 918 1063 plebanus
943 1021 1046 1053 vivus
1071 1020 1294 1059 excoriatus,
1318 1020 1411 1061 quod
1434 1023 1556 1052 tamen
1580 1021 1713 1052 iudicio
1739 1022 1774 1052 et
1797 1020 1941 1051 intento
1965 1030 2028 1051 suo

406 1081 537 1113 certius
562 1079 747 1120 sperabat.

507 1132 538 1168 (1
556 1134 727 1175 wigandi
744 1131 908 1166 vindicta
924 1133 961 1163 111
979 1131 1292 1171 Commissarium,
1319 1131 1551 1172 advocatum,
1579 1134 1616 1163 et
1633 1132 1822 1175 plerosque
1840 1132 1946 1165 alios.

407 1189 438 1225 11
456 1192 503 1222 At
520 1190 722 1232 XYigandus
746 1189 809 1220 ille
826 1192 950 1220 noster
968 1187 1168 1230 apostolico
1187 1187 1433 1219 commissario
1450 1187 1517 1219 has
1536 1188 1636 1220 vices
1654 1189 1863 1230 impendere
1882 1189 2030 1223 studuit.

406 1246 587 1279 Libellum
613 1246 707 1277 enim
732 1244 855 1276 multis
881 1243 1110 1276 contumeliis
1133 1243 1383 1285 plenissimum
1407 1244 1579 1277 conflavit
1599 1245 1722 1286 potius
1742 1255 1847 1286 quam
1867 1244 2030 1285 ediderit,

406 1304 442 1334 111
468 1314 535 1344 (1110
566 1306 639 1334 tam
670 1301 818 1343 prodige
848 1300 998 1332 livorem
1029 1299 1170 1341 effudit,
1203 1303 1242 1331 ut
1264 1299 1397 1331 nullius
1420 1300 1546 1332 honori
1571 1303 1634 1332 aut
1657 1300 1829 1342 dignitati
1851 1303 2031 1342 parceret,

407 1359 469 1391 sed
498 1369 567 1390 nec
595 1358 633 1389 in
662 1357 773 1389 simili
802 1356 954 1388 vesania
979 1356 1110 1397 cuique
1135 1355 1314 1388 secundas
1337 1357 1438 1388 vices
1465 1355 1692 1388 concederet.
1741 1355 1860 1388 Iudici
1883 1356 2030 1397 inquam

407 1414 503 1456 quod
532 1416 688 1456 pecunia
720 1415 906 1454 corruptus
935 1412 1048 1443 fuerit
1077 1413 1229 1453 obiecit,
1269 1422 1310 1443 co
1340 1411 1435 1452 quod
1466 1411 1663 1453 plebanum
1694 1412 2030 1454 francpfordensem

408 1471 509 1502 nulla
539 1469 771 1502 revocatione
803 1469 956 1500 obtenta
986 1468 1225 1508 absolvisset,
1256 1468 1520 1499 Ber-nardinum
1545 1468 1586 1499 de
1611 1468 1716 1499 Busti
1737 1468 1921 1510 leguleum
1947 1478 2030 1500 con-

408 1526 743 1564 summatissimum,
772 1524 864 1566 quod
892 1523 1021 1566 munde
1038 1524 1190 1565 virginis
1210 1524 1436 1566 conceptioni
1454 1524 1608 1565 faverit,
1639 1523 1861 1555 causidicum
1886 1524 2032 1556 menda-

408 1583 590 1614 cissimum
617 1584 652 1613 et
676 1581 923 1622 turpissimum
947 1580 1158 1621 descripsit,
1182 1581 1347 1621 generali
1374 1580 1510 1611 vicario
1535 1580 1669 1612 ordinis
1687 1580 1840 1612 fratrum
1858 1580 2030 1612 minorum

408 1640 450 1670 de
480 1637 712 1670 observantia
740 1647 812 1668 una
845 1647 925 1668 cum
954 1636 1028 1667 suis
1056 1636 1232 1667 fratribus
1256 1635 1504 1678 Heidelberge
1531 1647 1593 1678 pro
1616 1636 1771 1677 virginis
1795 1636 2032 1668 immaculata

408 1694 645 1735 conceptione
665 1693 934 1735 disputantibus
954 1695 989 1724 ct
1009 1691 1307 1723 concludentibus
1325 1693 1378 1723 sic
1397 1692 1529 1733 illusit,
1557 1692 1651 1733 quod
1668 1703 1739 1724 non
1757 1693 1801 1724 ob
1820 1692 1856 1724 id
1875 1694 2032 1725 sanctio-

408 1762 465 1782 res
490 1751 631 1782 censeri
655 1749 829 1789 debeant,
857 1749 941 1790 quia
965 1748 1101 1789 grossis
1125 1748 1197 1779 sint
1222 1748 1369 1779 funibus
1393 1749 1524 1789 cincti,
1554 1748 1711 1780 mordari
1734 1759 1852 1790 cappa
1876 1751 1912 1781 et
1937 1750 2033 1781 calo-

408 1806 524 1847 pediis
548 1806 585 1836 in
602 1809 770 1836 truncum
787 1805 953 1836 formatis
971 1804 1113 1844 vestiti,
1140 1804 1306 1846 quodque
1326 1804 1490 1836 doctrina
1509 1815 1630 1836 eorum
1648 1805 1696 1836 sit
1712 1804 1918 1836 maledictis
1936 1805 2031 1837 blas-

408 1862 577 1904 phemiis,
601 1861 818 1902 mendaciis,
846 1857 1046 1902 figmentis',
1071 1861 1148 1892 vita
1165 1871 1249 1892 vero
1267 1860 1449 1902 hypocrisi
1474 1864 1509 1893 et
1533 1860 1706 1892 simulata
1728 1862 1927 1894 sanctitate
1952 1873 2032 1894 cum

407 1918 545 1949 invidia
563 1917 757 1948 immortali
775 1916 1000 1958 plenissima.
1050 1917 1308 1948 Sebastianum
1331 1917 1418 1949 item
1436 1917 1551 1948 Erant
1573 1917 1769 1949 celebratae
1793 1918 1969 1950 doctrinae
1997 1922 2034 1950 et

408 1984 589 2015 nunquam
614 1974 884 2004 intermorituro
907 1973 1050 2004 nomine
1074 1973 1190 2004 virum
1221 1974 1512 2014 cognitissimum
1535 1974 1588 2005 ita
1612 1974 1685 2005 suis
1707 1974 1953 2015 contumeliis,
1979 1975 2032 2006 in-

408 2031 527 2068 iuriis,
548 2030 720 2062 convitiis
738 2029 930 2070 discerpsit
947 2029 1128 2061 hominem
1146 2030 1278 2070 vivum,
1299 2030 1458 2070 qualiter
1474 2040 1545 2061 non
1563 2029 1681 2061 solent
1698 2030 1804 2062 etiam
1824 2030 1900 2073 fere
1917 2031 2032 2074 bestie

407 2086 611 2128 discerpere
636 2086 794 2117 cadaver
818 2086 973 2117 eiectum
998 2090 1034 2117 et
1058 2089 1269 2117 emortuum.
1317 2086 1405 2117 Post
1433 2096 1535 2127 quem
1554 2085 1708 2117 Iohanni
1726 2085 1904 2128 Spengler
1927 2087 2033 2119 fratri

409 2142 546 2173 ordinis
564 2142 739 2173 minorum
757 2141 800 2172 de
820 2142 1057 2173 observantia
1075 2142 1126 2173 sic
1143 2142 1349 2183 maledixit,
1371 2146 1411 2173 ut
1429 2142 1528 2173 illius
1547 2142 1681 2173 famam
1700 2145 1735 2173 et
1751 2143 1863 2174 vitam
1881 2153 1952 2174 non
1975 2154 2034 2185 pa-

408 2208 482 2229 rum
507 2197 716 2239 denigraret
739 2208 781 2229 ac
805 2197 1050 2231 obumbraret.
1100 2197 1171 2229 Sed
1194 2209 1261 2229 nec
1280 2198 1334 2229 illi
1352 2199 1443 2230 satis
1465 2198 1587 2230 fuerat
1603 2197 1784 2230 lacessere
1802 2199 1922 2240 vivos,
1949 2200 2034 2241 quin

411 2253 521 2284 etiam
546 2254 723 2295 egerrime
748 2253 861 2284 ferret
885 2254 1022 2284 sanctis
1040 2254 1257 2285 Doctoribus
1283 2258 1318 2285 et
1341 2255 1428 2285 viris
1454 2258 1489 2285 et
1514 2255 1670 2285 emeritis
1689 2265 1751 2295 pro
1771 2265 1891 2286 eorum
1906 2256 1943 2286 in
1961 2266 2032 2287 rem

409 2309 492 2350 pub.
512 2309 748 2341 christianam
773 2309 966 2351 diligentia
991 2309 1156 2350 epitheta
1178 2309 1251 2340 dici
1269 2309 1432 2349 honoris,
1459 2310 1590 2341 Divum
1609 2310 1784 2342 videlicet
1802 2311 2032 2342 Bonaventu-

412 2375 489 2396 ram
511 2365 759 2406 seraphicum,
788 2364 1032 2396 Alexandrum
1055 2355 1356 2406 irrefragIbilem,
1391 2366 1534 2397 Scotum
1561 2366 1745 2407 subtilem,
1778 2367 1901 2399 1105010
1928 2378 2033 2409 quam

412 2421 455 2452 de
487 2421 638 2461 quodam
663 2431 770 2452 casco
797 2421 969 2452 fabellam
993 2421 1188 2461 inducenS,
1221 2422 1375 2462 turpiter
1405 2422 1586 2453 erravisse
1612 2423 1816 2462 contendit,
1849 2423 1909 2463 qui
1932 2423 2033 2456 hisce

411 2476 616 2508 doctoribus
647 2476 741 2508 1111110
773 2477 944 2508 honorem
974 2477 1100 2508 decore
1126 2478 1407 2519 nuncupationis
1434 2478 1699 2519 impenderunt.
1755 2478 1866 2510 Cuius
1892 2480 2033 2521 quidem

411 2532 529 2564 libelli
553 2533 795 2564 temeritatem
822 2536 857 2564 et
879 2543 900 2563 a
918 2543 1003 2564 vero
1029 2532 1171 2564 deviam
1197 2534 1622 2575 superbiamreprimere
1648 2535 1789 2566 curavit
1808 2536 2034 2579 archipresul

412 2589 659 2630 moguntinus,
686 2590 747 2629 qui
770 2589 1014 2630 praeceptione
1039 2589 1191 2630 provida
1214 2590 1283 2621 viri
1307 2592 1379 2620 tam
1405 2592 1574 2631 procacis
1593 2590 1812 2632 dedignatus
1831 2595 1886 2623 est
1904 2593 2034 2634 impor-

411 2645 624 2685 tunitatem,
650 2644 912 2685 mandavitque
931 2644 996 2676 sub
1016 2645 1263 2677 anathematis
1281 2646 1425 2678 vinculo
1444 2646 1594 2678 huiusce
1616 2647 1760 2679 libellos
1778 2647 1942 2689 incendi,
1973 2649 2033 2680 de—

411 2700 479 2731 leri
503 2711 546 2731 ac
564 2701 707 2742 penitus
725 2700 940 2741 incinerari,
965 2700 1071 2733 Cavit
1088 2711 1246 2742 quoque,
1271 2712 1316 2733 ne
1336 2703 1414 2743 quis
1438 2702 1520 2734 illos
1538 2703 1695 2735 vendere
1712 2707 1912 2746 presumat,
1939 2715 2032 2736 com-

411 2760 517 2797 paret
539 2757 680 2797 precio,
705 2759 767 2788 aut
791 2756 916 2797 quovis
939 2757 1045 2788 titulo
1070 2757 1128 2789 vel
1152 2757 1273 2789 colore
1299 2759 1474 2800 acquirat.
1524 2760 1605 2798 Quo
1629 2760 1788 2791 remedio
1811 2760 1900 2791 viris
1917 2760 2032 2792 incul-

412 2812 509 2853 patis
532 2815 662 2852 praeter
686 2812 743 2844 fas
767 2816 802 2843 et
817 2813 1008 2845 viusticiam
1033 2814 1247 2845 subventum
1267 2818 1337 2855 est,
1365 2818 1401 2846 et
1417 2815 1574 2856 ipsorum
1594 2815 1765 2857 dignitati
1782 2816 2032 2857 suffragatum,

413 2867 656 2908 XVigandique
681 2869 863 2910 improba,
890 2869 1061 2901 malivola
1085 2872 1121 2901 et
1141 2870 1407 2902 contumeliosa
1424 2872 1611 2903 verborum
1630 2871 1832 2914 proluvies,
1859 2873 2033 2914 superba-

413 2932 481 2963 que
507 2924 717 2964 arrogantia
742 2935 910 2966 repressa
935 2929 990 2957 est
1013 2929 1049 2957 ct
1073 2926 1245 2958 cohibita.
1292 2927 1450 2959 Ioannes
1468 2938 1554 2960 vero
1573 2928 1749 2969 Spengler
1766 2928 1827 2969 qui
1844 2938 1882 2960 se
1902 2929 2032 2971 ceteris

413 2978 492 3019 plus
515 2979 630 3020 lesum
653 2989 724 3010 non
747 2979 945 3022 dubitavit,
970 2982 1119 3013 Romam
1142 2982 1332 3024 profectus
1356 2986 1425 3023 est,
1454 2983 1496 3015 de
1516 2984 1690 3026 wigandi
1711 2984 1856 3016 iniuriis
1873 2995 2032 3027 conque-

415 3037 543 3068 sturus.
597 3033 738 3067 Citatur
761 3035 804 3067 ob
829 3036 866 3068 id
889 3037 1040 3069 Romam
1063 3038 1266 3088 XVigand'us
1291 3039 1386 3080 ipse,
1418 3039 1460 3072 (10
1485 3039 1698 3073 enormitate
1723 3042 1760 3072 et
1784 3026 1935 3073 excessu
1956 3044 2032 3074 tam
