2119 3522
684 238 927 260 PFEFFERKORN
952 251 960 259 .
974 251 982 259 .
997 251 1004 260 .
1030 236 1253 260 PHILOMVSVS.
1730 214 1826 260 435

116 370 187 394 nes
225 355 481 394 Pfefferkorn
520 368 627 392 anno
657 355 728 392 460
762 352 1089 405 [aetatisza.p.
1111 348 1423 401 Chi-‚1513.‘?],
1465 362 1553 401 quae
1593 348 1747 399 effigies
1786 349 1828 385 in

117 413 379 462 Weislingeri
401 411 582 461 Hutteno
617 410 824 448 delarvato
856 410 927 448 sed
958 411 1045 447 sine
1077 409 1146 446 illa
1178 408 1453 458 adscriptione
1484 406 1624 444 rudius
1656 405 1829 455 repetita

116 475 188 506 est.
237 469 302 506 De
331 467 480 505 libellis
511 465 664 503 sordidi
695 466 886 513 hominis,
921 466 969 503 de
999 464 1143 515 quibus
1175 464 1374 514 permulti,
1408 462 1714 500 Hartzhemium
1745 461 1830 498 fere

118 525 245 562 secuti
275 538 417 575 parum
449 528 588 561 exacte
626 523 885 573 scripserunt,
919 521 1120 559 videndus
1153 526 1212 557 est
1247 519 1389 570 supra²'¹
1420 519 1552 557 editus
1582 517 1716 555 Index
1739 518 1831 554 scri-

115 586 274 631 ptorum
306 577 416 626 8106,
459 592 509 616 ex
545 591 623 628 quo
664 577 887 616 Graetzius⁷
926 590 1086 628 quoque
1125 588 1246 627 quem
1283 576 1467 613 Iudaeum
1506 575 1740 625 scriptorem
1780 573 1830 611 de

115 637 332 687 baptizatis
370 634 518 672 Iudaeis
557 634 694 685 paullo
742 635 919 685 iniquius
964 633 1145 670 iudicare
1191 632 1395 670 neminem
1433 644 1591 681 aequum
1638 629 1828 675 offendet,

115 694 263 743 passim
302 690 509 729 emendari
548 696 693 740 potest.
754 691 817 728 De
849 691 932 727 vita
968 689 1226 738 moribusque
1266 687 1495 725 inamabilis
1528 686 1832 724 Coloniensium

114 748 475 785 Dominicanorum
513 747 667 783 servitii
705 746 828 784 taedet
867 758 956 795 quae
997 746 1037 781 in
1076 744 1371 781 commentariis
1402 743 1453 781 ad
1484 743 1590 793 Epp.
1615 740 1664 779 O.
1687 741 1736 779 V.
1758 755 1829 778 suo

115 804 294 855 quidque
324 804 411 841 loco
444 803 743 853 proposuimus,
784 803 825 838 in
857 814 982 838 unum
1020 800 1153 837 locum
1184 813 1414 850 congerere.
1473 799 1725 836 Novissimus
1755 797 1830 834 Pe-

115 860 316 910 pericorni
354 859 516 895 libellus
553 858 703 908 prodiit
735 858 771 895 d.
796 858 861 894 21.
883 857 1001 893 Mart.
1032 869 1067 892 a.
1094 856 1230 892 15215'
1291 855 1467 905 Quando
1508 860 1546 891 et
1577 853 1644 890 ubi
1684 854 1830 890 lunati-

115 929 200 954 cam
232 916 406 952 animam
437 914 698 959 exhalaverit,
731 927 813 950 non
845 918 1015 951 constat.
1037 933 1092 938 -—
1121 912 1185 949 De
1209 925 1254 949 eo
1277 911 1444 949 Ioannis
1464 909 1723 950 Piemontani
1744 909 1830 946 MS.

114 971 278 1011 Auctar.
301 984 396 1009 scrr.
420 970 514 1010 eccl.
537 970 607 1007 fol.
629 971 720 1008 106.
742 970 799 1006 sic
819 969 961 1007 habet:

112 1048 294 1081 Iohannes
311 1046 542 1080 Pfefferkorn
566 1046 715 1078 natione
739 1046 893 1078 hebreus
919 1046 1048 1077 dudum
1074 1044 1168 1086 apud
1188 1043 1367 1076 coloniam
1387 1043 1589 1085 agripinam
1609 1052 1714 1074 sacro
1733 1041 1833 1073 fonte

115 1106 263 1136 renatus
289 1106 325 1135 et
350 1106 434 1134 aute
459 1102 631 1144 baptismi
657 1102 928 1144 perceptionem
950 1101 1081 1143 joseph
1107 1104 1258 1133 vocatus
1284 1100 1388 1132 homo
1414 1100 1451 1130 in
1476 1099 1559 1140 lege
1586 1098 1710 1129 diuina
1737 1101 1773 1130 et
1796 1098 1833 1128 in

115 1160 197 1192 aliis
222 1160 434 1192 hebreorum
461 1159 612 1191 secretis
644 1158 689 1190 ad
718 1168 883 1200 vngwem
911 1156 965 1197 (vt
990 1157 1105 1199 aiunt)
1134 1156 1296 1189 eruditus
1320 1156 1428 1187 rabbi
1463 1155 1557 1187 enim
1584 1164 1705 1186 eorum
1722 1151 1771 1196 [5³]
1797 1154 1834 1184 in

110 1216 292 1256 judaismo
325 1215 441 1247 adhuc
467 1215 690 1247 constitutus
716 1214 945 1246 acutissimus
973 1214 1096 1245 extitit
1120 1214 1180 1255 qui
1206 1213 1308 1245 modo
1335 1222 1474 1244 omnem
1501 1221 1622 1243 eorum
1648 1209 1832 1252 perfidiam

114 1272 287 1313 detegens
315 1271 410 1313 apud
437 1271 686 1313 imperatorem
712 1273 746 1301 et
771 1273 916 1301 cunctos
941 1269 1135 1301 christiane
1161 1269 1242 1301 fidei
1267 1269 1486 1310 professores
1512 1266 1728 1298 instabiliter
1752 1276 1834 1297 con-

115 1328 233 1359 fundit
258 1330 294 1359 et
318 1326 505 1368 pudefacit
554 1326 750 1368 Scripsisse
779 1326 821 1357 de
846 1325 916 1356 hae
942 1336 980 1357 re
1007 1325 1118 1357 multa
1144 1326 1296 1367 probate
1330 1324 1413 1356 fidei
1439 1323 1617 1366 opuscula
1642 1323 1678 1354 in
1704 1322 1834 1364 quibus

115 1394 253 1415 errores
279 1386 315 1415 et
341 1382 540 1415 stulticiam
568 1393 690 1414 eorum
716 1393 760 1414 ne
787 1382 904 1414 dicam
931 1382 1110 1413 insaniam
1135 1381 1319 1423 patefacit
1344 1391 1361 1412 e
1389 1380 1517 1421 quibus
1543 1379 1730 1420 hucusque
1755 1380 1835 1409 tan-

114 1443 187 1470 tum
213 1439 288 1471 vidi

114 1495 194 1537 Optu
222 1495 487 1527 adhortationis
508 1494 658 1535 judaice
685 1494 730 1526 ad
761 1494 934 1525 christum
1027 1493 1054 1524 li
1079 1492 1120 1533 iij
1216 1492 1391 1525 Omnibus
1421 1494 1457 1524 et
1486 1491 1643 1533 singulis
1668 1501 1745 1522 cum

113 1551 166 1582 De
192 1551 411 1582 stultissima
438 1551 631 1583 eorundem
658 1550 887 1583 confessione
1026 1550 1054 1581 li
1077 1549 1090 1590 j

114 1607 231 1648 Atque
265 1607 339 1639 alia
370 1608 426 1638 his
459 1606 594 1638 similia
626 1606 891 1648 quamplurima
923 1616 992 1647 que
1019 1605 1117 1647 apud
1142 1604 1364 1646 bibliopolas
1389 1615 1517 1637 venum
1546 1603 1711 1645 exposita
1737 1613 1836 1645 repe-

115 1664 253 1695 riuntur
286 1664 407 1695 ferunt
438 1663 529 1704 quod
562 1662 694 1694 dudum
727 1663 771 1694 ad
804 1662 909 1694 istius
943 1661 1217 1703 instigationem
1251 1664 1286 1692 et
1318 1660 1361 1692 ad
1394 1661 1603 1692 mandatum
1631 1659 1775 1691 Cesaris
1799 1659 1835 1689 in

116 1720 266 1751 ciuitate
292 1719 585 1751 francofordensi
616 1718 728 1751 nobili
761 1720 920 1761 emporio
947 1720 1209 1750 commorantes
1236 1717 1370 1749 ibidem
1392 1717 1495 1758 judei
1521 1728 1542 1748 a
1568 1719 1698 1748 senatu
1724 1716 1836 1747 onini-

114 1775 180 1807 bus
211 1775 315 1807 libris
347 1776 421 1807 suis
454 1775 603 1817 spoliati
634 1775 771 1807 fuerint
802 1774 887 1815 quid
919 1785 1004 1807 vero
1037 1784 1114 1807 cum
1150 1774 1201 1805 eis
1228 1774 1300 1805 sint
1324 1773 1459 1805 facturi
1486 1777 1549 1805 aut
1576 1773 1667 1804 forte
1694 1772 1836 1803 interea

114 1832 285 1874 temporis
316 1832 526 1874 peregerint
557 1831 602 1862 ad
634 1842 740 1863 aures
773 1841 872 1863 meas
904 1831 1003 1862 fama
1034 1830 1190 1862 nondum
1224 1828 1375 1871 pertulit
1425 1829 1525 1860 Viuit
1554 1829 1670 1860 adhuc
1696 1827 1835 1859 colonie

117 1888 382 1920 contumaciam
410 1890 446 1918 et
471 1887 642 1929 perfidam
668 1885 944 1930 te[me]ritatem
970 1887 1163 1927 iudaycam
1189 1886 1307 1927 magis
1333 1896 1376 1916 ac
1402 1886 1519 1927 magis
1545 1883 1721 1926 quottidie
1747 1893 1835 1916 rese-

115 1954 199 1976 rans
227 1944 292 1975 sub
318 1943 432 1975 Maxio
458 1945 677 1986 imperatore
703 1944 1003 1976 victoriosissimo
1030 1946 1066 1974 et
1090 1942 1184 1983 julio
1210 1943 1245 1973 20
1271 1952 1368 1983 papa
1394 1941 1430 1972 5⁰
1458 1942 1531 1972 159
1560 1937 1692 1982 [1509].

114 2013 226 2051 Uxor
256 2013 535 2064 Pepericorni,
569 2011 734 2059 Anna⁹,
775 2012 963 2059 „bellula
994 2011 1158 2062 quidem
1191 2009 1252 2060 (ut
1281 2007 1570 2048 Reuchlinus¹⁰
1601 2008 1763 2059 refert),
1798 2015 1837 2047 et

116 2082 203 2120 quae
236 2083 323 2107 cum
344 2069 617 2120 Pepericorno
640 2070 782 2107 marito
816 2069 945 2106 soleat
972 2069 1146 2114 vicatim,
1182 2067 1484 2113 domesticatim,
1518 2066 1721 2103 hostiatim
1755 2079 1835 2103 am-

115 2126 305 2172 bulare“,
339 2126 380 2162 in
413 2125 593 2175 epistolis
617 2124 666 2163 O.
689 2126 738 2163 V.
762 2139 845 2162 non
877 2126 955 2162 nisi
988 2124 1150 2162 Ortvini
1182 2123 1376 2161 adulterae
1407 2129 1542 2173 partes
1575 2120 1708 2173 agit¹¹.

116 2182 263 2219 Filium
286 2182 552 2219 Laurentium
574 2183 661 2232 ipse
681 2182 979 2232 Pepericornus
1000 2177 1230 2227 la11davit¹²,
1265 2186 1348 2217 tum
1371 2177 1568 2217 Ortvinus
1598 2180 1640 2216 in
1662 2178 1833 2216 Lamen-

115 2238 338 2276 tationibus
362 2236 409 2275 O.
432 2236 522 2284 V.¹³,
557 2245 596 2276 et
626 2239 843 2276 novissime
874 2243 990 2288 pater
1020 2238 1165 2275 iterum
1197 2251 1232 2274 a.
1261 2233 1412 2273 1521.ss

206 2315 239 2356 5)
259 2315 364 2346 huius
382 2314 452 2347 vol.
472 2325 580 2357 pagg.
598 2316 651 2347 53.
670 2324 748 2356 sqq.
841 2314 874 2354 6)
894 2314 1132 2356 Pepericorni
1149 2313 1267 2345 libelli
1285 2313 1336 2344 ibi
1360 2315 1444 2345 sunt
1467 2322 1597 2344 numm.
1619 2322 1661 2343 11.
1681 2322 1741 2343 111.
1762 2322 1836 2344 v....

203 2381 288 2403 vm.
308 2381 374 2405 xu.
394 2381 487 2404 xvn.
507 2382 582 2403 xx1.
600 2382 693 2405 xxm.
713 2381 889 2406 xxxxun.
985 2369 1018 2413 7)
1039 2371 1156 2404 Geselz,
1177 2371 1238 2402 der
1252 2370 1372 2402 ιΙιιιίεη.
1391 2373 1476 2402 tom.
1491 2369 1553 2400 IX.
1574 2369 1771 2410 Lp:.1866.
1791 2368 1837 2404 8⁰,

203 2428 236 2466 8)
256 2427 301 2460 cf.
322 2437 429 2469 supra
453 2439 485 2469 p.
505 2429 579 2462 114.
597 2438 649 2469 sq.
766 2427 800 2468 9)
822 2428 867 2460 cf.
886 2437 995 2469 supra
1019 2438 1053 2468 p.
1074 2428 1146 2458 117.
1168 2425 1299 2467 Consp.
1320 2424 1481 2458 chronol.
1501 2423 1546 2456 ad
1565 2424 1597 2457 d.
1619 2426 1668 2456 10.
1688 2424 1786 2466 Sept.
1806 2435 1836 2455 a.

206 2484 302 2517 1506.
398 2482 452 2524 10)
468 2483 613 2515 Defens.
632 2485 728 2516 1513.
742 2483 788 2515 40.
804 2482 905 2525 p.B‘—’.
1003 2482 1056 2523 11)
1072 2483 1117 2514 cf.
1134 2483 1236 2524 impr.
1253 2481 1388 2515 Comm.
1405 2481 1448 2513 ad
1468 2480 1600 2522 p.20‘-'⁷.
1696 2480 1751 2521 12)
1767 2481 1837 2511 De-

206 2540 298 2571 fenS.
319 2540 447 2581 Peper.
468 2539 522 2571 ed.
543 2550 575 2571 n.
595 2551 627 2582 p.
649 2538 827 2571 14531-3Ψῐ·
941 2538 994 2579 13)
1017 2539 1045 2570 Ι.
1069 2540 1119 2570 15.
1139 2538 1194 2572 ed.
1212 2549 1247 2571 n.
1266 2549 1298 2580 p.
1319 2538 1393 2569 344.
1513 2536 1566 2577 14)
1592 2536 1674 2568 vide
1701 2535 1837 2567 Comm.

205 2595 251 2626 ad
272 2606 305 2637 p.
324 2594 439 2628 21812.

115 2687 357 2718 PHACCHVS
390 2683 460 2718 vid.
491 2681 641 2720 Facha.

116 2783 410 2814 PHILOMVSVS
445 2775 496 2825 (p.
512 2773 576 2811 39ss
600 2781 661 2811 199
671 2773 727 2824 3‘³),
762 2776 787 2813 i.
811 2789 846 2813 e.
868 2774 1041 2812 Iacobus
1063 2774 1221 2811 Locher
1241 2773 1492 2823 Ehingensis
1526 2772 1696 2819 Suevus,
1732 2774 1836 2811 circa

117 2847 153 2870 a.
179 2833 299 2870 1470.
322 2838 460 2878 natus,
495 2833 605 2869 cuius
636 2833 785 2869 Latina
815 2832 941 2869 Navis
972 2830 1183 2867 stultiferae
1217 2830 1518 2880 interpretatio,
1553 2844 1587 2868 a.
1614 2830 1732 2868 1497.
1757 2830 1834 2880 pri-

115 2902 222 2925 mum
254 2888 381 2935 edita,
425 2888 575 2926 deinde
606 2901 712 2938 saepe
743 2885 956 2938 repetita¹,
997 2887 1211 2924 Brantiani
1249 2885 1341 2923 libri
1381 2886 1528 2924 famam
1559 2886 1666 2923 inter
1698 2886 1836 2923 doctos

117 2945 256 2991 etiam,
290 2950 334 2981 ut
364 2950 449 2982 tum
480 2945 547 2995 qui
576 2944 722 2982 Latine
752 2943 946 2993 legebant
976 2943 1098 2992 vulgo
1133 2941 1391 2988 dicebantur,
1426 2942 1568 2979 mirum
1599 2943 1641 2979 in
1673 2942 1837 2980 modum

209 3066 242 3107 1)
263 3067 308 3100 cf.
326 3066 422 3098 Hain
440 3066 628 3108 Repertor.
647 3070 695 3097 n0.
715 3066 949 3098 3746...3753.
