2119 3522
603 210 654 231 ΕΡ.
670 208 693 232 1.
718 209 854 232 THOMAS
878 209 1230 234 LANGSCHNEYDERIVS
1255 212 1414 235 ORTVINO.
1770 195 1862 240 521

151 265 237 307 Pag.
257 264 294 301 3.
1338 270 1422 312 Pag.
1438 272 1467 302 3.
1486 282 1516 302 v.
1529 279 1561 303 23
1580 296 1585 303 .
1601 296 1608 303 .
1624 297 1630 303 .
1648 272 1734 312 l’ag.
1748 273 1779 303 4.
1798 283 1827 303 v.
1842 279 1867 304 5.

241 320 340 353 esset
363 320 522 364 pecunia
546 320 593 354 ad
617 322 786 365 sumptus
809 322 1061 365 inevitabiles,
1088 323 1193 357 velut
1210 323 1352 356 alendis
1369 324 1545 358 ministris
1562 324 1737 369 publicis,
1764 337 1868 370 gym-

241 374 343 409 nasio
370 377 622 411 conservando
647 378 744 411 sarto
769 377 887 420 tecto,
919 378 1094 422 imposita
1119 380 1175 413 est
1199 390 1342 413 summa
1363 380 1531 424 pecuniae
1554 380 1599 414 iis
1624 381 1688 424 qui
1709 381 1868 416 honores

241 430 396 465 inirent:
423 444 445 466 a
467 432 588 477 primo
613 432 776 475 modica,
803 444 959 477 quaeque
978 434 1192 469 necessariis
1216 434 1498 479 impenderetur
1519 436 1654 470 usibus.
1702 437 1870 481 Expetiit

241 497 326 521 eum
357 487 551 533 dignitatis
582 488 706 522 locum
736 488 910 533 indignus
946 489 1096 533 aliquis,
1133 491 1171 525 et
1201 491 1300 534 quod
1331 490 1540 526 eruditione
1572 493 1684 536 atque
1716 493 1866 538 ingenio

240 544 416 586 praestare
446 555 521 578 non
551 545 717 588 poterat,
749 545 912 579 tentavit
942 545 985 579 iis
1016 557 1083 590 per
1106 557 1197 590 quos
1221 548 1395 591 ageretur
1423 548 1713 592 corrumpendis.
1762 549 1867 583 Alius

241 598 393 633 adorsus
411 600 467 634 est
488 599 570 634 illos
596 600 733 645 gratia,
767 601 861 635 alius
885 601 1088 645 promissis,
1122 602 1214 636 alius
1238 602 1413 646 praesenti
1437 604 1607 646 pecunia.
1655 604 1728 638 Ubi
1753 606 1867 639 semel

239 655 357 689 sancti
381 656 483 700 prius
508 658 619 700 atque
643 657 848 701 incorrupti
871 657 1039 691 homines
1063 658 1156 691 lucri
1182 658 1418 692 dulcedinem
1443 660 1655 703 gustarunt,
1687 660 1716 693 is
1741 672 1867 695 sensus

241 710 402 755 reliquos
426 722 553 746 omnes
578 712 687 745 simul
711 713 883 747 extinxit:
911 714 1029 747 certas
1047 714 1257 747 statuerunt
1282 726 1442 748 summas
1467 726 1558 758 quas
1580 715 1635 748 illi
1659 716 1868 760 penderent

242 767 306 811 qui
330 767 618 801 admitterentur
643 768 689 801 ad
714 768 882 809 honores,
910 779 1067 812 quarum
1091 780 1176 813 pars
1201 770 1333 804 scholae
1359 771 1397 804 et
1414 771 1590 804 ministris
1609 771 1686 805 eius
1705 772 1865 814 cederet,

240 833 326 866 pars
350 823 538 868 magistris
563 824 601 857 et
617 823 822 857 rectoribus
849 824 1056 858 scholarum
1083 851 1115 858 ..
1134 851 1141 858 .
1161 852 1167 858 .
1194 826 1257 859 sed
1282 826 1323 858 ut
1346 827 1501 860 sciretur
1526 827 1657 870 quanti
1682 827 1866 862 ordinarie

241 879 428 912 emeretur
445 879 617 924 dignitaS,
645 879 786 913 statuta
803 881 858 914 est
875 881 977 914 certa
1001 891 1144 914 summa
1168 881 1352 924 pecuniae,
1380 892 1454 925 qua
1478 882 1659 916 minorem
1684 884 1786 917 nefas
1812 886 1868 918 est

240 934 426 979 accipere,
454 935 499 969 de
518 935 657 969 maiore
675 935 729 969 fas
748 937 803 970 est
827 935 941 970 liceri.
988 935 1183 970 definitum
1210 936 1323 970 etiam
1348 938 1512 981 tempus,
1540 938 1577 971 et
1602 939 1778 983 assignati
1803 940 1867 983 qui

240 991 505 1026 examinarent.
553 991 758 1026 Nominent
781 992 872 1025 mihi
889 992 950 1026 vel
967 1004 1081 1026 unum
1098 993 1142 1026 iis
1166 993 1335 1027 ducentis
1353 993 1456 1027 annis
1480 993 1672 1037 reiectum,
1699 995 1763 1039 qui
1787 1007 1867 1030 ver-

240 1048 340 1081 satus
356 1046 470 1082 fuerit
486 1048 700 1092 praescripto
718 1049 886 1092 tempore
905 1049 942 1081 in
960 1048 1104 1091 scholis,
1132 1050 1272 1083 certam
1296 1049 1400 1083 illam
1417 1049 1615 1094 pecuniam
1633 1050 1864 1095 dependerit,

239 1113 459 1147 quacunque
484 1104 614 1145 aetate,
640 1104 868 1142 conditione.
895 1104 1062 1149 ingenio,
1089 1104 1240 1149 peritia,
1268 1105 1442 1140 moribus,
1492 1105 1529 1140 Si
1546 1107 1628 1150 quis
1644 1118 1718 1141 non
1737 1108 1864 1150 credit,

237 1159 411 1204 inspiciat
426 1160 484 1194 tot
500 1171 567 1204 per
585 1159 746 1194 Galliam
763 1160 950 1203 cerdones,
970 1162 1140 1203 sartores,
1168 1172 1314 1205 coquos,
1333 1161 1534 1205 rhedarios,
1560 1164 1703 1205 nautas,
1731 1163 1864 1207 fabros,

241 1216 279 1249 et
295 1216 441 1260 peiores
458 1216 503 1250 iis
521 1217 747 1261 grassatores
764 1216 1014 1260 latronesque,
1034 1217 1169 1251 artium
1189 1217 1249 1252 vel
1266 1218 1461 1263 magistros
1479 1218 1540 1253 vel
1555 1219 1766 1254 batalarios
1797 1231 1865 1255 nec

238 1261 373 1306 desunt
390 1272 428 1305 in
443 1271 643 1307 Germania
661 1283 730 1307 nec
749 1272 787 1306 in
800 1272 925 1314 Italia3
951 1273 1064 1316 siquis
1085 1273 1175 1307 alibi
1193 1285 1266 1308 non
1287 1274 1447 1317 invenit,
1471 1274 1597 1309 Roma}
1621 1277 1805 1319 quaerat‘st

147 1331 187 1362 31
208 1337 279 1370 pro
298 1338 458 1371 persona
483 1332 571 1371 apta
589 1332 680 1362 nata
698 1329 747 1362 ad
770 1328 930 1372 fiendum
950 1328 1082 1374 doctor]
1109 1330 1132 1364 i.
1151 1341 1180 1365 e.
1200 1330 1247 1364 ad
1272 1330 1558 1375 significandum
1583 1342 1667 1365 eum
1686 1333 1749 1375 qui
1774 1344 1865 1377 prae-

237 1383 333 1418 stitit
355 1396 435 1428 quae
462 1384 507 1419 ab
534 1384 585 1418 eis
610 1385 674 1429 qui
698 1384 744 1419 ad
769 1384 930 1419 doctoris
954 1386 1146 1429 adspirant
1168 1386 1325 1431 gradum
1349 1387 1587 1430 postulantur
1611 1409 1653 1412 —
1678 1388 1792 1433 stipes
1823 1401 1865 1424 ac

237 1439 352 1484 dapes
375 1441 494 1486 magis
520 1452 632 1484 quam
661 1440 831 1475 eruditio.
881 1441 932 1475 Cf.
950 1441 1047 1475 infra
1070 1453 1104 1486 p.
1124 1443 1235 1477 2532‘3.

190 1495 297 1540 sicut]
325 1495 532 1541 Saepissime
557 1508 624 1542 pro
652 1498 726 1539 ‘ut,
753 1497 874 1541 qualis
899 1498 983 1532 est'.
1033 1497 1084 1532 Cf.
1103 1497 1182 1531 Ind.
1200 1498 1344 1532 verbor.
1363 1498 1396 1532 h.
1416 1511 1448 1532 v.

185 1553 371 1597 promtam]
403 1552 454 1587 Ut
483 1553 669 1597 hodieque
701 1553 739 1587 in
769 1553 897 1587 multis
929 1553 1137 1588 Germaniae
1174 1554 1342 1598 partibus
1379 1555 1444 1597 fiir
1465 1556 1571 1599 jetzt,
1608 1567 1675 1600 pro
1707 1556 1867 1601 simplici

238 1611 371 1651 ‘nunc,
398 1609 503 1643 iam’.
552 1609 703 1644 cf.112³.

145 1668 188 1698 32
213 1664 254 1698 in
281 1663 446 1710 Colonia]
473 1664 532 1700 Sic
556 1665 634 1700 fere
659 1666 797 1710 ubique
826 1667 898 1700 ‘in'
925 1677 992 1711 pro
1018 1667 1204 1712 genetivo.
1255 1666 1474 1702 Germanice
1499 1668 1540 1703 ‘in
1566 1669 1641 1702 sive
1667 1678 1713 1703 Ξιι
1737 1669 1850 1704 Κόῑη.

189 1720 398 1765 mellifluus]
424 1720 560 1756 Versus
587 1721 700 1756 etiam
725 1722 889 1757 faciebat
913 1722 1174 1757 Theodoricus.

183 1779 294 1820 pater
318 1776 448 1822 frater]
475 1778 644 1812 sacerdos
669 1779 872 1813 monachus
898 1779 1036 1813 ordinis
1060 1779 1356 1815 Carmelitarum.

193 1832 342 1877 Gamla]
369 1833 506 1868 rectius
532 1833 664 1868 Gauda
689 1846 714 1869 s.
734 1834 875 1869 Gouda.
925 1835 977 1870 Cf.
995 1836 1074 1870 Ind.
1092 1836 1210 1882 biogr.
1230 1837 1297 1870 art.
1316 1835 1458 1879 Ganda,
1485 1836 1737 1872 Theodorious
1762 1838 1820 1873 de.

143 1891 230 1934 Pag.
245 1890 281 1927 4.

146 1949 162 1978 1
190 1945 330 1990 leyatus
347 1946 430 1980 alm.
448 1947 638 1981 murm-sit.
660 1947 748 1992 Col.]
774 1949 824 1982 sic
847 1948 943 1982 infra
967 1959 1115 1993 quoque
1140 1961 1174 1993 p.
1194 1950 1346 1983 34¹¹·5‘12
1365 1949 1427 1983 sed
1453 1950 1554 1984 recte
1572 1949 1754 1984 Hem·icus
1780 1950 1865 1986 Gla-

234 2013 367 2036 reanus
386 2001 546 2038 Coloniae
564 2016 630 2038 1111.
648 2015 732 2038 non.
750 2004 827 2039 Ian.
845 2016 876 2039 a.
896 2009 993 2039 1514.
1013 2005 1060 2039 ad
1082 2005 1331 2040 Reuchlinum
1356 2005 1503 2050 scripsit
1527 2006 1586 2049 (cf.
1604 2006 1683 2040 Ind.
1702 2007 1865 2042 chronol.

234 2071 269 2103 p.
290 2059 378 2102 129.)
406 2058 615 2101 „Caeterum
633 2060 865 2095 Universitas
890 2062 955 2095 aut
971 2062 1104 2095 nostrae
1122 2062 1224 2095 urbis
1242 2062 1406 2096 studium
1424 2062 1477 2096 nil
1495 2062 1672 2096 adversus
1690 2063 1726 2097 te
1746 2064 1864 2097 atten-

233 2114 344 2157 tavit,
371 2114 410 2149 ni
428 2115 718 2151 Universitatem
735 2117 803 2151 soli
821 2116 1018 2161 Theologi,
1052 2118 1082 2151 si
1105 2117 1154 2152 sic
1180 2118 1362 2162 appellari
1387 2118 1565 2160 debeant,
1599 2119 1864 2153 constituant.“

235 2169 287 2205 Cf.
306 2170 419 2205 etiam
436 2170 553 2206 Bulaei
569 2171 653 2206 hist.
672 2173 772 2207 univ.
789 2172 902 2207 Paris.
921 2173 983 2207 VI.
1000 2185 1035 2218 p.
1051 2178 1104 2208 68.
1152 2174 1259 2208 Unde
1277 2173 1547 2218 Pepericornus
1565 2174 1641 2209 sive
1661 2174 1810 2209 Gratius
1827 2175 1865 2209 in

233 2226 381 2261 Defens.
398 2239 434 2271 p.
454 2229 614 2262 175¹⁹·³‘1·
635 2229 690 2263 ed.
714 2241 749 2264 n.
776 2240 879 2272 „non
905 2230 968 2263 ‘ab
992 2229 1256 2264 universitate'
1280 2230 1345 2264 sed
1371 2233 1409 2265 ‘a
1431 2230 1610 2265 facultate
1634 2231 1864 2275 theologica'

235 2283 273 2317 et
295 2294 371 2317 non
398 2284 687 2319 ‘universitatis’
714 2285 779 2320 sed
806 2286 1067 2320 ‘facultatis'.“

182 2339 478 2384 providissimus]
516 2340 575 2375 Ita
608 2341 770 2387 ‘legatus
806 2342 1104 2387 providissimus'
1137 2343 1215 2387 ipse
1254 2343 1299 2377 de
1337 2354 1374 2377 se
1406 2343 1668 2378 Theodoricus.
1717 2343 1761 2377 cf.
1785 2343 1863 2377 Ind.

231 2395 350 2440 biogr.
369 2396 429 2430 cit.
447 2397 513 2431 art.
533 2396 674 2432 Gauda.

142 2455 162 2486 3
194 2450 475 2497 Warmsemmel]
502 2452 555 2487 Cf.
572 2453 651 2488 Ind.
670 2455 787 2500 biogr.
805 2467 840 2500 p.
859 2459 934 2490 499.
952 2455 986 2489 h.
1005 2456 1072 2490 art.

188 2507 442 2553 lansmaunus]
468 2509 519 2543 Ut
542 2509 808 2553 lantskuecliti,
836 2512 1071 2554 kaufmanni,
1099 2512 1254 2555 reuteri,
1283 2513 1321 2547 et
1344 2513 1488 2546 similia.

187 2562 357 2608 Scotzsssta]
384 2564 428 2598 cf.
446 2564 524 2599 Ind.
543 2566 661 2611 biogr.
680 2579 714 2611 p.
733 2571 807 2601 466.
827 2569 893 2601 art.
914 2567 1053 2602 Scotus.
1073 2569 1110 2602 et
1134 2568 1231 2602 infra
1256 2569 1303 2602 ad
1328 2581 1363 2612 p.
1383 2573 1457 2603 208.
1474 2578 1571 2603 v.13·1.

141 2623 163 2653 4
187 2619 359 2664 mayister
385 2624 426 2654 18
451 2623 593 2666 annon]
619 2623 642 2656 i.
662 2634 691 2657 e.
711 2625 797 2658 ante
822 2637 911 2658 xv111
938 2635 1052 2657 annos
1077 2624 1255 2668 magister
1280 2624 1409 2659 factus.
1459 2625 1502 2659 cf.
1521 2637 1556 2669 p.
1576 2626 1687 2659 258¹&
1706 2628 1797 2660 242².

187 2678 342 2718 tempore
366 2677 442 2720 suo]
468 2686 512 2712 220
536 2679 655 2713 seiner
680 2680 774 2721 Zez't,
800 2690 884 2713 cum
909 2679 1093 2713 studiosus
1120 2680 1226 2714 esset.

142 2734 162 2765 5
186 2731 362 2775 reie'cesstnrs]
381 2748 424 2760 =
441 2733 616 2776 reiectus,
645 2736 880 2779 abyewiesen,
907 2736 1199 2780 (lurchyefallen,
1223 2747 1296 2770 non
1321 2736 1499 2781 magister
1523 2738 1769 2773 renuntiatus.
1818 2740 1863 2775 cf.

232 2788 407 2821 276²¹·S‘³·.
426 2792 490 2823 277
500 2792 523 2823 ⁵.
546 2790 626 2834 pati
650 2791 864 2825 reiicionem
889 2803 923 2835 p.
944 2795 1007 2826 277
1022 2793 1054 2825 ’⁰.

185 2844 395 2888 impeditus]
428 2844 450 2882 i,
475 2855 505 2878 e.
530 2846 761 2880 examinibus
792 2859 825 2891 q.
852 2860 883 2881 v.
908 2848 1092 2891 prioribus
1122 2848 1219 2882 male
1252 2849 1435 2893 superatis
1465 2860 1539 2884 non
1571 2850 1766 2893 admissus,
1803 2861 1863 2885 zu-

230 2899 466 2944 ruoz-yestellt.
507 2901 551 2936 cf.
569 2902 616 2935 ad
640 2914 675 2946 p.
695 2906 758 2937 277
772 2904 807 2937 ¹⁰.

185 2956 295 3000 stetit]
321 2956 343 2990 i.
362 2967 392 2991 e.
410 2957 562 2991 studens
587 2970 612 2992 s.
630 2958 894 2993 baccalaureus
918 2961 1140 3005 permansit,
1167 2972 1240 2995 non
1264 2961 1417 2996 recessit
1442 2963 1486 2996 ab
1512 2962 1768 2998 universitate.
1810 2963 1861 2998 Cf.

233 3012 345 3047 ‘stare
371 3012 409 3046 in
433 3014 555 3058 bursa,
582 3014 619 3048 in
645 3015 900 3059 universitate,
927 3015 1115 3060 Bononiae,
1144 3016 1324 3053 Coloniae'
1353 3018 1390 3053 et
1414 3018 1559 3053 similia.
