2119 3522
710 237 947 260 PIRCKHEIMER
972 252 979 259 ·
1005 237 1130 260 PONTII.
1679 218 1774 262 443

62 351 237 398 fecerit⁵,
272 366 353 390 non
385 353 514 390 solum
546 366 622 390 ex.
648 382 654 389 .
678 353 890 403 utriusque
923 352 1103 403 epistolis
1125 357 1304 402 apparet,
1338 351 1409 389 sed
1432 357 1471 389 et
1492 351 1773 402 pulcherrima,

62 421 182 458 quam
213 422 284 458 pro
316 409 403 459 ipso
436 409 577 454 emisit⁷
612 406 822 458 apologia6
855 408 1124 446 ostendit...
1183 408 1328 458 Neque
1359 407 1492 445 verbis
1524 408 1672 454 solum,
1706 407 1778 445 sed

61 470 100 502 et
140 464 258 501 rebus
297 465 523 502 Reuchlino
563 465 704 514 inopia
743 465 784 501 in
825 465 944 501 exilio
984 464 1204 514 praesertim
1240 463 1442 501 laboranti
1481 469 1519 501 et
1561 464 1779 502 amicorum

63 533 178 570 opem
209 521 442 570 imploranti
473 518 696 557 subvenit⁷.
757 520 930 570 Magnus
972 526 1105 557 autem
1137 520 1327 558 Erasmus
1358 519 1564 557 Bilibaldo
1597 520 1639 557 id
1670 519 1779 569 quod

63 575 249 614 Ciceroni
287 576 447 614 Atticus
486 576 691 626 quondam
732 576 826 622 fuit,
869 577 1049 614 extitisse
1086 576 1356 614 Rittershusio
1395 576 1503 613 visus
1544 581 1616 614 est.
1678 574 1778 624 Quae

63 645 181 682 porro
215 632 344 669 eidem
377 645 465 669 cum
497 631 623 678 Celte,
659 630 930 682 Cuspiniano,
966 631 1192 677 Glareano,
1225 631 1330 669 Iulio
1360 631 1497 681 Pflug,
1533 631 1776 677 Camerario,

60 688 180 725 Petro
213 688 456 733 Mosellam,
492 688 609 725 Zasio
643 688 813 738 aliisque
846 688 972 725 doctis
1004 689 1097 724 viris
1132 684 1189 737 [ut
1219 688 1412 737 Baptistae
1439 688 1638 737 EgnatiO,
1671 687 1777 724 Trit-

60 744 213 790 hemio,
248 744 589 794 WVimphelingio,
622 744 882 793 Peutingero,
915 743 1128 789 Rhenano,
1161 743 1381 789 Nuenario,
1413 743 1610 790 Hutteno,
1644 748 1683 780 ct
1714 743 1778 781 cui

60 806 143 837 tum
174 800 326 849 insigni
356 801 442 837 viro
475 797 601 850 non‘?]
635 799 908 837 intercesserit
947 799 1139 844 amicitia,
1182 798 1345 836 abunde
1377 799 1655 836 demonstrant
1695 799 1776 849 epi-

60 856 172 893 stolae
197 887 204 893 .
229 884 237 892 .
265 857 308 893 .“
367 855 593 893 Audiamus
634 855 800 893 tandem
836 855 1035 892 Ioannem
1074 854 1407 901 Piemontanum,
1455 855 1496 891 in
1543 856 1653 892 cuius
1690 854 1777 892 MS.

61 912 254 949 Auctario
286 925 381 949 scrr.
406 912 502 949 eccl.
527 911 596 949 fol.
622 911 733 950 140³.
755 911 949 961 leguntur
978 910 1084 947 haec:

62 988 282 1020 Wilibaldus
309 988 593 1020 birckammerus
619 987 765 1019 natione
791 987 1003 1019 alemannus
1033 986 1155 1029 patria
1186 987 1493 1028 norimbergensis
1519 987 1573 1018 vir
1598 986 1779 1018 studiosus

63 1044 251 1076 admodum
279 1048 314 1076 et
339 1043 528 1085 eleganter
554 1043 714 1075 eruditus
741 1043 975 1085 philosophus
1003 1046 1039 1075 et
1064 1046 1168 1074 vates
1193 1052 1264 1074 non
1285 1042 1487 1084 spernende
1506 1043 1694 1083 vti-iusque
1712 1042 1780 1073 lin—

62 1111 131 1141 gue
156 1100 270 1132 latine
296 1100 439 1132 scilicet
464 1103 499 1132 et
525 1110 633 1142 grece
660 1099 794 1141 peritus
819 1100 967 1141 ingenio
986 1098 1131 1130 subtilis
1151 1101 1186 1129 et
1203 1108 1366 1131 sermone
1386 1098 1523 1130 clarus:
1551 1099 1642 1130 ciuis
1662 1099 1781 1139 patrie

61 1167 125 1187 sue
152 1159 225 1188 tum
252 1156 415 1188 doctriua
440 1159 514 1186 tum
540 1156 734 1187 honestate
760 1156 889 1196 ingens
915 1155 1026 1186 decus
1053 1155 1250 1197 Scripsisse
1278 1155 1411 1186 dicitur
1433 1155 1602 1196 preclara
1628 1155 1781 1195 quedam

59 1213 97 1243 in
123 1216 276 1253 vtraque
304 1213 429 1253 lingua
455 1222 526 1244 non
552 1211 758 1252 abijciende
784 1211 951 1242 lectionis
970 1211 1147 1252 opuscula
1166 1211 1295 1252 quibus
1312 1220 1441 1242 nomen
1461 1221 1561 1242 suum
1581 1221 1660 1242 cum
1676 1210 1782 1242 laude

62 1268 106 1299 ad
138 1268 364 1309 posteritatis
398 1267 570 1299 noticiam
602 1267 803 1298 transmisit
834 1266 877 1298 de
910 1267 1039 1308 quibus
1070 1267 1256 1308 hucusque
1288 1266 1401 1298 nichil
1428 1267 1473 1298 ad
1500 1267 1675 1299 noticiam
1701 1277 1781 1298 mee

61 1323 228 1355 lectionis
260 1324 429 1365 peruenit
459 1326 583 1364 preter
612 1333 718 1364 quam
745 1333 891 1363 grecum
917 1326 952 1354 et
978 1322 1132 1354 latinum
1159 1323 1236 1354 eius
1262 1322 1548 1364 epigrammaton
1574 1323 1611 1353 in
1636 1322 1780 1354 laudem

61 1379 268 1411 doctissime
301 1378 468 1411 monialis
501 1378 600 1410 illius
633 1377 864 1418 (roswitham
894 1378 1041 1420 loquor)
1075 1379 1312 1420 compositum
1348 1382 1384 1410 et
1414 1378 1520 1411 credo
1553 1389 1632 1411 eum
1664 1378 1782 1410 adhuc

58 1432 220 1477 [vivere]
250 1435 361 1468 habet
386 1435 445 1466 hic
473 1434 669 1474 eruditam,
704 1438 740 1466 et
772 1434 932 1466 eiusdem
958 1444 1049 1476 pene
1080 1434 1281 1466 facultatis.
1320 1432 1524 1476 [sororem]
1550 1434 1593 1466 de
1624 1444 1694 1476 qua
1718 1434 1780 1465 ha-

6 1492 15 1499 ”’
61 1491 125 1523 bes
150 1492 187 1523 in
212 1491 337 1524 vltimo
363 1491 455 1523 libro
481 1501 560 1523 meo
586 1490 629 1522 de
655 1491 858 1532 ingeniosis
885 1490 1110 1522 mulieribus.

152 1558 186 1599 5)
206 1559 307 1590 Inter
330 1558 600 1590 Reuchlinistas
623 1558 676 1589 sic
700 1558 898 1600 inscriptus
923 1560 995 1589 est:
1029 1557 1265 1596 „Bilibaldus
1286 1557 1490 1589 Pirkaimer
1512 1557 1782 1599 Norinbergen-

153 1615 202 1646 sis
220 1624 366 1646 summae
385 1614 559 1646 doctrinae
577 1613 672 1648 vir“.
722 1615 827 1647 Hutt.
847 1614 938 1656 Opp.
954 1614 981 1647 Ι.
1000 1624 1034 1655 p.
1052 1615 1113 1645 131
1126 1612 1162 1645 ¹².
1258 1614 1291 1653 6)
1311 1615 1416 1649 Hutt,
1430 1614 1522 1656 Opp.
1540 1614 1569 1645 I.
1589 1619 1639 1647 n0,
1652 1624 1780 1645 LXIIII.

151 1681 184 1712 p.
206 1672 393 1706 151...153.
435 1670 481 1702 cf.
501 1670 632 1712 Consp.
653 1670 811 1703 chronol.
833 1670 878 1701 ad
902 1669 934 1701 (1.
953 1671 984 1701 2.
1004 1669 1085 1701 Oct.
1106 1670 1203 1704 1517.
1221 1679 1331 1711 supra
1355 1681 1388 1712 p.
1408 1671 1482 1701 144.
1587 1669 1619 1709 7)
1641 1669 1686 1704 ef.
1706 1670 1781 1710 epi-

152 1725 265 1757 stolas
289 1726 325 1757 in
343 1726 489 1758 Pirckh.
508 1726 600 1767 Opp.
620 1726 673 1757 ed.
694 1726 749 1757 Ff.
772 1727 869 1758 1610.
894 1725 959 1760 fol.
983 1731 1035 1757 n0.
1054 1736 1121 1759 XII.
1141 1736 1232 1758 xvn.
1250 1737 1333 1768 pag.
1351 1727 1426 1758 260.
1445 1727 1520 1758 263.
1572 1725 1628 1757 Cf.
1648 1725 1780 1766 Consp.

153 1782 308 1814 chronol.
330 1782 375 1814 ad
385 1782 426 1826 .d·
444 1784 495 1816 18.
510 1782 618 1817 Febr,
638 1792 669 1813 a.
686 1783 784 1814 1519.
805 1784 841 1813 et
859 1781 905 1813 ad
923 1782 954 1813 (1.
971 1784 1000 1814 3.
1022 1785 1058 1814 et
1078 1784 1129 1815 19.
1144 1782 1252 1816 Febr.
1271 1793 1303 1813 a.
1322 1783 1418 1815 1520.
1438 1792 1547 1824 supra
1565 1793 1598 1823 p.
1617 1782 1692 1816 146.
1708 1783 1781 1814 150.

61 1882 221 1912 PONTII
248 1874 395 1912 Modus
428 1873 675 1925 epistolandi
705 1871 755 1923 (p.
774 1878 838 1908 238
851 1871 912 1922 16),
947 1874 1083 1911 nescio
1116 1874 1228 1911 cuius
1260 1871 1486 1924 scriptoris¹
1517 1873 1696 1919 libellus,
1730 1873 1779 1910 ab

62 1930 237 1968 Hainio²
268 1931 485 1968 indicatur.
510 1931 622 1968 cuius
653 1930 796 1967 farinae
829 1930 950 1968 etiam
980 1930 1045 1967 hic
1076 1930 1218 1967 modus
1241 1930 1486 1980 epistolandi
1517 1930 1652 1978 fuerit,
1684 1930 1780 1967 satis

62 1985 242 2024 Bebelii¹3
274 1987 398 2024 Verba
431 1987 578 2024 docent
608 1987 711 2024 haec:
753 1986 981 2036 „Legimus
1014 1987 1120 2023 enim
1160 2000 1291 2036 nuper
1321 1986 1517 2036 quosdam
1547 1986 1686 2023 modos
1721 1985 1782 2034 (ut

62 2044 139 2093 ipsi
162 2042 317 2093 dieunt)
351 2043 609 2093 epistolandi,
642 2042 761 2079 Pauli
781 2042 981 2088 lescherii,
1015 2042 1182 2080 Ioannis
1204 2042 1374 2089 boridae,
1398 2042 1536 2080 Pontii
1558 2041 1778 2087 cuiusdam,

64 2106 102 2136 et
123 2097 339 2145 Menellii⁴,
375 2114 397 2137 a
429 2113 598 2149 quorum
622 2098 805 2136 doctrina
837 2099 938 2136 adeo
961 2098 1170 2144 abhorreo,
1203 2104 1247 2136 ut
1276 2098 1377 2135 nihil
1398 2099 1525 2149 magis
1558 2099 1781 2135 existimem

62 2154 387 2193 adolescentibus
419 2169 577 2201 nocere,
611 2152 731 2205 quam
761 2155 904 2192 horum
931 2156 1237 2205 praeceptiones⁷
1271 2168 1359 2192 cum
1380 2155 1552 2192 maxime
1584 2154 1782 2192 inhaerere

63 2211 222 2250 soleant
253 2218 292 2248 et
322 2225 427 2262 pene
465 2211 705 2249 indelebilia
737 2224 823 2248 esse
856 2225 944 2262 quae
982 2212 1023 2248 in
1055 2218 1196 2249 tenera
1235 2217 1351 2249 aetate
1386 2211 1595 2249 discuntur
1620 2241 1627 2247 .
1653 2211 1711 2247 .“.
1745 2216 1784 2248 et

62 2266 210 2305 idem5:
244 2267 433 2318 „Scripsi
465 2268 588 2317 igitur
610 2272 749 2305 contra
770 2267 959 2318 vulgares
982 2267 1177 2318 quosdam
1198 2267 1338 2305 modos
1363 2265 1423 2316 (ut
1444 2268 1521 2318 ipsi
1541 2265 1779 2318 loquuntur)

63 2324 309 2374 epistolandi
341 2324 565 2371 cuiusdam,
601 2324 737 2374 quise
769 2323 959 2361 Pontium
990 2325 1214 2374 inscripsit,
1259 2330 1297 2361 et
1328 2324 1497 2361 aliorum
1528 2323 1784 2374 quorundam

62 2380 403 2418 hallucinationes
436 2380 538 2418 adeo
569 2380 744 2430 vulgatae
776 2386 880 2426 sunt,
917 2386 955 2417 et
986 2386 1099 2419 tanto
1122 2381 1165 2417 in
1197 2381 1332 2430 precio
1354 2380 1503 2418 habitae
1535 2380 1645 2431 apud
1666 2392 1781 2430 quos-

64 2436 156 2474 dam
186 2437 402 2487 germaniae
432 2437 670 2482 literatores,
704 2442 747 2473 ut
779 2450 861 2474 non
892 2436 1079 2474 dubitent
1109 2436 1275 2487 quidam
1305 2436 1357 2474 ad
1388 2437 1547 2474 illarum
1579 2436 1785 2486 exemplar

63 2506 170 2530 nova
200 2492 385 2543 quaedam
419 2493 686 2531 deliramenta
718 2493 866 2530 cudere
891 2524 897 2531 .
925 2524 932 2532 .
954 2494 991 2530 .“
1013 2491 1137 2530 tum⁶t
1171 2493 1389 2539 „Retorica
1419 2493 1558 2530 Pontii
1589 2492 1655 2530 vel
1686 2492 1782 2529 alte-

63 2549 144 2585 rius
177 2550 460 2598 grammatistae
491 2550 560 2600 qui
591 2562 632 2586 se
665 2549 740 2586 hoc
772 2550 935 2587 nomine
966 2549 1172 2599 inscripsit
1196 2580 1203 2586 .
1229 2550 1278 2595 .“,
1312 2549 1530 2595 „Pontius:
1565 2547 1680 2586 Circa
1702 2561 1782 2584 mo-

66 2604 159 2642 dum
183 2604 363 2642 dictandi
388 2636 394 2642 .
416 2606 452 2643 .“
476 2611 514 2643 et
536 2605 721 2642 similiter
741 2618 871 2656 usque.
893 2605 945 2643 ad
967 2619 1058 2656 pag.
1081 2602 1155 2643 va
1176 2606 1463 2655 perstringitur
1483 2605 1665 2649 Pontius,
1700 2609 1784 2640 tum

64 2660 216 2698 Paulus
246 2660 485 2699 Lescherius
527 2667 565 2699 et
602 2661 779 2699 Ioannes
810 2661 964 2699 Borida
1004 2662 1053 2699 de
1084 2661 1313 2712 Aquilegia.
1375 2661 1440 2698 De
1476 2660 1620 2698 iisdem
1656 2659 1783 2697 tribus

156 2840 187 2879 1)
214 2850 259 2871 an
283 2839 499 2870 Briieknerz‘?
523 2848 603 2869 nam
631 2849 674 2870 ex
700 2839 751 2870 eis
775 2839 933 2877 Pontiis,
966 2848 1056 2879 quos
1079 2838 1273 2870 Fabricius
1298 2838 1554 2880 Ioecherusque
1580 2842 1782 2876 recensent,

154 2895 272 2926 nullus
299 2895 345 2926 ad
371 2895 485 2926 locum
511 2898 669 2926 nostrum
696 2895 879 2936 pertinere
904 2894 1057 2928 videtur.
1197 2896 1230 2933 2)
1257 2895 1451 2936 Repertor..
1465 2899 1514 2926 11⁰.
1534 2895 1653 2929 15459.
1678 2894 1783 2926 ‘Pre-

154 2952 401 2983 stantissimus
435 2951 655 2993 epistolandi
686 2950 827 2982 modus‘
860 2961 886 2982 s.
911 2951 934 2982 l.
960 2953 996 2982 et
1026 2961 1058 2982 a.
1088 2949 1134 2981 40.
1191 2949 1246 2981 Cf.
1272 2951 1382 2983 etiam
1412 2961 1521 2992 supra
1551 2953 1621 2982 art.
1644 2950 1783 2981 Niavis.

154 3007 188 3047 3)
209 3007 342 3039 Comm.
362 3007 547 3049 epistolar.
569 3006 823 3039 conficiendar.
849 3006 976 3038 Phorc.
997 3008 1093 3039 1510.
1117 3005 1163 3041 4⁰.
1190 3006 1251 3040 fol.
1273 3005 1324 3038 1¹¹.
1416 3007 1450 3047 4)
1468 3007 1490 3040 i.
1513 3018 1543 3039 e.
1562 3006 1784 3040 Manneken.

157 3064 203 3097 cf.
221 3074 330 3106 supra
350 3068 415 3096 art.
436 3062 569 3095 Caroli.
669 3062 703 3105 5)
723 3063 746 3094 l.
767 3073 800 3095 c.
816 3073 850 3105 p,
868 3073 906 3094 VI
917 3061 945 3094 b.
1044 3061 1078 3102 6)
1098 3073 1131 3104 p.
1150 3067 1237 3093 vua.
