2119 3522
179 212 251 234 EPP.
265 210 306 234 24.
321 210 363 235 25.
388 211 519 235 PAVLVS
535 212 837 235 DAVBENGIGELIVS
854 213 1012 235 ORTVINO.
1030 225 1073 229 —
1089 213 1236 235 PHILIPP.
1254 213 1456 235 SCVLPTORIS
1473 213 1629 235 ORTVINO.
1735 194 1831 238 575

120 269 207 311 Pag.
223 268 288 306 37.
1243 271 1328 311 Pag.
1343 272 1396 302 37.
1416 282 1443 302 v.
1459 277 1491 302 18
1508 296 1514 301 .
1531 296 1537 301 .
1553 295 1559 301 .
1578 270 1664 310 Pag.
1678 271 1730 301 38.
1745 281 1776 301 v.
1790 277 1830 301 13.

209 323 311 357 modi
334 323 480 357 libellos
505 324 717 369 corrigeret,
743 324 869 368 lepide
895 335 979 358 611111
1004 324 1073 358 hac
1097 325 1279 369 petitione
1296 324 1509 358 ludificatur
1534 334 1642 357 verus
1666 323 1832 367 epistolae

212 380 351 421 auctor,
378 390 489 423 quem
515 379 667 413 Crotum
693 390 770 413 esse
795 381 935 424 opinor.

118 437 162 468 25
189 434 360 469 Raecium
381 463 387 468 .
407 462 414 468 .
433 463 440 468 .
457 435 590 478 sancti]
618 435 669 469 Cf.
688 435 766 469 Ind.
784 436 900 480 biogr.
919 448 954 480 p.
973 440 1048 471 315.
1067 437 1134 471 art.
1152 436 1340 470 Boethius.

373 568 607 602 EPISTOLA
635 571 697 607 25.
738 569 994 605 PHILIPPVS
1020 569 1312 604 SCVLPTORIS
1339 569 1568 604 ORTVINO.

117 663 160 693 30
185 657 399 702 Sculptoris‚
419 658 502 692 fort.
520 658 644 693 Germ.
661 659 855 693 Steinmetz
871 672 896 692 s.
911 659 1139 694 Steinhauer.
1177 659 1380 703 Epistolam
1398 659 1530 703 Lipsiae
1548 660 1722 703 scriptam
1741 660 1830 704 fingi

207 715 345 758 putem.
379 714 422 748 cf.
441 714 539 748 infra
562 714 606 748 Π.
626 726 682 759 ep.
701 719 780 749 58..

117 774 159 804 33
183 770 377 813 ribalclria]
404 768 559 804 soc'ietas
584 782 609 804 3.
628 770 826 815 collegium
852 782 878 803 3.
896 771 985 804 ordo
1003 771 1244 805 ribaldorum.
1271 771 1314 804 cf.
1334 771 1380 805 ad
1398 773 1461 805 5¹⁰.
1499 771 1722 814 „ltibald-ia,
1749 772 1828 813 —ria‚

206 825 314 867 -eria,
346 825 406 858 hd.
425 826 519 868 bub-,
544 826 646 867 bieb„
671 826 765 867 bob-‚
795 826 855 859 nd.
874 827 1043 869 bor-erle,
1076 827 1137 860 hd.
1155 827 1250 868 bul»,
1275 827 1395 868 buben,
1414 827 1542 869 pube„
1564 828 1757 871 puffe-o·ey.
1776 838 1830 871 ye-

205 880 419 922 buerschaft.
437 881 688 915 schalckheit.“
735 881 904 915 Diefenb.
925 881 1083 916 Glossar.
1100 882 1134 915 h.
1154 895 1187 917 v.

115 941 158 971 34
181 938 222 980 fit
246 937 456 981 communis]
483 937 672 979 excrescit,
698 937 844 982 longius
869 939 996 982 serpit.

115 997 157 1027 35
181 996 336 1035 tempore
359 994 446 1037 meo]
472 1004 556 1027 eum
582 1004 652 1038 ego
672 993 924 1037 >(Vindobonee
949 994 992 1028 cf.
1012 998 1054 1029 38
1065 996 1108 1038 ²⁹)
1134 994 1318 1028 studiosus
1344 1005 1454 1028 eram.

158 1048 318 1093 Scmmel]
346 1048 398 1083 Cf.
416 1048 494 1082 Iud.
512 1049 630 1094 biogr.
648 1061 684 1093 p.
702 1053 779 1084 463.
798 1051 864 1083 art.
884 1049 1044 1084 Samuel.

115 1109 157 1140 36
182 1105 223 1138 111
248 1105 320 1138 ista
345 1105 424 1149 ciza]
452 1104 623 1147 Coloniae,
650 1106 714 1139 ubi
741 1105 916 1139 Ortvinus
941 1106 1109 1140 habitat?

158 1161 245 1194 bene
267 1161 351 1204 riq]
377 1162 512 1204 yewz'ss,
535 1162 750 1205 weniystens
774 1165 827 1195 20.
854 1161 905 1196 Cf.
925 1162 972 1196 ad
997 1164 1087 1196 37¹⁷.

112 1219 198 1261 Pag.
218 1217 283 1253 38.
772 1239 786 1242 e

114 1276 131 1306 1
157 1273 335 1317 antiquis]
361 1273 383 1306 i.
403 1283 432 1306 e.
450 1284 523 1306 non
548 1273 804 1316 nominalistis,
831 1274 894 1307 sed
921 1274 984 1318 qui
1009 1274 1189 1318 spernunt
1211 1284 1330 1324 novos
1351 1275 1496 1318 poetas,
1522 1275 1758 1310 humanistas,

156 1329 306 1363 realiter
330 1330 422 1372 emp]
450 1329 493 1362 cf.
511 1329 557 1363 ad
584 1331 654 1364 102.

112 1390 132 1420 3
156 1385 246 1419 (loct.
263 1386 304 1429 s.]
330 1385 510 1419 Thomam
535 1385 772 1429 Aquinatem.
822 1385 874 1419 Cf.
893 1386 971 1420 Ind.
990 1386 1107 1430 biogr.
1125 1398 1160 1430 p.
1178 1390 1254 1420 483.
1272 1398 1324 1430 sq.
1343 1387 1376 1419 h.
1395 1388 1462 1420 art.

110 1445 132 1474 4
156 1441 386 1485 invectivam]
412 1442 503 1484 puto
528 1452 601 1475 11011
625 1442 725 1485 typis
751 1453 972 1487 expressam.

112 1502 132 1531 6
151 1497 371 1541 practicarzri]
398 1497 442 1530 cf.
462 1498 508 1530 ad
537 1501 578 1531 10
588 1499 624 1530 3⁵.
644 1499 683 1531 et
707 1498 784 1532 Ind.
804 1499 921 1543 biogr.
939 1510 974 1542 p.
993 1502 1067 1532 279.
1087 1510 1164 1541 sqq.
1183 1499 1249 1531 art.
1269 1498 1489 1531 Alexander.

112 1557 130 1586 7
154 1553 247 1586 mod.
265 1554 370 1597 31911]
398 1554 441 1587 cf.
458 1553 547 1587 ibid.
566 1565 601 1597 p.
619 1557 695 1587 421.
713 1556 780 1588 art.
798 1554 930 1588 Modus
955 1554 1109 1597 signific.

154 1609 371 1654 formaliter]
397 1609 441 1643 cf.
460 1610 506 1643 ad
534 1611 621 1643 18¹⁷.

110 1669 130 1700 8
155 1675 274 1699 01111168
296 1666 557 1709 vocabum-ios]
583 1665 782 1700 Maximam
808 1668 955 1711 partem
980 1666 1182 1700 secundum
1209 1666 1356 1700 Ioannis
1382 1667 1427 1700 de
1459 1667 1575 1701 Ianua
1599 1668 1825 1703 Catholicon.

110 1725 130 1755 9
155 1722 368 1766 autenticos]
394 1721 416 1755 i.
436 1733 466 1756 e.
485 1732 547 1755 eos
571 1722 634 1766 qui
660 1723 697 1755 in
723 1733 903 1757 canonem
928 1723 1187 1757 scholasticum
1213 1723 1355 1767 recepti
1380 1723 1622 1758 habebantur.

113 1781 153 1812 10
177 1776 295 1822 Seria]
323 1777 499 1811 Catholic.
518 1778 551 1811 h.
570 1790 603 1812 v.
628 1778 764 1821 „Seria
787 1791 808 1813 a
832 1780 946 1823 syria,
978 1779 1049 1824 rie,
1082 1778 1219 1812 dicitur
1242 1779 1319 1813 haec
1344 1779 1456 1821 seria⁷
1483 1780 1553 1825 rie,
1581 1780 1602 1813 i.
1621 1781 1696 1814 olla
1721 1793 1825 1825 quael

202 1834 316 1877 syria:
348 1834 437 1878 quia
467 1834 517 1867 ibi
549 1834 668 1879 primo
694 1835 794 1869 facta
818 1837 883 1869 est.
908 1835 967 1869 vel
999 1834 1135 1868 dicitur
1165 1835 1215 1868 sic
1248 1846 1269 1868 a
1298 1835 1418 1877 seriis,
1452 1836 1540 1879 quia
1570 1836 1670 1869 utilis
1702 1839 1758 1871 est
1788 1840 1826 1871 et

198 1890 415 1924 necessaria.
434 1891 494 1924 vel
511 1901 532 1924 a
551 1891 656 1933 serie,
683 1891 782 1935 quod
800 1891 927 1925 ordine
946 1891 998 1924 fit.
1023 1890 1113 1935 Reg.
1132 1891 1175 1925 V.
1196 1891 1270 1934 [sic.
1288 1891 1352 1925 sed
1369 1891 1405 1924 in
1425 1891 1548 1925 bibliis
1566 1892 1647 1926 01]ae
1673 1894 1824 1936 quidem

199 1946 264 1980 sed
288 1957 361 1980 non
387 1946 490 1981 seriae
514 1947 700 1991 leguntur.
733 1947 880 1981 Terent.
899 1947 1033 1980 Heaut.
1050 1946 1114 1980 ΙΙΙ.
1134 1951 1163 1988 1,
1182 1950 1234 1981 51.
1252 1946 1366 1979 habet
1392 1946 1539 1980 ‘Relevi
1564 1947 1665 1982 dolia
1689 1950 1822 1991 onmia,

199 2013 327 2036 onmes
351 2002 481 2036 serias’
508 2014 620 2046 quem
644 2002 854 2037 Priscianus
878 2003 1046 2047 repetiit,
1074 2014 1117 2036 ex
1144 2013 1216 2046 quo
1242 2002 1291 2036 10.
1310 2002 1355 2035 (16
1382 2002 1519 2047 lanua]
1545 2003 1676 2038 Relevi
1701 2006 1825 2039 omnia

200 2058 300 2092 dolia
323 2070 423 2102 mea,
457 2060 495 2092 et
519 2070 646 2092 omnes
676 2059 789 2092 serias
814 2070 925 2092 ineas.
942 2058 1041 2092 unde
1067 2058 1143 2092 haec
1175 2058 1325 2100 seriola,
1352 2058 1398 2104 16,
1425 2059 1524 2092 dimi.
1572 2059 1734 2094 Persius:
1762 2061 1824 2095 Se—

199 2114 292 2160 11016
318 2116 488 2149 veterum
514 2116 683 2149 metuens
709 2115 860 2149 eradere
885 2115 1053 2148 limuni.“
1108 2114 1156 2147 Et
1180 2114 1338 2148 Gemma
1361 2126 1395 2158 g.
1421 2115 1556 2157 „Seria
1579 2115 1602 2149 i.
1620 2115 1694 2149 olla
1719 2117 1823 2160 quasi

199 2170 314 2214 syria,
346 2171 406 2204 ein
435 2172 573 2215 [semein
602 2182 667 2205 vas
697 2172 784 2206 oder
812 2171 960 2214 hasenf‘
1008 2170 1160 2213 „Series
1184 2170 1206 2203 i.
1225 2170 1331 2213 ordo⁷
1364 2172 1487 2213 tenor,
1519 2171 1709 2216 ordenmzy
1738 2173 1825 2206 oder

197 2226 446 2271 schickmzyef‘

110 2287 151 2317 12
170 2283 336 2327 patritii]
362 2282 538 2318 Catholic.
557 2283 770 2326 „Patricius
789 2295 810 2317 a
825 2285 931 2328 patre
950 2283 1086 2317 dicitur
1103 2283 1179 2317 sive
1198 2283 1389 2318 derivatur
1405 2283 1593 2327 patricius,
1620 2284 1687 2326 cia⁷
1714 2284 1822 2326 cium,

198 2340 220 2373 i.
238 2338 372 2372 nobilis
397 2340 436 2373 et
460 2339 505 2373 (16
531 2350 667 2384 genere
693 2342 841 2384 patrum
867 2341 986 2374 natus.
1005 2339 1064 2373 vel
1090 2340 1237 2383 patricii
1255 2340 1428 2373 dicuntur
1444 2339 1508 2383 qui
1532 2339 1733 2383 provident
1756 2341 1824 2374 rei-

197 2395 363 2440 publice,
389 2395 485 2428 sicut
508 2396 615 2439 pater
639 2395 732 2439 filio,
760 2398 798 2430 et
822 2396 1021 2440 corripitur
1045 2396 1057 2428 i
1083 2397 1168 2429 ante
1195 2407 1231 2438 c⁷
1264 2397 1302 2430 et
1325 2395 1506 2429 formatur
1530 2406 1552 2428 a
1575 2396 1673 2439 patri
1699 2396 1824 2430 dativo

197 2450 326 2485 addita
349 2451 462 2484 cius“.
502 2450 660 2486 Gemma
682 2464 716 2497 g.
743 2451 967 2495 „Patricius‚
987 2463 1018 2494 a,
1037 2464 1111 2494 um,
1138 2451 1273 2485 nobilis
1298 2451 1343 2485 de
1369 2462 1506 2496 genere
1531 2453 1679 2495 patruni
1705 2452 1823 2485 natus.

196 2506 295 2540 unde
321 2509 533 2540 senatorum
560 2507 627 2540 filii
652 2508 873 2542 dicebantur
897 2508 1081 2552 patricii.“

109 2567 150 2598 13
175 2563 316 2607 currus]
350 2562 456 2596 Unde
482 2563 551 2596 hoc
576 2564 639 2605 sit,
673 2575 747 2598 non
772 2564 909 2598 inveni.
930 2564 1124 2598 ‘interiora
1153 2564 1200 2598 ad
1232 2565 1352 2597 extra'
1377 2564 1468 2607 puto
1499 2563 1707 2607 significare
1740 2564 1824 2597 ‘clas

196 2618 428 2652 imeindische
450 2619 545 2653 uach
569 2621 733 2662 aussefn’:
757 2620 799 2652 In
825 2619 992 2653 curribus
1018 2620 1228 2653 evehuntur
1252 2620 1457 2653 domestica
1481 2620 1607 2653 nostra
1630 2621 1821 2654 mercimo-

197 2675 259 2707 nia
289 2674 337 2707 ad
368 2676 523 2708 exteros
571 2675 613 2708 In
645 2675 893 2709 Vocabulario
925 2675 991 2709 31.
1011 2676 1050 2709 et
1072 2687 1103 2709 a.
1121 2676 1159 2709 in
1189 2676 1251 2710 fol.
1268 2676 1470 2720 incipiente
1504 2676 1709 2720 ‘Registrfi’
1743 2687 1821 2720 cap.

197 2729 252 2764 De
277 2730 488 2764 nominibus
506 2758 513 2764 .
532 2758 539 2764 .
559 2758 565 2764 .
584 2731 631 2764 ad
657 2742 781 2765 curros
807 2733 845 2765 et
869 2731 1067 2776 quadrigas
1093 2733 1164 2765 est:
1196 2731 1372 2774 „Curi-us,
1399 2743 1492 2776 wag,
1518 2731 1745 2776 generaliter
1769 2732 1822 2765 di—

197 2786 292 2820 citur
309 2796 417 2819 omne
436 2786 648 2820 vehiculum
670 2787 771 2831 quod
794 2798 862 2831 per
885 2788 984 2822 rotas
1001 2788 1164 2822 volvitur
1188 2789 1226 2821 et
1249 2788 1422 2822 mouetur
1446 2787 1493 2821 Et
1509 2787 1645 2822 dicitur
1669 2799 1692 2822 a
1715 2799 1821 2822 curro

197 2842 313 2876 curris
343 2843 431 2885 quia
466 2842 582 2875 currit
615 2842 663 2876 Et
693 2843 932 2887 appropriate
969 2844 1121 2888 ponitur
1156 2855 1222 2888 pro
1254 2843 1425 2878 vehiculo
1457 2844 1616 2887 quatuor
1646 2845 1819 2878 rotarum.

197 2897 332 2932 Currus
358 2897 514 2932 Carruta
536 2898 620 2940 kar,
652 2898 719 2932 Est
741 2899 953 2933 vehiculum
979 2900 1135 2934 duarum
1161 2901 1325 2933 rotarum
1351 2911 1463 2943 super
1487 2911 1560 2944 quo
1585 2911 1737 2935 onerose
1763 2912 1820 2934 res

196 2965 264 2997 per
293 2953 371 2988 vias
401 2955 585 2988 terrarum
616 2955 803 2989 vehuntur
837 2955 885 2989 Et
914 2956 1049 2989 dicitur
1080 2967 1101 2989 a
1132 2956 1249 2990 carrio
1280 2956 1319 2989 is.
1338 2956 1437 3000 quod
1467 2956 1653 3002 significat
1681 2958 1819 2991 terram

197 3009 363 3044 scindere
389 3010 449 3044 vel
475 3011 676 3044 scindendo
702 3022 833 3045 cavere
859 3011 947 3055 quia
970 3023 1094 3046 carrus
1119 3012 1311 3046 cari-iendo
1337 3012 1471 3046 dividit
1493 3014 1669 3047 teri-am.“
