2119 3522
871 199 1089 221 Tm'runmvs.
1739 183 1767 225 4
1775 183 1800 226 8
1809 184 1834 226 9

121 311 176 341 De
200 309 403 341 illustribus
428 310 516 341 viris
542 310 678 342 ordinis
703 312 820 343 nostri
978 312 1003 343 li
1029 311 1082 352 iiij
1169 311 1353 352 Cogitanti
1371 311 1458 343 mihi
1477 323 1520 343 ac
1538 312 1698 344 crebrius
1717 314 1837 346 animo

121 366 176 397 De
201 364 369 397 laudibus
395 365 529 397 ordinis
559 366 708 397 carmeli
979 367 1004 398 li
1032 367 1056 408 ij
1166 367 1341 398 Precibus
1359 371 1395 398 et
1412 367 1593 399 instancia
1613 369 1836 409 quorundam

121 422 176 452 De
201 420 308 453 laude
335 421 549 463 scriptorum
978 423 1003 453 li
1024 431 1040 462 J
1168 422 1380 454 Venerabili
1404 424 1500 465 patri
1524 422 1592 455 dno
1618 424 1765 466 gerlaco

121 478 175 509 De
202 476 439 518 scriptoribus
470 476 736 508 ecclesiasticis
978 478 1004 509 li
1023 487 1040 519 J
1168 478 1444 511 Consueuerunt
1468 480 1769 513 reuerendissime

120 532 175 563 De
200 531 367 564 laudibus
393 535 521 564 sancte
549 543 642 564 anne
975 534 1001 565 li
1021 542 1038 573 J
1164 534 1248 565 Voti
1275 535 1461 576 compellit
1485 537 1688 567 necessitas
1714 540 1750 567 et

120 589 174 619 De
201 588 447 629 concepcione
473 588 586 619 marie
975 589 1001 620 li
1022 598 1040 629 J
1165 589 1323 622 Ioannes
1348 591 1528 623 tritemius
1556 591 1670 623 abbas

121 642 290 675 Officium
315 642 359 675 de
385 645 517 675 saneta
543 653 639 675 anna
976 644 1002 676 li
1023 653 1040 684 J
1167 644 1398 678 Gaudeamus
1424 656 1548 678 omnes

119 699 310 731 Rosarium
335 698 378 731 de
404 702 532 731 sancta
559 710 655 731 anna
976 700 1003 732 li
1022 709 1038 740 J
1166 702 1242 732 Aue
1275 701 1332 733 dei
1365 702 1555 744 genitricis
1583 706 1699 734 mater
1731 714 1835 735 vene

1206 757 1332 789 rabilis
1359 768 1455 789 anna

117 812 174 842 De
200 809 326 842 eadem
808 812 1003 852 sequeneie
1028 811 1068 852 iij
1166 812 1341 844 Exultent
1364 814 1401 843 in
1426 813 1494 844 hac
1520 813 1586 845 1111‘1
1610 814 1766 846 celorum

119 866 320 898 Oraciones
347 865 391 897 de
419 865 544 898 eadem
886 864 888 866 ’
976 867 1003 898 li
1021 876 1038 908 J
1166 867 1276 899 Salue
1304 878 1399 900 anna
1425 872 1542 900 mater
1566 869 1793 902 nobilissima

118 923 396 964 Epigrammata
422 925 459 954 et
482 933 609 964 ymnos
974 923 1002 954 li
1022 932 1040 964 J
1167 923 1328 965 Virginis
1355 924 1509 956 annifice
1536 928 1650 956 mater

119 979 172 1009 De
198 977 337 1019 triplici
362 978 512 1019 regione
539 978 790 1010 claustralium
978 979 1004 1010 li
1030 990 1069 1020 11J
1169 979 1257 1010 Cum
1284 979 1356 1011 vite
1382 981 1585 1012 monastice
1615 984 1749 1012 statum

118 1033 345 1066 Exercieium
370 1034 561 1075 spirituale
588 1033 783 1066 eorundem
978 1035 1005 1067 li
1025 1045 1042 1076 J
1169 1033 1234 1074 Qui]
1259 1035 1470 1077 opusculum
1497 1036 1540 1067 de
1567 1037 1693 1068 tri.re.

119 1089 377 1131 Compendium
405 1090 576 1122 exercicii
978 1090 1005 1122 li
1024 1100 1041 1131 J
1168 1092 1216 1122 Et
1240 1092 1270 1123 si
1296 1092 1454 1123 formula
1479 1092 1650 1124 exercicii

118 1146 173 1177 De
206 1156 294 1177 vera
321 1146 560 1178 conuersione
586 1146 716 1178 mentis
740 1147 777 1178 in
798 1146 920 1178 Domi-

163 1212 247 1232 num
978 1203 1004 1234 li
1024 1212 1040 1243 J
1168 1203 1204 1235 Si
1230 1204 1317 1234 mihi
1343 1204 1420 1235 sinc
1446 1204 1657 1237 obediencie
1684 1206 1818 1237 iniuria

117 1258 173 1288 De
199 1266 245 1301 gn
270 1257 442 1299 vulpibus
470 1257 730 1290 claustralibus
978 1259 1004 1290 li
1024 1268 1039 1299 J
1169 1259 1355 1301 Cogitanti
1380 1259 1467 1291 mihi
1493 1261 1537 1292 ad
1566 1261 1634 1292 hoc
1659 1261 1817 1292 stadium

119 1315 173 1344 De
199 1313 418 1354 operacione
446 1313 561 1344 diuini
587 1314 721 1346 amoris
976 1315 1001 1345 li
1023 1324 1039 1355 J
1165 1315 1322 1347 Maxime
1347 1315 1478 1347 vellem
1503 1320 1625 1358 patres
1648 1317 1840 1349 reuerendi

118 1370 173 1400 De
200 1379 287 1400 cura
314 1369 492 1410 pastorali
518 1369 632 1400 oratio
658 1380 723 1401 seu
978 1371 1002 1402 li
1024 1380 1039 1411 J
1166 1371 1367 1403 Acceclenti
1392 1371 1479 1402 mihi
1505 1372 1572 1403 hoc
1603 1372 1760 1404 stadium

117 1426 171 1456 De
183 1424 254 1456 lau.
264 1424 411 1465 Ruperti
425 1425 571 1457 abbatis
586 1425 775 1457 tuiciensis
789 1427 904 1458 oratio
978 1425 1038 1458 0170
1168 1427 1326 1458 Maxime
1353 1430 1515 1468 optarem
1542 1428 1604 1459 rel.
1624 1429 1758 1460 fratres

118 1482 235 1522 Super
259 1480 351 1512 illud
376 1481 506 1512 videns
533 1480 655 1513 ihesus
682 1481 871 1513 civitatem
974 1482 1037 1514 oio
1168 1482 1408 1514 Venerabiles
1434 1494 1476 1514 ac
1494 1483 1570 1518 reli.
1590 1487 1715 1525 patres
1734 1495 1840 1525 quam

117 1536 424 1579 Steginographia
450 1537 518 1574 [sic]
977 1538 1003 1569 li
1028 1538 1096 1579 iiiij
1167 1539 1238 1570 Diu
1266 1539 1384 1570 fateor
1409 1538 1506 1570 bosti
1532 1539 1617 1571 silui
1642 1550 1710 1572 nec

116 1593 171 1625 De
196 1592 437 1624 luminaribus
463 1593 649 1633 germanie
977 1593 1003 1625 li
1024 1603 1040 1634 J
1169 1593 1234 1634 Qiii
1265 1598 1348 1626 sunt
1373 1595 1538 1627 nonnulli
1559 1595 1692 1636 jacobe

116 1648 354 1691 [Seqzcentz'wtz
378 1658 457 1681 xxm
479 1651 709 1689 opuseulormn
738 1651 881 1682 initialia
905 1650 1006 1682 verba
1035 1651 1155 1682 addila
1179 1661 1243 1682 non
1267 1649 1389 1692 suuis]

117 1705 351 1737 Rosariorum
377 1710 412 1736 et
438 1706 642 1737 orationum
661 1706 704 1737 de
724 1706 773 1737 di-
964 1716 966 1752 4
987 1704 989 1759 4
1016 1705 1070 1738 De
1094 1706 1264 1738 laudibus
1290 1707 1410 1738 sancti
1430 1706 1563 1749 joseph
1749 1708 1810 1749 lij

161 1763 278 1794 uersis
388 1780 390 1782 v
826 1762 852 1794 li
872 1772 890 1804 J
964 1754 966 1783 4
987 1761 989 1799 l,
1017 1762 1208 1794 Rosarium
1228 1762 1387 1794 officium
1407 1766 1443 1795 et
1460 1765 1645 1797 orationes
1663 1764 1706 1796 de

116 1818 172 1849 De
199 1818 318 1859 grecis
344 1817 598 1859 questionibus
827 1818 853 1850 li
874 1828 890 1859 J
964 1806 989 1867 4
1062 1817 1187 1850 eodem

117 1874 173 1905 De
198 1874 347 1906 miseria
372 1873 595 1916 prelatorum
826 1874 853 1905 li
873 1883 889 1915 J
964 1898 966 1910 ‚
988 1877 989 1919 4
1016 1874 1161 1906 Laudes
1187 1875 1260 1906 vite
1291 1875 1499 1907 cenobitice
1748 1877 1773 1907 li
1795 1876 1809 1917 j

118 1929 275 1961 Cronica
300 1930 356 1961 sui
382 1929 525 1962 cenobii
827 1930 853 1962 li
872 1939 889 1970 J
964 1929 965 1950 4
988 1930 989 1939 ¹
1015 1930 1069 1962 De
1096 1930 1203 1963 laude
1229 1931 1440 1972 penitencie
1748 1931 1774 1963 li
1794 1932 1808 1972 j

118 1985 274 2018 Croniea
298 1983 509 2027 hirsaugien
827 1985 853 2017 li
873 1995 889 2026 J
964 2009 965 2028 4
987 1983 989 2014 ἶ
1016 1986 1254 2028 Soliloquium
1280 1986 1435 2019 hominis
1462 1987 1507 2018 ad
1532 1988 1688 2020 animam
1748 1988 1774 2019 li
1796 1987 1811 2029 j

117 2041 282 2073 Historia
307 2044 434 2073 sancte
460 2042 595 2073 Irmine
620 2042 774 2083 virginis
826 2042 852 2073 li
873 2050 890 2082 J
987 2048 989 2088 }
1017 2043 1070 2074 De
1097 2042 1157 2074 lau
1173 2068 1179 2074 .
1195 2053 1251 2074 am
1268 2069 1274 2076 .
1292 2045 1328 2074 et
1356 2043 1478 2075 studio
1509 2043 1705 2085 scriptura-

116 2097 171 2129 De
197 2096 368 2129 laudibus
394 2098 515 2129 sancti
539 2097 683 2129 Andree
826 2098 853 2129 li
872 2107 889 2138 J
987 2140 988 2143 4
1061 2109 1137 2130 rum
1747 2100 1773 2131 li
1796 2100 1809 2140 j

117 2154 172 2185 De
198 2153 369 2185 laudibus
394 2153 512 2184 sancti
537 2153 723 2185 benedicti
826 2153 852 2185 li
872 2162 888 2194 J
987 2147 988 2182 ἶ
1016 2154 1068 2186 De
1094 2153 1281 2186 miraculis
1306 2157 1433 2186 sancte
1459 2165 1552 2186 anne
1748 2155 1775 2186 li
1796 2155 1810 2196 j

117 2210 172 2240 De
197 2208 365 2241 laudibus
391 2213 596 2241 sanctorum
826 2209 852 2240 li
877 2219 916 2254 gg
987 2198 988 2239 4
1017 2210 1173 2242 Cronica
1198 2209 1327 2242 ducum
1354 2210 1503 2242 bauarie
1748 2212 1774 2243 li
1795 2212 1809 2253 j

117 2264 353 2307 Poligraphie
380 2264 426 2296 ad
453 2265 710 2306 imperatorem
825 2266 852 2297 li
876 2265 940 2306 viij
987 2298 989 2304 ,
1015 2266 1070 2298 Ad
1094 2269 1219 2307 patres
1244 2276 1350 2307 prose
1379 2266 1550 2308 apologia
1689 2266 1810 2309 epkaj

118 2320 372 2362 Odoeporicon
399 2330 499 2352 suum
827 2320 853 2352 li
878 2321 902 2363 ij
987 2317 989 2366 4
1017 2322 1206 2354 Sermones
1231 2322 1326 2354 varii
1748 2323 1809 2365 lij

117 2376 446 2419 Intelligentiarum
825 2376 850 2408 li
875 2377 900 2418 ij
987 2371 989 2402 4
1018 2377 1159 2410 Omelie
1184 2377 1307 2419 plures
1749 2379 1774 2410 li
1795 2380 1809 2420 j

117 2433 172 2465 De
196 2432 410 2464 demonibus
435 2435 561 2464 contra
585 2436 683 2465 artes
701 2443 778 2475 pro-
987 2433 989 2491 4
1017 2433 1246 2466 Collaciones
1272 2435 1351 2466 sine
1381 2445 1528 2466 numero
1748 2436 1774 2467 li
1795 2434 1809 2476 j

168 2489 307 2521 hibitas
780 2489 806 2520 li
831 2487 877 2533 gij
988 2503 989 2531 4
1015 2490 1266 2532 Epistolarum
1292 2491 1337 2523 ad
1364 2491 1526 2523 diuersos
1749 2491 1775 2522 li
1800 2490 1841 2532 iij

118 2543 218 2586 [For.
237 2542 282 2577 3¹³
307 2546 418 2576 vacuis
442 2546 570 2577 relictis
595 2546 614 2576 5
639 2546 736 2577 lineis
759 2546 807 2577 sic
829 2546 990 2589 pergin]

118 2600 203 2631 Alia
228 2601 379 2642 insuper
403 2610 509 2641 quam
536 2600 642 2642 plura
666 2602 933 2643 conscripsisse
958 2605 1108 2645 putatur
1133 2602 1252 2634 indies
1275 2602 1497 2644 publicanda
1522 2612 1592 2643 quc
1615 2602 1771 2634 nondum
1796 2603 1841 2634 ad

118 2657 294 2688 noticiam
320 2666 438 2688 meam
462 2660 707 2698 peruenerunt
753 2657 782 2687 E
808 2667 914 2698 greco
940 2657 1129 2689 transtulit
1155 2657 1339 2699 dialogum
1358 2658 1459 2690 Maxi
1488 2658 1634 2689 abbatis
1659 2657 1701 2688 de
1724 2658 1840 2690 incar—

119 2712 274 2743 nacione
301 2711 437 2743 domini
453 2711 657 2744 Anatheam
681 2713 800 2744 sancti
819 2712 936 2744 Cirilli
954 2712 1206 2744 Allexandrini
1233 2717 1359 2745 contra
1384 2714 1566 2745 hereticos
1591 2714 1628 2744 in
1653 2716 1688 2746 3³
1714 2714 1840 2746 sinodo

121 2768 296 2810 ephesina
322 2767 551 2809 promulgata
577 2771 613 2800 et
638 2768 812 2809 quasdam
838 2769 999 2800 eiusdem
1025 2769 1142 2800 sinodi
1170 2769 1345 2810 epistolas
1395 2768 1498 2809 Quod
1524 2772 1646 2801 autem
1664 2769 1707 2801 de
1726 2770 1841 2802 nicro-

120 2823 264 2855 mancia
290 2827 485 2855 accusatur
508 2823 547 2855 in
573 2823 681 2865 vulgo
708 2824 876 2855 friuolurn
894 2828 1003 2865 atque
1022 2824 1190 2856 ficticium
1213 2828 1267 2856 est
1284 2825 1314 2856 si
1330 2835 1416 2857 vero
1435 2835 1506 2865 qua
1525 2825 1687 2857 miranda
1705 2826 1841 2858 dicitur

120 2880 315 2921 scripsisse
340 2890 410 2912 non
436 2879 614 2912 maleficio
640 2880 702 2912 sed
729 2880 882 2911 occultis
908 2883 1037 2912 nature
1069 2881 1184 2912 eidem
1208 2879 1356 2922 [lacuna
1380 2882 1401 2912 4
1423 2882 1498 2918 sere
1523 2879 1694 2923 litteram]
1721 2886 1841 2913 tamen

121 2935 352 2977 pacientibus
383 2935 491 2967 rebus
523 2935 560 2967 id
591 2935 668 2968 fieri
700 2946 805 2977 posse
837 2946 907 2967 non
939 2935 1066 2968 dubito
1114 2937 1231 2968 Multa
1257 2938 1349 2968 enim
1384 2936 1563 2978 stupenda
1589 2936 1666 2969 fieri
1692 2941 1842 2979 possunt

119 2991 339 3024 naturaliter
370 2991 587 3033 occultaque
618 2991 795 3024 denudari
825 2992 947 3023 futura
978 2992 1118 3033 predici
1155 3002 1225 3033 que
1263 2993 1384 3024 omnia
1422 2993 1467 3024 ab
1499 2994 1699 3035 inexpertis
1731 3004 1840 3034 supra
