2119 3522
290 226 382 271 616
807 234 1071 258 COMMENTARIVS
1094 234 1141 256 AD
1166 234 1237 256 EPP.
1255 234 1287 256 ο.
1304 234 1337 256 v.
1362 233 1439 256 von.
1457 234 1479 255 1.

287 298 520 394 ggffiuaez’cm]
542 348 644 383 Vult
675 348 844 380 ‘rubrum
857 347 877 389 ’,
911 357 997 380 nam
1021 345 1177 379 rubeum
1205 345 1260 380 est
1290 344 1463 386 dmm-el„
1496 344 1734 383 braun-roth.
1781 344 1853 379 Sed
1885 343 1998 379 etiam

379 406 535 440 Gemma
559 416 591 449 g.
618 403 804 446 ‚‚Rubeus,
834 413 865 444 a,
892 413 965 443 um,
991 404 1103 436 νοέω(

333 464 417 497 bene
441 460 664 503 corporatus]
689 458 923 499 wohlbelcz‘bt,
947 458 1127 499 stattlz'ch,
1151 457 1352 502 suppingui
1376 467 1547 501 corpore,
1574 457 1717 491 obesus.

289 525 330 554 33
357 518 515 562 qztalz'ftc.
535 516 574 549 in
597 515 724 558 mente]
752 515 809 548 ein
835 524 872 547 so
897 514 1125 547 taleoztvoller
1150 513 1227 546 und
1251 513 1425 557 gyelehrter
1446 513 1579 546 Mamz.

285 579 327 609 34
355 585 426 607 non
451 572 567 615 curat]
594 570 745 615 spernit,
773 581 856 604 cum
882 570 1098 613 contemptu
1124 568 1251 611 evitat,
1278 579 1351 602 non
1376 568 1463 602 sinit
1487 579 1564 602 sese
1590 568 1723 612 decipi.

286 634 369 672 Pag.
391 630 452 666 62.

288 691 303 719 1
330 685 451 719 sedent
482 694 590 726 super
620 682 770 726 scobem]
808 681 860 716 Cf.
882 681 1023 716 Grimm
1055 680 1235 716 Deutsche
1265 680 1419 725 Mythol.
1440 684 1535 715 1835.
1553 692 1588 724 p.
1606 684 1682 715 589.
1701 691 1752 723 sq.
1770 679 1868 713 unde
1899 679 1998 713 tran-

375 739 494 774 scribo
519 739 584 774 hos
610 750 752 773 versus:

866 807 926 838 „ze
954 796 1056 828 Choln
1080 796 1150 827 und
1171 806 1209 827 :e
1234 796 1336 827 Paris

867 852 913 884 dci
935 852 1003 883 sint
1027 853 1081 883 die
1103 852 1238 894 psaffen
1261 852 1359 883 karle
1382 851 1440 883 wis

866 910 902 941 di
925 909 1039 940 besten
1063 917 1122 939 vor
1146 909 1233 939 allen
1257 908 1381 941 richen.

868 966 933 997 dar
954 965 1036 1004 snor
1058 965 1110 996 ich
1134 964 1323 995 woerlz'elzen

870 1023 977 1052 niwan
1002 1020 1107 1051 durclz
1134 1021 1187 1051 die
1212 1030 1313 1051 nuere

869 1089 938 1109 waz
965 1078 1016 1108 ein
1043 1076 1185 1108 mzlzolde
1208 1086 1320 1107 wa’re.

867 1135 929 1165 daz
953 1132 1074 1175 ῃεΙιόνί
1099 1133 1151 1163 2·ch
1176 1134 1228 1163 nie
1251 1133 1384 1172 yelesen

867 1200 937 1221 wa:
964 1191 1017 1221 ein
1042 1189 1184 1221 zmlzolde
1209 1191 1300 1230 miiye
1325 1199 1445 1222 wesen.

867 1247 930 1277 daz
956 1246 1008 1277 ein
1033 1245 1098 1286 wip
1124 1245 1176 1276 ein
1201 1245 1299 1285 elzalp
1324 1245 1399 1281 νὶίε,

869 1303 931 1333 daz
956 1311 1079 1333 woeren
1103 1301 1326 1332 wunderliclze
1350 1302 1424 1338 sile,

870 1359 954 1390 oder
978 1360 1024 1389 rz't
1048 1358 1091 1398 ιη’
1109 1359 1204 1389 einer
1229 1358 1351 1389 dehsen

869 1415 932 1446 ode
957 1414 999 1454 izf
1017 1415 1121 1446 einem
1144 1415 1318 1455 lzz'tspesem

869 1471 954 1503 naelz
977 1474 1067 1503 sulze
1093 1481 1129 1502 ze
1154 1471 1256 1502 Ilalle
1278 1469 1412 1510 fiIere.“

284 1530 303 1560 2
329 1526 400 1568 fac.
420 1536 495 1570 wey.
515 1527 631 1570 suum]
658 1526 831 1559 libidines
856 1536 938 1559 suas
964 1525 1127 1569 explent,
1153 1525 1334 1568 stuprant.

284 1586 305 1616 4
329 1576 460 1626 Aliqui
482 1583 578 1625 fimet
603 1583 705 1626 caete]

867 1641 1001 1682 „ecclielc
1026 1641 1124 1672 seiml
1145 1650 1183 1671 so
1206 1641 1270 1671 wo!
1291 1642 1411 1681 gelen,

869 1699 931 1728 das
955 1698 1004 1728 sie
1029 1708 1071 1727 (ιη
1096 1696 1166 1728 sich
1191 1697 1247 1727 mit
1269 1698 1388 1737 yewalt

871 1764 983 1785 nemen
1008 1754 1101 1784 einer
1125 1752 1245 1784 lcatzen
1268 1751 1426 1794 qestalef‘

375 1807 485 1841 Hans
515 1806 675 1841 Vesswtlers
700 1808 815 1841 blame
840 1808 903 1841 der
928 1808 1074 1851 tugyeml.
1094 1819 1124 1841 a.
1146 1806 1240 1841 1111.
1260 1818 1317 1851 ap.
1337 1806 1489 1841 Grimm.
1507 1807 1529 1841 l.
1549 1818 1577 1841 c.
1596 1819 1630 1851 p.
1650 1819 1732 1841 Lvu.

376 1864 414 1897 et
430 1863 608 1897 Antonini
625 1863 785 1898 Florent.
805 1863 983 1897 Summul.
1003 1863 1039 1898 C.
1058 1868 1088 1898 2.
1107 1875 1136 1898 c.
1154 1867 1206 1898 37.
1233 1863 1302 1906 „Si
1327 1863 1555 1897 existimauit
1577 1863 1750 1897 muliere-s
1773 1864 1940 1898 conuerti
1964 1864 2002 1897 in

375 1920 480 1964 gatas
506 1920 566 1953 uel
592 1920 665 1953 alia
689 1919 880 1962 animalia,
915 1921 953 1954 et
976 1921 1028 1954 ire
1055 1920 1100 1954 de
1131 1920 1239 1954 nocte
1266 1920 1304 1954 et
1333 1930 1464 1964 sugere
1490 1919 1708 1964 sanguinem
1740 1931 1939 1964 puerorum
1965 1922 2003 1955 et

375 1976 482 2010 huius
507 1976 618 2018 modi,
645 1976 745 2020 quod
771 1977 826 2010 est
849 1976 1076 2020 impossibile
1101 1977 1172 2010 nisi
1197 1977 1283 2019 de0‚
1311 1977 1349 2011 et
1372 1976 1455 2011 ideo
1486 1976 1630 2010 fatuum
1657 1977 1714 2010 est
1736 1977 1897 2011 credere.
1946 1976 2001 2012 De

374 2032 444 2066 hac
469 2032 626 2066 materia
650 2032 924 2067 diuinationum
951 2034 989 2067 et
1011 2033 1307 2071 incantationum
1333 2034 1371 2067 et
1396 2033 1561 2067 omnium
1586 2033 1890 2077 superstitionum
1914 2034 2002 2069 uide

376 2089 456 2123 luce
483 2089 616 2123 clarius
640 2088 678 2122 in
703 2088 871 2123 decretis.
890 2093 942 2123 26.
961 2100 1071 2124 causa
1094 2100 1161 2134 per
1185 2090 1343 2124 totum.“
1381 2088 1538 2123 Gemma
1561 2089 1919 2134 prenosticationum
1944 2091 2002 2135 [cf.

376 2145 453 2178 lnd.
472 2157 556 2179 scrr.
574 2157 609 2189 p.
625 2149 677 2180 97.
695 2156 729 2179 n.
744 2158 837 2179 xxvr.
855 2146 914 2190 4⁰.]
933 2157 1017 2190 pag.
1033 2145 1086 2190 aij
1097 2153 1120 2180 ³.
1148 2145 1256 2188 „Hec
1273 2145 1399 2190 itaque
1418 2145 1509 2179 mihi
1525 2145 1741 2180 fantasianti
1758 2147 1862 2180 venit
1877 2146 1925 2181 ad
1941 2158 2001 2182 me

376 2201 413 2234 in
438 2200 577 2235 visione
601 2201 762 2245 quedam
787 2201 915 2235 vetula
932 2202 1071 2236 habens
1088 2202 1222 2236 faciem
1239 2202 1282 2236 ut
1298 2213 1371 2236 vna
1388 2202 1542 2246 antiqua
1559 2202 1674 2236 simia.
1693 2202 1732 2236 et
1747 2202 1924 2237 veniebat
1939 2214 2001 2238 vo-

376 2257 456 2291 lans
480 2268 548 2300 per
573 2257 759 2292 caminum
784 2258 940 2292 studorii
964 2257 1055 2292 mei:
1083 2260 1121 2292 et
1145 2257 1300 2292 sedebat
1323 2268 1435 2302 super
1450 2257 1599 2302 nigrum
1624 2259 1783 2292 cattum:
1810 2258 1848 2292 et
1871 2258 2003 2293 habuit

378 2324 488 2346 vnum
514 2313 701 2347 bussulam
721 2313 955 2359 [Bz‘ichschen]
983 2314 1165 2358 repletam
1191 2314 1237 2348 de
1255 2314 1375 2348 virido
1400 2315 1609 2358 vnguento:
1637 2315 1676 2348 et
1698 2313 1789 2348 fecit
1812 2314 1903 2348 mihi
1928 2314 2001 2349 duo

377 2369 543 2413 plaustra
568 2369 812 2414 [emplastra]:
841 2371 878 2404 et
903 2381 963 2404 eas
987 2370 1112 2414 posuit
1136 2371 1235 2404 retro
1261 2370 1388 2404 ambas
1412 2380 1513 2404 meas
1538 2369 1720 2404 auriculas
1738 2397 1745 2403 .
1764 2371 1803 2404 et
1825 2381 1909 2404 cum
1934 2370 2004 2404 hoc

377 2425 525 2460 fecisset
549 2425 676 2459 docuit
704 2426 796 2459 mihi
820 2437 931 2460 vnam
964 2428 1107 2460 artem.
1128 2438 1212 2460 cum
1237 2437 1311 2471 qua
1341 2426 1436 2460 bene
1467 2436 1613 2470 possem
1644 2425 1788 2460 lucrare
1813 2426 1870 2460 tot
1893 2436 2003 2470 pecu-

376 2481 456 2516 nias
481 2482 572 2526 quot
595 2481 715 2516 habeo
740 2481 859 2516 crines
884 2482 950 2516 sub
975 2482 1112 2527 plantis
1136 2482 1278 2527 pedis.“

331 2538 477 2580 faciunt
503 2564 511 2571 .
530 2565 536 2571 .
555 2563 562 2571 .
587 2539 694 2583 valet]
720 2538 758 2571 in
782 2538 929 2572 tantum
947 2538 1146 2573 debilitant
1171 2550 1211 2573 ac
1237 2539 1479 2583 corrumpunt
1500 2538 1571 2572 viri
1595 2537 1702 2581 vires,
1728 2538 1771 2573 ut
1794 2537 1856 2572 vix
1882 2538 2006 2573 valeat

378 2593 438 2628 vel
462 2593 594 2628 baculo
620 2594 719 2628 nisus
744 2593 880 2638 gradus
904 2594 1037 2629 facere.

288 2653 307 2682 6
332 2649 410 2694 qu
434 2650 551 2694 credo]
578 2649 620 2683 In
643 2649 712 2684 hac
738 2650 999 2694 superstitione
1025 2651 1171 2685 stultior
1195 2661 1269 2684 non
1295 2652 1351 2685 est
1366 2650 1568 2695 Vilipatius
1593 2661 1706 2694 quam
1730 2649 1899 2695 plerique
1924 2650 2002 2685 fere

378 2715 503 2739 omnes
527 2705 642 2749 ipsius
667 2706 827 2750 aequales
852 2706 1027 2741 fuerunt.
1046 2707 1110 2742 sed
1128 2718 1236 2742 verus
1261 2707 1369 2742 huius
1395 2707 1561 2752 epistolae
1579 2707 1708 2741 auctor
1732 2717 1806 2741 non
1831 2706 2003 2741 similiter

378 2760 545 2796 credidit.

289 2820 307 2850 7
335 2817 374 2850 in
399 2817 554 2851 libraria
579 2847 586 2854 .
605 2845 612 2852 .
632 2846 638 2852 .
665 2819 771 2864 libro]
799 2819 841 2854 In
865 2819 937 2854 illis
963 2819 1352 2863 Combibilationibus,
1378 2820 1482 2865 puto,
1509 2819 1555 2855 de
1581 2819 1714 2864 quibus
1739 2828 1851 2864 supra
1875 2830 1910 2863 p.
1925 2822 1968 2853 47
1979 2821 2002 2852 ⁸.

380 2873 418 2906 et
441 2872 518 2906 Ind.
538 2874 656 2919 biogr.
675 2886 709 2918 p.
729 2879 803 2910 347.
823 2877 890 2910 art.
912 2875 1190 2912 Combibilator.

290 2932 309 2962 S
329 2929 494 2973 probam]
523 2929 577 2963 ich
600 2931 668 2965 hab
694 2942 727 2965 es
747 2932 919 2975 probiem,
945 2932 1242 2977 experimentum
1267 2933 1350 2976 feci,
1378 2934 1435 2968 ‘et
1452 2934 1508 2968 est
1524 2933 1686 2975 verum‘‚
1712 2931 1912 2976 probatum
1937 2931 2002 2965 est.

290 2989 309 3018 9
333 2985 388 3019 sal
412 2985 545 3029 bened]
578 2986 622 3020 cf.
641 2997 752 3030 supra
776 2989 866 3022 51²³.
914 2988 968 3023 De
1000 2989 1075 3024 sale
1107 2989 1304 3034 salinisque
1337 3001 1358 3024 a
1388 2989 1506 3034 magis
1536 2988 1684 3023 feminis
1715 2986 1885 3022 curandis
1916 2986 2002 3021 vide

383 3039 522 3074 Grimm
546 3040 663 3085 Myth.
681 3042 704 3077 l.
723 3053 751 3076 c.
786 3044 823 3077 et
846 3055 881 3087 p.
898 3056 952 3078 xc.
970 3056 1003 3078 n.
1023 3048 1098 3079 570.
1123 3044 1267 3087 „Ez‘ner
1291 3045 1350 3080 ins
1373 3046 1466 3080 haus
1489 3043 1677 3080 tretenden
1700 3043 1789 3078 heoee
1811 3042 1893 3087 yebe
1916 3054 2004 3078 mom
