2119 3522
233 225 326 270 526
752 235 1015 259 COMMENTAmvs
1038 234 1083 255 AD
1109 235 1180 255 nm».
1198 234 1228 255 o.
1245 233 1277 255 v.
1303 233 1380 255 vot..
1397 233 1419 254 1.

232 300 448 387 ξζὲἰτιὸἁιωιε
478 350 618 394 liquens
641 348 714 392 ‹s‘e.]
751 347 894 380 Iudaeus
927 345 1113 380 Christum
1143 344 1362 389 crucifigens
1393 354 1477 378 cum
1506 342 1636 385 Petro,
1668 342 1824 377 malleus
1855 352 1939 376 cum

321 408 424 441 clavo
450 404 686 448 comparatur
709 402 904 437 deridendi
928 401 1145 436 successoris
1167 400 1271 435 Petri
1294 410 1413 435 causa.

233 468 272 498 17
298 461 487 505 confessor]
504 460 746 501 Beichtvater,
760 458 840 492 Ital.
857 457 1074 500 confessore,
1092 455 1187 491 Gall.
1205 456 1425 491 confesseur.
1443 455 1614 489 usitatius
1629 454 1699 488 hoc
1714 464 1821 488 sensu
1837 455 1938 488 ‘con-

320 517 521 551 fessarius’.

235 578 274 608 lS
297 572 483 616 respicere]
510 570 801 615 circumspicere,
829 570 969 605 evitare
995 568 1283 615 neglegentiam.

234 633 283 664 19.
302 634 354 663 20.
372 633 414 663 29
439 639 544 662 casus
569 627 782 671 episcopalis
806 651 847 654 —
867 626 1020 670 papalis
1044 650 1086 654 —
1110 625 1276 668 simplem]
1303 624 1346 658 cf.
1365 624 1412 658 ad
1437 624 1502 661 53⁴,

232 690 273 719 ‘23
298 684 466 719 officialis
491 683 697 718 consistorii
721 682 1013 717 iurisdictionem
1039 693 1072 725 q.
1090 694 1124 715 v.
1142 680 1411 715 contentiosam
1435 690 1504 724 per
1527 678 1703 714 dioecesin
1726 677 1852 720 habet,
1877 686 1939 711 vo-

322 740 522 774 luntariam
544 739 660 774 habet
683 739 841 773 vicarius
866 738 1060 783 generalis.

232 801 272 830 24
296 797 431 841 yilvum
450 796 545 840 circ]
566 796 623 829 Ita
639 795 814 829 Nicolaus
828 794 991 829 Cusanus
1009 793 1204 828 cardinalis
1222 793 1259 826 in
1275 792 1409 827 litteris
1427 791 1473 826 ad
1491 792 1605 826 senat.
1620 790 1786 825 Francos.
1800 800 1831 824 a.
1843 791 1939 822 1452.

321 854 393 897 (ap.
410 852 566 886 Haltaus
584 851 741 886 Glossar.
761 851 827 885 art.
846 850 1187 894 Iuden-KYec'dzmq
1211 849 1250 883 et
1273 848 1601 891 Iuden-Zez'chen,
1629 860 1665 893 p.
1683 849 1792 892 1054.)
1817 847 1940 890 „Cum

319 919 385 943 nos
410 908 499 942 alias
524 908 562 941 in
579 908 729 942 civitate
747 906 967 951 Maguntina
983 904 1201 951 provinciali
1218 904 1358 948 synodo
1375 905 1667 949 praesideremus,
1692 904 1791 939 inter
1807 905 1942 939 caetera

321 964 508 1009 quoddam
533 964 714 997 statutum
739 962 784 996 de
809 962 940 997 Iudaeis
971 964 1008 997 et
1039 962 1155 996 crucis
1173 960 1307 995 Christi
1330 960 1489 995 inimicis
1505 961 1544 994 in
1569 960 1700 995 eadem
1722 960 1861 1004 synodo
1886 959 1939 993 in-

321 1021 499 1054 novatum
525 1020 675 1061 exstitit,
702 1019 743 1052 In
769 1029 841 1062 quo
866 1019 932 1052 sub
955 1017 1167 1052 cessationis
1185 1016 1395 1050 divinorum
1414 1017 1451 1050 et
1474 1016 1540 1050 sub
1558 1016 1764 1051 vacationis
1782 1027 1942 1050 commu-

321 1076 441 1110 nionis
457 1075 575 1120 poenis
593 1074 757 1109 districte
775 1074 1004 1116 mandamus,
1024 1073 1123 1117 quod
1142 1072 1257 1106 Iudaei
1276 1072 1321 1106 de
1340 1073 1472 1106 caetero
1490 1073 1597 1117 signa
1620 1071 1764 1106 deferre
1783 1072 1945 1105 debeant

323 1131 572 1173 conformiter,
591 1132 633 1165 ut
649 1131 686 1163 in
706 1130 795 1164 urbe
813 1130 941 1172 Roma,
962 1130 999 1163 et
1014 1128 1182 1163 nonnulli
1202 1128 1372 1161 dubitare
1391 1127 1576 1170 videntur,
1595 1127 1780 1171 quomodo
1797 1127 1835 1161 in
1851 1127 1943 1161 urbe

320 1189 439 1222 Roma
456 1186 569 1221 ludaei
595 1187 774 1228 deferant,
801 1185 886 1219 hinc
911 1196 988 1227 nos,
1013 1185 1126 1229 prout
1142 1184 1179 1217 in
1197 1184 1278 1218 aljis
1295 1183 1455 1217 nationis
1471 1183 1560 1218 locis
1579 1183 1830 1218 ordinavimus
1845 1203 1887 1207 —
1901 1203 1944 1207 —

322 1244 563 1284 declaramus,
583 1254 713 1276 SIGNVM
730 1241 941 1275 huiusmodi
959 1252 1035 1275 esse
1055 1240 1190 1274 debere
1210 1252 1384 1274 cmchvM
1409 1252 1453 1273 m:
1479 1252 1619 1273 cnocms
1642 1252 1731 1273 F1LIS
1747 1238 1945 1273 visibiliter

323 1311 517 1334 censurum
536 1300 565 1343 [Υ
584 1298 780 1341 cusin-um]
809 1298 911 1332 cuius
928 1297 1110 1331 diameter
1127 1295 1330 1330 communis
1347 1295 1506 1329 hominis
1524 1295 1641 1340 digito
1658 1295 1779 1329 minor
1794 1305 1868 1329 non
1885 1294 1943 1336 sit,

322 1368 411 1389 ANTE
437 1367 580 1396 Psscrvs,
607 1354 705 1398 quod
728 1353 909 1388 masculos
925 1353 963 1387 in
980 1353 1082 1387 veste
1101 1352 1317 1394 extrinseca,
1343 1351 1397 1385 ita
1413 1351 1513 1395 quod
1529 1351 1695 1386 omnium
1712 1362 1774 1386 eos
1790 1350 1945 1385 induen-

323 1412 417 1446 tium
435 1411 549 1446 oculis
567 1410 757 1454 appareat,
778 1410 814 1443 et
831 1409 912 1444 duae
930 1409 1018 1454 rigae
1035 1408 1158 1443 blanci
1176 1408 1308 1442 coloris
1325 1407 1362 1441 in
1380 1407 1491 1452 peplo
1508 1407 1718 1449 mulierum,
1743 1407 1782 1441 in
1799 1407 1945 1452 signum

324 1467 557 1509 differentiae,
576 1467 619 1500 ut
641 1477 662 1499 a
680 1465 894 1501 Christianis
912 1465 1211 1499 discernantur“.
1244 1464 1288 1498 V.
1305 1464 1343 1497 in
1360 1463 1486 1498 Privil.
1506 1463 1612 1498 Civit.
1631 1463 1797 1498 Francos.
1814 1474 1850 1507 p.
1868 1466 1944 1498 328.

323 1523 370 1557 Et
386 1524 423 1557 in
436 1522 612 1557 Mandato
627 1521 749 1556 Senat.
763 1521 938 1555 Northus.
953 1532 1010 1554 an.
1024 1524 1117 1558 1559,
1134 1522 1145 1564 ζ
1148 1531 1205 1564 ap.
1221 1520 1342 1554 eumd.
1358 1520 1523 1554 Haltaus.
1539 1531 1574 1564 p.
1587 1521 1716 1563 1055.):
1743 1519 1819 1563 „Es
1835 1519 1946 1554 sollen

325 1580 418 1614 auch,
441 1580 511 1613 alle
529 1578 666 1620 Juden,
692 1578 750 1612 die
769 1578 804 1611 in
826 1578 942 1612 dieser
959 1577 1067 1611 &tuat
1086 1577 1158 1610 ein·
1184 1577 1270 1611 oder
1288 1577 1472 1611 ausreiteoz
1495 1576 1581 1610 oder
1596 1576 1718 1621 9ehen,
1743 1576 1803 1610 ihr
1820 1575 1947 1618 offent-

325 1635 396 1669 {ich
412 1634 440 1668 J
444 1635 700 1676 zocleneeiehen,
727 1635 827 1668 einen
847 1636 978 1678 gyrossen
998 1633 1119 1677 {selben
1137 1633 1240 1676 Riny
1263 1644 1314 1667 αη
1338 1633 1439 1667 ihren
1456 1632 1638 1667 Kleidern
1654 1631 1850 1666 uwbedeckt
1873 1634 1947 1666 tra-

324 1702 411 1736 yen,
437 1691 552 1725 demit
575 1691 626 1725 sie
652 1691 795 1731 ern-ant,
825 1690 900 1723 und
916 1690 980 1732 fz'c'r
1004 1689 1156 1723 ehrle'ehe
1174 1688 1288 1723 Lente
1314 1689 1412 1723 nieht
1436 1689 1634 1733 anyesehen
1656 1688 1809 1723 werden.
1860 1686 1948 1722 Wer

326 1747 482 1781 ‹Im-uber
506 1747 742 1792 angyetroffen,
768 1747 831 1780 der
848 1746 913 1780 soll
930 1756 995 1779 zur
1015 1745 1237 1790 Gefc'c‘nym'ss
1254 1745 1377 1780 brach&
1396 1745 1473 1779 und
1490 1745 1530 1779 in
1548 1745 1626 1779 eine
1642 1744 1752 1787 Busse
1768 1744 1946 1787 versallen

325 1803 443 1847 seyn',
469 1802 506 1836 in
531 1802 673 1837 Lesseri
697 1802 822 1836 chron.
839 1814 874 1846 p.
893 1805 994 1836 255.“

237 1864 278 1894 25
303 1859 487 1903 deberetis]
515 1859 688 1900 debebas,
716 1858 918 1892 debebatis.

237 1920 277 1949 27
297 1915 522 1959 profundus]
553 1915 649 1949 bene
681 1914 819 1948 doctus.
847 1914 1020 1949 ‘zelosos'
1049 1914 1222 1948 dicebant
1245 1913 1282 1947 in
1315 1913 1522 1949 exercenda
1551 1913 1859 1959 defendendaque
1891 1924 1947 1949 ec—

326 1970 530 2005 clesiastica
554 1970 721 2005 doctrina
743 1981 845 2005 acres
861 1970 1146 2015 industriosque.
1182 1970 1259 2005 haec
1277 1969 1370 2013 fere,
1397 1971 1440 2004 ut
1460 1971 1704 2014 speculativus
1723 1970 1781 2016 (cf.
1799 1970 1846 2005 ad
1863 1972 1946 2015 8¹⁶),

326 2027 587 2072 magistrorum
612 2027 820 2061 nostrorum
838 2027 1005 2071 epitheta
1029 2026 1201 2061 ornantia
1224 2028 1320 2061 sunt.

238 2088 279 2117 28
304 2083 491 2127 quatinus]
518 2084 699 2127 quatenus
724 2094 790 2128 pro
818 2084 894 2117 ‘ut'
921 2083 1052 2117 mediae
1077 2082 1290 2118 Latinitatis
1315 2083 1538 2118 vocabulum
1562 2083 1913 2127 frequentissimum.

238 2144 290 2173 29.
309 2144 350 2174 30
375 2151 423 2173 an
450 2143 499 2174 est
522 2159 565 2164 —
592 2140 747 2184 ridetur]
772 2151 861 2173 num
887 2139 949 2181 sit,
975 2139 1157 2174 videatur.

239 2201 280 2230 33
306 2195 454 2239 vectum]
479 2195 610 2238 Recht,
635 2196 772 2230 iustum
798 2196 836 2229 et
860 2207 1016 2239 aequum.

283 2252 509 2295 scamlalmn]
536 2251 699 2294 offensio,
725 2251 861 2285 iniuria
885 2263 965 2295 quae
991 2251 1178 2297 magistris
1202 2251 1336 2286 nostris
1360 2252 1411 2287 fit.

285 2317 357 2340 mm
384 2310 432 2340 est
458 2308 535 2349 diff.
557 2308 651 2341 inter
668 2308 754 2341 Iud.
773 2311 803 2341 et
824 2307 968 2351 Christ]
996 2306 1146 2342 Scilicet
1170 2308 1440 2342 consultatione
1466 2319 1532 2341 sua
1556 2307 1615 2342 die
1641 2312 1671 2342 9.
1689 2308 1783 2342 NOV.
1801 2319 1832 2342 a.
1852 2311 1947 2342 1510.

331 2363 462 2396 emissa
487 2362 598 2396 etiam
625 2362 860 2398 Colonienses
883 2363 1049 2407 theologi
1073 2362 1171 2397 inter
1196 2363 1269 2397 alia
1293 2364 1591 2408 postulaverant,
1620 2364 1679 2398 ‘ut
1701 2363 1817 2398 Iudaei
1841 2364 1946 2409 signo

332 2418 497 2453 evidenti
514 2429 535 2452 a
548 2418 761 2453 Christianis
779 2419 1096 2463 distinguerentur
1108 2420 1126 2452 ².
1157 2418 1325 2463 Peperic.
1338 2419 1486 2454 Defens.
1499 2431 1534 2464 p.
1549 2420 1610 2463 33¹³.
1643 2419 1696 2454 Cf.
1709 2419 1865 2454 Haltaus
1881 2420 1903 2454 l.
1919 2431 1948 2454 c.

241 2479 282 2509 :35
308 2475 398 2509 dom.
418 2475 630 2519 imperator]
668 2475 724 2509 Ita
754 2475 885 2519 postea
915 2486 984 2508 sec.
1003 2474 1168 2508 Haltaus.
1186 2474 1209 2508 l.
1228 2486 1256 2508 c.
1275 2486 1305 2509 a.
1325 2479 1420 2509 1578.
1438 2475 1739 2517 „Ferdinandus
1771 2476 1836 2510 der
1866 2479 1949 2517 ersi,

332 2542 439 2565 unser
463 2531 609 2575 (jelibter
631 2531 714 2565 herr
740 2531 816 2565 und
840 2534 956 2565 ‘caster
973 2551 1013 2554 ——
1032 2531 1202 2575 yeordnet
1226 2531 1305 2573 lecet,
1331 2531 1399 2565 das
1422 2532 1493 2566 (dle
1516 2531 1594 2566 und
1609 2531 1694 2575 jede
1707 2532 1828 2575 judea
1844 2551 1886 2556 —
1904 2541 1950 2565 zu

330 2587 445 2621 (ciuem
466 2587 643 2629 chz'ehen,
670 2587 790 2621 daran
814 2598 856 2632 sy
880 2597 948 2620 von
971 2586 1039 2620 den
1061 2586 1228 2621 Clarz'sten
1251 2587 1519 2622 unclersehz'den
1541 2587 1616 2622 ‘end
1640 2588 1784 2622 erlehent
1806 2587 1950 2622 werden

330 2643 457 2685 sollen,
486 2643 575 2677 Nmz
607 2643 757 2686 hz'nfz'c'ro
786 2654 833 2677 cm
849 2643 933 2685 jren
960 2643 1065 2676 obern
1082 2642 1252 2677 Ro'clcleen
1275 2643 1362 2677 oder
1381 2642 1577 2686 Claidern,
1608 2643 1684 2686 auf
1699 2643 1763 2678 der
1785 2643 1950 2678 Ziozckhen

330 2700 474 2742 seitten,
504 2709 639 2733 vorwzen
664 2710 713 2733 (m
739 2699 802 2733 der
820 2702 948 2742 prust,
973 2699 1083 2733 ainen
1106 2699 1227 2743 yelben
1245 2699 1364 2744 Βίης,
1395 2711 1463 2734 von
1487 2701 1608 2734 aivam
1630 2700 1752 2745 gyelben
1774 2699 1877 2734 mech
1893 2710 1950 2744 ye-

332 2756 458 2797 macht,
472 2755 652 2798 offentlielt
666 2756 739 2789 end
756 2755 993 2799 cnverboryen
1007 2756 1297 2800 t7·c19ensollen.“
1319 2755 1370 2790 Cf.
1385 2755 1431 2789 ad
1444 2756 1611 2800 proxime
1625 2756 1853 2800 superiorem
1867 2765 1948 2789 v.24.

242 2815 282 2844 3?
310 2810 496 2845 dictamen
519 2812 673 2845 vocatur
697 2811 943 2856 quodcunque
975 2811 1124 2845 brevius
1156 2811 1350 2856 seriptum,
1383 2812 1460 2846 sive
1490 2812 1679 2856 poeticum
1704 2812 1780 2846 sive
1811 2811 1949 2855 prosai-

333 2877 432 2908 cum,
466 2866 541 2900 sive
574 2867 730 2911 epistola
754 2867 830 2901 sive
857 2867 1159 2910 commentarius,
1193 2868 1236 2901 ut
1258 2879 1324 2902 nos
1349 2868 1408 2902 ein
1430 2867 1607 2910 Aufscttz,
1638 2878 1712 2902 non
1737 2867 1855 2902 solum
1881 2877 1949 2911 eyn

336 2922 515 2966 Gedyeht,
554 2923 595 2956 ut
630 2923 743 2957 habet
773 2923 929 2958 Gemma
953 2935 987 2968 g.
1045 2922 1096 2957 Cf.
1114 2923 1161 2957 ad
1186 2924 1275 2958 60³0.
1294 2924 1331 2957 et
1354 2923 1433 2957 Ind.
1450 2923 1567 2968 biogr.
1586 2935 1621 2968 p.
1639 2927 1715 2958 417.
1733 2923 1800 2957 art.
1817 2921 1949 2956 Modus

333 2977 507 3011 dictandi.
553 2978 597 3012 H.
614 2978 637 3012 1.
662 2979 846 3023 significat
869 2979 1086 3023 sequentem
1111 2979 1308 3023 epistulam
1326 2984 1356 3014 3.
1375 2979 1419 3014 cf.
1436 2991 1471 3024 p.
1488 2983 1508 3014 8
1521 2981 1540 3014 ¹.

243 3038 284 3069 39
310 3034 489 3077 constans]
517 3034 665 3076 assecla,
692 3035 819 3077 socius,
846 3035 1035 3079 conpotor.
