2119 3522
292 196 386 241 752
801 206 1067 230 commum-Amvs
1090 207 1136 228 AD
1161 207 1232 229 EPP.
1251 207 1280 227 ο.
1298 206 1331 229 v.
1355 206 1433 228 von.
1450 206 1487 227 11.

288 273 338 303 Pa
366 295 372 301 .
393 270 484 305 277.

340 281 363 312 g
379 334 408 356 a.
433 326 509 356 362.
532 321 646 354 latam
671 318 858 363 ‘magistri
882 317 1087 351 studiorum
1119 316 1379 359 doctoresque’
1412 315 1488 348 sive
1519 314 1742 358 professores
1772 314 1809 347 in
1842 313 1995 359 singulis

377 377 588 411 civitatibus
614 374 767 418 [praeter
788 372 945 407 Romam
971 373 1008 406 et
1031 371 1112 416 CR]
1139 371 1288 405 decreto
1313 371 1507 404 curialium
1530 370 1828 413 optimorumque
1853 369 1994 413 conspi-

377 433 481 466 rante
499 441 676 465 consensu
694 429 924 463 creabantur.
952 427 1084 471 Neque
1099 426 1273 460 Bononiae
1287 427 1413 470 (quam
1430 425 1615 469 praecipue
1633 424 1699 458 sub
1714 424 1829 458 Italiae
1846 424 1994 458 nomine

377 487 563 521 Huttenus
591 486 626 519 h.
650 485 673 518 l.
690 483 793 527 vult)
826 484 913 517 ante
942 482 1107 516 medium
1137 482 1214 516 fere
1245 492 1324 516 saec.
1341 494 1401 515 xn.
1425 480 1585 514 doctoris
1616 480 1829 524 magistr-ive
1860 490 1994 513 nomen

378 542 528 587 propria
557 553 590 584 q.
614 553 647 574 v.
671 539 922 584 promotione,
954 549 1035 582 quae
1065 537 1226 581 primum
1257 537 1492 581 cooptatione
1523 536 1561 569 in
1592 536 1676 569 actu
1713 534 1995 569 constitutorum

378 598 570 631 doctorum
595 596 720 637 fiebat,
747 593 1023 638 adquirebatur.
1072 592 1212 627 Saeculo
1237 605 1311 625 xm.
1329 592 1381 625 ibi
1406 593 1602 626 occurrunt
1626 591 1796 625 doctores
1819 591 1895 624 sive
1920 600 1995 623 ma·

379 653 483 698 gistri
502 653 626 696 legum
653 649 928 694 [imperialium]
955 650 993 682 et
1009 648 1242 682 decretorum
1266 648 1300 691 [i.
1319 658 1349 682 e.
1366 648 1433 681 iur.
1451 648 1629 691 canonici]
1656 648 1694 680 et
1710 645 1901 679 medicinae
1919 646 1995 679 sive

378 708 548 753 physicae,
576 706 837 751 grammaticae,
863 705 1004 749 logicae,
1030 703 1283 748 philosophiae,
1310 703 1461 738 notariae
1488 703 1589 747 [artis
1605 701 1821 745 notariatus]
1848 702 1888 734 et
1911 700 1996 734 alia-

378 776 458 797 rum
485 763 637 804 artium,
671 762 734 796 sed
760 761 954 794 doctorum
985 770 1119 794 nomen
1145 760 1262 804 magis
1286 759 1477 803 magisque
1503 758 1589 792 solis
1613 757 1701 790 iuris
1726 756 1910 801 magistris
1934 756 1996 789 tri-

378 820 577 860 buebatur,
604 829 645 851 ac
671 817 883 850 doctoratus
907 815 1237 860 magisteriumque
1262 816 1442 858 tanquam
1472 814 1671 859 privilegia
1695 812 1996 856 adquirebantur,

377 886 498 919 neque
525 884 651 908 omnes
676 873 887 916 quicunque
913 871 1081 905 doctores
1106 870 1320 915 magistr-ive
1346 870 1434 904 facti
1458 871 1579 911 erant,
1604 870 1641 902 in
1660 868 1827 903 ordinem
1852 867 1928 901 sive
1946 866 1997 899 fa-

378 931 554 965 cultatem
580 929 866 973 recipiebantur.
906 927 1013 960 Nunc
1038 925 1312 970 promovendus
1337 927 1421 969 post
1445 926 1656 969 superatam
1680 924 1837 968 primam
1863 923 1998 956 exami-

379 987 581 1027 nationem,
608 996 690 1029 quae
715 984 863 1028 privata
879 982 1151 1026 appellabatur,
1178 981 1416 1023 Licentiatus,
1442 982 1526 1024 post
1542 980 1742 1024 publicam,
1768 990 1849 1022 quae
1867 978 1998 1011 sollen-

381 1043 478 1075 niter
502 1042 539 1075 in
565 1041 720 1075 ecclesia
743 1039 1033 1082 metropolitana
1049 1037 1268 1078 habebatur,
1296 1036 1433 1069 Doctor
1456 1035 1757 1079 proclamabatur
1780 1034 2001 1078 insignibus-

382 1109 453 1142 que
479 1095 730 1131 doctoralibus
755 1094 965 1128 ornabatur.
1014 1092 1322 1126 Baccalaureatus
1353 1102 1487 1125 nomen
1511 1091 1548 1124 in
1574 1090 1711 1124 Italicis
1735 1089 1865 1122 studiis
1889 1099 1999 1133 gene-

380 1153 518 1186 ralibus
549 1153 634 1186 ante
665 1161 743 1185 saec.
769 1162 838 1183 xvi.
863 1149 1026 1183 medium
1059 1160 1129 1182 non
1162 1148 1330 1182 occurrit.
1379 1146 1430 1181 Cf.
1455 1146 1619 1190 Scwz'yny
1646 1145 1767 1179 (iesch.
1791 1146 1825 1179 d.
1849 1144 1894 1179 R.
1911 1144 1957 1178 R.
1975 1145 1999 1178 i.

379 1209 469 1242 MA.
487 1208 549 1241 ΙΙΙ.
598 1206 652 1240 De
677 1205 918 1239 baccalauriis
944 1204 1157 1237 Parisiensis
1188 1203 1321 1237 scholae
1348 1204 1386 1237 et
1415 1203 1461 1236 ad
1494 1202 1601 1235 huius
1633 1201 1844 1245 exemplum
1876 1200 1999 1234 condi-

380 1268 500 1299 tarum
545 1262 848 1297 Germanicarum
895 1260 1191 1294 universitatium
1229 1259 1274 1293 cf.
1299 1258 1376 1292 Iud.
1401 1259 1517 1303 biogr.
1542 1269 1577 1302 p.
1601 1262 1674 1292 302.
1700 1268 1751 1300 sq.
1777 1257 1843 1290 art.
1867 1255 2000 1289 Bacca-

380 1321 538 1354 laureus.

290 1382 333 1411 25
358 1377 466 1410 etiam
491 1374 578 1417 ozon]
605 1385 650 1407 ne
677 1373 837 1417 quidem.

289 1437 332 1467 26
356 1432 524 1476 mayistri
549 1456 557 1464 .
575 1456 582 1463 .
609 1429 883 1472 deponebantur
908 1456 914 1461 .
935 1456 940 1462 .
961 1455 967 1461 .
995 1431 1025 1462 et
1056 1427 1173 1470 simpl.
1197 1438 1223 1461 s.
1246 1427 1338 1471 ozon]
1365 1427 1386 1460 i.
1411 1437 1441 1461 e.
1465 1426 1638 1461 Bononiae
1669 1426 1712 1468 ii,
1745 1425 1808 1469 qui
1843 1425 1880 1458 in
1913 1423 2000 1458 Ger-

380 1487 505 1520 mania
534 1485 701 1529 magistri
727 1484 814 1518 facti
840 1485 940 1525 sunt,
975 1483 1140 1517 rudiores
1171 1483 1355 1517 habentur
1379 1494 1488 1526 quam
1515 1483 1578 1526 qui
1609 1482 1770 1526 primum
1802 1481 1838 1514 in
1863 1480 2001 1514 studio-

381 1554 503 1577 sorum
528 1551 724 1575 numerum
749 1539 953 1584 recipiendi
979 1541 1072 1572 sunt.
1099 1539 1143 1573 cf.
1162 1541 1259 1573 280⁷.
1293 1538 1347 1571 De
1373 1539 1575 1572 beanorum
1601 1537 1833 1581 depositione
1859 1536 1903 1570 cf.
1922 1535 2000 1570 Iud.

380 1599 497 1643 biogr.
516 1609 550 1641 p.
569 1601 644 1631 305.
662 1608 714 1640 sq.
733 1597 800 1630 art.
817 1595 972 1629 Beanus.

290 1660 332 1690 28
357 1656 399 1689 i‘n
423 1654 511 1688 Ital.
530 1654 604 1697 etc]
632 1651 736 1693 Quod
761 1651 797 1684 in
822 1651 933 1685 Italia
958 1650 1218 1685 Germanicum
1244 1650 1500 1694 magisterium
1526 1651 1565 1683 et
1593 1648 1897 1683 baccalaureatus
1922 1648 2001 1682 vili-

381 1709 568 1754 penditur,
594 1709 719 1741 tamen
737 1707 888 1741 bullatis
905 1707 1091 1751 magistris
1107 1717 1180 1740 non
1206 1706 1358 1750 prodest
1380 1708 1430 1750 (p.
1447 1707 1561 1749 22331)
1586 1715 1707 1749 neque
1733 1705 1770 1738 in
1787 1705 1868 1749 ipsa
1884 1704 2001 1738 Italia.

381 1765 501 1799 Etiam
527 1763 828 1807 Wimphelingus
854 1762 1001 1806 (Isidon.
1020 1762 1191 1796 German.
1210 1773 1239 1796 c.
1259 1764 1325 1805 17.)
1351 1762 1564 1806 vituperans
1590 1760 1858 1795 Germanorum
1882 1770 2002 1804 gram-

381 1821 554 1855 maticam
586 1818 742 1853 docendi
772 1818 989 1852 methodum
1015 1819 1085 1860 „et
1114 1817 1254 1851 hodie“
1286 1818 1408 1861 inquit
1433 1818 1631 1860 „videmus
1662 1816 1774 1850 Italos
1804 1815 2003 1860 prudentia

381 1876 555 1921 praeditos
588 1875 696 1908 aliter
727 1874 862 1909 liberos
893 1885 975 1908 suos
1011 1874 1205 1907 instituere
1225 1873 1417 1907 :inhibitis
1448 1874 1546 1907 enim
1582 1872 1798 1906 brevissimo
1833 1873 2001 1915 tempore

381 1931 631 1977 grammaticae
664 1931 884 1964 rudimentis
910 1931 1111 1974 (quantum
1137 1929 1183 1963 ad
1216 1929 1504 1963 concinnitatem
1528 1927 1725 1962 locutionis
1750 1926 1904 1970 attinet)
1929 1927 2001 1960 tra-

381 1988 522 2022 ducunt
546 1997 607 2021 eos
633 1986 678 2020 ad
703 1988 844 2030 poetas,
871 1986 917 2020 ad
935 1987 1110 2028 oratores,
1137 1985 1183 2019 ad
1201 1985 1404 2027 historicos,
1430 1984 1493 2018 ubi
1518 1984 1694 2026 latinitas,
1720 1983 1785 2016 ubi
1803 1982 2000 2027 elegantia,

381 2044 444 2078 ubi
468 2042 747 2088 significationis
771 2042 995 2086 proprietas,
1022 2042 1086 2075 ubi
1112 2042 1287 2076 orationis
1312 2041 1487 2085 splendor
1512 2042 1550 2074 et
1575 2040 1698 2084 copia,
1731 2039 1795 2072 ubi
1820 2038 2003 2082 exquisita

381 2098 614 2144 compositio,
646 2098 709 2132 ubi
742 2098 950 2133 difficilium
976 2097 1241 2132 vocabulorum
1271 2097 1549 2140 interpretatio,
1580 2095 1644 2129 ubi
1673 2095 1861 2139 persuasio
1891 2093 2002 2138 plane

381 2156 552 2197 discitur3
585 2155 710 2198 sicque
736 2154 915 2188 Italorum
946 2153 1012 2187 filii
1043 2164 1128 2187 mox
1155 2153 1319 2186 evadunt
1347 2152 1472 2186 idonei
1498 2152 1543 2186 ad
1575 2150 1776 2185 audiendas
1805 2150 1923 2195 leges,
1956 2150 2001 2184 ad

381 2221 557 2252 canones,
595 2211 641 2244 ad
667 2221 786 2244 sacras
810 2210 969 2252 litteras,
997 2211 1035 2244 et
1058 2210 1095 2242 in
1121 2219 1166 2243 ea
1189 2208 1403 2252 frequenter
1433 2209 1541 2242 aetate
1571 2206 1821 2241 iurisconsulti
1843 2205 2002 2240 reddun-

379 2269 456 2309 tur,
488 2266 527 2300 in
552 2277 626 2310 qua
655 2267 837 2300 nostrates
868 2265 1003 2299 miselli
1027 2265 1146 2300 adhuc
1172 2265 1217 2299 de
1242 2264 1430 2306 vocativo,
1464 2264 1508 2298 de
1535 2263 1698 2307 quinque
1730 2262 1856 2306 figuris
1882 2262 2002 2305 deque

382 2321 622 2366 appositionis
639 2322 731 2355 vitio
750 2321 952 2363 decertant,
978 2321 1089 2364 inque
1108 2321 1271 2355 obscuris
1288 2320 1444 2365 genitivi
1462 2319 1600 2353 viribus
1616 2318 1825 2362 ineptisque
1843 2317 2002 2351 Alexan·

382 2378 438 2411 dri
463 2377 687 2411 carminibus
713 2377 757 2420 (si
775 2377 939 2411 carmina
955 2376 1028 2410 dici
1044 2378 1248 2420 merentur)
1274 2376 1468 2410 ridiculose
1487 2374 1691 2415 versantur,
1719 2384 1877 2417 cumque
1903 2373 2001 2417 apud

381 2434 495 2467 bonos
519 2433 766 2477 praeceptores
791 2432 955 2466 lauream
981 2432 1057 2466 sive
1076 2432 1309 2466 doctoratum
1335 2431 1480 2475 assequi
1503 2430 1720 2474 potuissent,
1746 2430 1830 2472 post
1845 2428 2001 2463 duorum

383 2489 495 2523 etiam
522 2490 586 2522 aut
609 2488 721 2522 trium
754 2489 953 2522 lustrorum
979 2488 1101 2522 studia
1131 2487 1366 2532 interrogati,
1400 2486 1576 2531 quidnam
1608 2484 1821 2527 didicerint,
1854 2494 2001 2529 respon-

382 2545 469 2579 dere
495 2544 596 2578 aliud
621 2544 713 2578 nihil
737 2545 891 2588 possunt
915 2554 1026 2588 quam
1053 2544 1197 2578 ‘ambas
1221 2543 1422 2577 Alexandri
1446 2542 1600 2587 partes’.

291 2607 334 2637 30
357 2601 478 2646 simul]
504 2600 554 2634 sic
580 2600 730 2644 quidem
757 2600 812 2634 ed.
831 2605 872 2641 5.,
899 2600 963 2634 sed
991 2601 1166 2641 ‘contra’,
1193 2600 1236 2633 ut
1258 2599 1373 2633 habet
1396 2603 1440 2640 4.,
1466 2598 1669 2643 genuinum
1696 2598 1760 2631 est.
1787 2596 1838 2631 Of.
1856 2597 1966 2630 27612.

292 2661 425 2692 31...33
450 2656 756 2701 Laozysclmeycler
773 2682 780 2690 .
799 2684 805 2690 .
825 2684 832 2690 .
854 2656 1080 2699 Ochsewfart]
1107 2655 1161 2690 De
1186 2656 1242 2689 his
1266 2654 1451 2699 magistris
1476 2654 1519 2688 cf.
1537 2653 1743 2697 peculiares
1766 2653 1850 2686 artt.
1868 2653 1906 2685 in
1922 2652 2000 2685 Ind.

381 2713 497 2757 biogr.
545 2711 844 2757 Langschneider
869 2710 1085 2755 (Sartoris)‚
1117 2711 1345 2745 Wi'istenfelt
1376 2712 1413 2744 et
1437 2710 1567 2744 doctor
1592 2708 1811 2743 Ochsenfart
1841 2709 2002 2742 rectores

381 2769 481 2802 univ.
499 2767 595 2812 Lips.
614 2768 765 2802 fuerunt
796 2768 900 2802 annis
927 2772 1022 2802 1507.
1041 2769 1079 2802 et
1105 2771 1199 2802 1510.
1217 2765 1358 2801 Decani
1382 2760 1534 2800 fuerunt
1557 2776 1587 2799 a.
1608 2768 1704 2800 1508.
1723 2763 1880 2798 Sartoris
1906 2762 2000 2807 (eod.

382 2835 412 2858 a.
433 2823 649 2858 Ochsenfart
674 2823 1031 2867 Vicecancellarius)
1064 2824 1102 2858 et
1132 2834 1162 2857 a.
1190 2826 1286 2857 1509.
1311 2821 1495 2856 Arnoldus
1519 2820 1838 2855 chstefeldensis
1869 2819 2001 2853 Linda-

382 2880 522 2913 vianus.

336 2936 488 2970 mittunt
511 2945 571 2970 vos
595 2936 769 2980 salutare]
795 2936 907 2979 Iassen
924 2935 1030 2970 Euch
1053 2937 1207 2979 yrassen,
1233 2934 1370 2968 salutes
1394 2934 1558 2976 mittunt,
1585 2935 1621 2967 te
1648 2933 1808 2966 salutare
1833 2931 1971 2967 iubent.
