2119 3522
339 228 433 276 658
851 241 1114 266 commnmmvs
1137 243 1185 265 An
1209 242 1282 266 EPP.
1300 244 1330 266 ο.
1348 240 1381 266 v.
1405 242 1484 266 von.
1501 240 1539 266 11.

334 307 421 346 Pag.
442 304 532 340 192-

423 361 559 391 tinctus
584 358 724 400 potest?
762 357 829 388 Sed
853 356 999 388 maloin
1023 356 1115 388 hanc
1140 360 1276 398 partem
1292 366 1451 399 peccare,
1477 356 1607 399 11131106
1631 357 1698 389 sim
1715 356 1857 389 omnino
1881 358 2045 399 ingratus

421 416 522 447 iuxta
545 414 635 446 illud
658 413 763 453 lyrici
787 413 882 444 senis
907 406 1036 454 κωφὸς
1055 405 1151 454 ἀνὴρ
1169 407 1455 454 πρὸς“Ηρακλεῑ
1476 409 1595 454 στόμα
1618 408 1668 455 μὴ
1686 409 1934 455 παραβάλλει.
1967 425 2046 446 cum

422 471 510 502 alias
535 469 624 500 illud
640 469 757 510 ipsum
774 469 1025 509 graevissimum
1048 468 1153 499 simul
1170 471 1204 499 et
1229 469 1492 501 sanctissimum
1508 478 1636 500 nomen
1659 469 1804 511 pietatis
1820 469 1934 501 levius
1959 470 2046 501 mihi

396 548 401 552 .
421 526 557 557 meritis
581 535 667 567 erga
696 534 749 555 me
774 525 845 556 tuis
870 534 947 556 esse
969 523 1141 555 videatur.
1187 524 1400 557 Franciscus
1425 525 1584 566 Poggius
1608 524 1837 557 Florentinus
1862 535 1978 566 nuper
2002 525 2045 556 ad

421 592 593 613 summum
617 580 824 622 pontificem
849 581 968 612 oravit
993 580 1117 611 ‘Pater
1143 579 1292 620 Sancte,
1323 582 1402 621 Ego
1427 591 1563 613 sumam
1586 581 1673 612 mihi
1696 582 1831 622 parteis
1855 581 2044 622 Reuehlin,

420 642 453 669 et
478 637 558 669 volo
585 640 679 668 stare
709 636 787 668 1000
813 637 938 678 ipsius.
963 636 1035 677 legi
1065 646 1149 668 suas
1179 636 1446 668 lucubrationes
1471 637 1606 669 omneis
1638 637 1771 669 omneis
1802 648 1889 679 quas
1919 637 2046 669 habere

420 694 546 735 potui.
564 693 700 725 homini
730 692 769 724 fit
801 691 963 724 iniuria⁷.
1011 691 1078 724 Cui
1109 692 1280 724 Pontifex
1310 695 1392 734 post
1422 692 1534 724 multa
1563 693 1749 735 respondit
1774 693 1874 725 ‘Noli
1905 703 2044 734 curare,

419 749 546 791 Poggi,
572 759 645 780 uon
668 748 818 780 feremus
842 751 882 780 ut
908 749 1099 790 quicquam
1122 748 1206 780 mali
1229 749 1389 790 patiatur
1412 748 1473 780 hic
1497 748 1584 780 vir'.
1630 749 1961 781 Reverendissimus
1985 749 2046 780 do-

418 805 534 837 minus
560 804 764 837 Cardinalis
794 808 915 837 noster
947 805 1037 836 favit
1067 804 1234 837 laudibus
1264 806 1337 837 tuis
1357 805 1621 846 ,interrogavit
1650 815 1704 836 me
1729 805 1859 847 saepius
1884 801 2046 837 de'omni

418 862 493 892 vita
517 864 590 900 tua,
615 871 662 892 an
686 864 814 903 praeter
839 861 962 893 literas
987 861 1094 893 etiam
1109 860 1182 892 alia
1206 871 1340 902 ageres,
1368 865 1404 893 et
1430 861 1514 903 quid
1537 861 1576 892 in
1600 861 1818 893 redditibus?
1842 871 1889 893 an
1912 861 2044 893 liberos

418 917 578 956 haberes,
603 920 638 948 et
663 918 749 959 quid
774 918 893 958 frater,
919 917 1004 959 quid
1030 918 1319 958 consanguineus
1336 917 1525 959 Philippus
1552 915 1836 960 [Melanchthon]
1863 920 1948 949 tuus
1971 916 2044 957 ille,

417 973 476 1005 ille
507 974 575 1004 mei
606 973 890 1013 amantissimus,
921 976 955 1004 et
987 977 1167 1015 postremo
1199 976 1373 1015 quantum
1402 982 1467 1014 ego
1498 983 1654 1005 amarem
1677 973 1937 1015 te.Respondi
1959 972 2045 1004 Mon

417 1040 476 1062 sor
500 1029 804 1061 Reverendissimo
831 1025 930 1062 ιἶσον
959 1023 1028 1073 ἐμῇ
1052 1027 1228 1072 κεφαλῇ’.
1275 1030 1392 1061 Maior
1416 1039 1498 1070 pars
1522 1034 1690 1061 votorum
1721 1030 1878 1061 omnium
1901 1032 1955 1060 est
1980 1038 2043 1070 pro

417 1090 467 1126 te,
500 1089 535 1117 et
561 1084 662 1117 credo
693 1095 765 1116 non
797 1089 952 1126 quatuor
983 1095 1060 1118 esse
1089 1096 1151 1127 pro
1182 1085 1397 1117 adversario.
1444 1085 1594 1123 Videtur
1618 1085 1755 1117 demum
1784 1085 1871 1116 mihi
1894 1085 2045 1116 maxime

416 1152 458 1173 ex
483 1153 519 1173 re
547 1145 619 1181 tua,
647 1142 677 1173 si
701 1141 771 1172 iam
795 1141 909 1174 denuo
934 1141 1058 1173 literas
1082 1140 1126 1173 ad
1142 1141 1332 1173 Reverend.
1351 1140 1576 1173 Cardinalem
1599 1140 1779 1173 dominum
1802 1151 1917 1173 meum
1940 1140 2044 1172 dares

417 1209 497 1230 cum
532 1198 684 1239 primum
714 1200 873 1231 vacaret.
927 1198 1065 1229 Habuit
1096 1207 1208 1239 nuper
1243 1197 1366 1230 literas
1396 1197 1440 1229 ab
1470 1197 1621 1229 Erasmo
1652 1197 1905 1237 Roterodamo,
1942 1207 2044 1238 quem

417 1264 634 1295 summopere
658 1253 782 1285 laudat
799 1278 806 1284 .
824 1258 945 1295 posset
976 1253 1143 1295 prodesse
1170 1253 1201 1285 si
1231 1253 1548 1285 commonefaceres
1578 1252 1689 1285 illum.
1731 1253 1976 1295 Expectantur
2000 1253 2045 1284 ab

416 1310 577 1342 omnibus
602 1313 665 1341 tua
689 1309 944 1351 Pythagorica.
986 1311 1116 1342 Romae.
1139 1310 1242 1341 Anno
1262 1320 1438 1341 )1.D.xvu.

329 1369 365 1398 11
394 1369 443 1399 est
462 1367 571 1407 poeta
596 1364 671 1408 etc]
703 1363 835 1398 Leonis
860 1363 930 1397 PP.
948 1363 990 1397 X.
1009 1363 1190 1398 bonarum
1220 1363 1432 1397 litterarum
1464 1364 1673 1408 artiumque
1699 1374 1804 1398 amor
1826 1363 2043 1408 praedicato-

415 1420 514 1454 ribus
539 1431 773 1464 summopere
804 1419 944 1454 invisus
968 1420 1055 1462 fuit,
1089 1421 1127 1454 et
1150 1419 1225 1453 iam
1251 1430 1362 1464 supra
1389 1424 1428 1454 19
1438 1420 1476 1453 2⁷.
1495 1421 1623 1464 aperte
1650 1419 1792 1454 dictum
1824 1421 1879 1454 est
1901 1419 2043 1464 Papam

417 1488 491 1511 non
517 1487 593 1510 esse
617 1476 757 1511 bonum
776 1475 1035 1517 Christianum,
1064 1477 1102 1509 et
1125 1488 1158 1520 p.
1181 1479 1220 1510 17
1234 1477 1270 1508 ¹⁹.
1288 1486 1362 1509 non
1381 1486 1458 1510 esse
1475 1476 1695 1521 theologum
1719 1478 1756 1510 et
1778 1476 1931 1510 beatum
1948 1475 2043 1509 Tho-

415 1545 514 1568 mam
539 1534 667 1567 contra
692 1532 851 1577 gentiles
875 1543 949 1566 non
973 1531 1193 1576 intelligere.

327 1595 367 1625 12
392 1589 698 1633 Sanctissimitas]
724 1589 746 1622 i.
766 1600 796 1622 e.
813 1588 998 1623 sanctitas.
1037 1588 1098 1622 Bis
1122 1590 1286 1630 tantum,
1312 1588 1347 1622 h.
1364 1588 1387 1621 1.
1407 1589 1445 1622 et
1467 1600 1503 1632 p.
1523 1590 1651 1631 139¹¹.‚
1679 1588 1748 1622 hoc
1773 1590 1980 1622 monstrum
2004 1588 2042 1621 111

414 1646 470 1680 1113
495 1645 660 1690 epistolis
684 1645 832 1689 legitur.

327 1707 367 1737 13
391 1712 465 1736 own
485 1702 597 1745 flabit]
619 1701 697 1735 Iam
717 1700 842 1734 datam
857 1711 934 1735 esse
950 1700 1284 1745 (d.-2.Iul.a.1516.)
1306 1701 1415 1735 huius
1435 1701 1539 1745 epist.
1555 1702 1683 1735 auctor
1701 1701 1857 1736 fortasse
1873 1700 2043 1735 sciverat.

326 1762 448 1792 14.15.
481 1757 529 1790 Hi
560 1757 632 1791 duo
664 1767 790 1790 versus
820 1757 858 1790 in
888 1757 1071 1801 prioribus
1102 1756 1327 1792 editionibus
1359 1768 1401 1791 ac
1434 1757 1463 1791 si
1493 1768 1567 1792 non
1600 1757 1891 1792 ‘metrificasset'
1922 1756 2041 1790 Pilea-

414 1814 519 1855 toris⁷
548 1813 711 1857 expressi
734 1814 828 1847 sunt.

597 1902 832 1937 EPISTOLA
857 1905 892 1942 5.
934 1903 1183 1938 IOHANNES
1208 1903 1272 1937 DE
1297 1903 1509 1937 WERDEA
1536 1903 1766 1938 ORTVINO.

327 1987 366 2017 18
390 1983 576 2017 Iohannes
600 1982 644 2016 «Ie
674 1982 841 2026 ll'erdea]
868 1981 987 2016 Huius
1011 1983 1170 2017 nominis
1194 1983 1320 2027 plures
1345 1983 1392 2017 ad
1415 1983 1634 2017 memoriam
1658 1984 1823 2017 nostram
1847 1983 2040 2017 venerunt.

413 2038 478 2073 sed
502 2039 532 2072 is
557 2038 617 2072 cui
648 2038 813 2082 epistolae
839 2038 948 2072 huius
974 2040 1102 2073 auctor
1125 2040 1410 2073 monumentum
1436 2039 1578 2084 erigere
1605 2038 1739 2081 voluit,
1771 2039 1902 2083 procul
1928 2038 2040 2073 dubio

414 2097 469 2129 est
492 2095 555 2128 ille
581 2095 648 2129 iur.
667 2096 736 2128 utr.
756 2094 885 2129 doctor
910 2094 1116 2139 Obermayr
1141 2095 1187 2130 de
1204 2094 1370 2129 Werdea
1395 2095 1578 2139 [lVerclazo
1602 2095 1731 2129 circuli
1746 2094 2042 2139 Zviccaviensisj,

414 2151 477 2194 qui
495 2150 713 2185 secretarius
732 2152 770 2185 et
794 2162 823 2185 a.
845 2155 941 2185 1486.
958 2150 1056 2195 Lips.
1074 2152 1174 2185 univ.
1192 2152 1315 2186 rector
1331 2151 1464 2186 fuerat.
1491 2151 1534 2185 cf.
1553 2151 1632 2185 Ind.
1649 2151 1766 2196 biogr.
1785 2151 1853 2185 art.
1867 2149 2040 2185 Werdea.

323 2211 363 2241 21
391 2218 501 2241 causa
533 2207 623 2240 male
652 2208 742 2250 stat]
774 2207 862 2241 Haec
893 2218 1040 2251 quoque
1074 2207 1232 2251 epistola
1255 2209 1341 2242 ante
1367 2208 1401 2242 d.
1419 2212 1450 2242 2.
1468 2207 1535 2242 Iul.
1560 2219 1590 2242 a.
1610 2211 1705 2242 1516.
1724 2208 1789 2242 aut
1818 2206 1956 2251 scripta
1986 2208 2042 2240 est

413 2264 478 2297 aut
502 2263 638 2307 scripta
661 2262 824 2307 fingitur.

323 2323 365 2353 ‘22
390 2319 533 2353 inbibit.
552 2320 678 2363 apost]
705 2319 749 2353 cf.
769 2318 900 2363 Consp.
919 2319 1080 2354 chronol.
1098 2331 1133 2364 p.
1154 2324 1227 2355 135.
1245 2320 1321 2354 Ian.
1338 2331 1369 2354 a.
1390 2324 1484 2354 1515.

322 2379 366 2409 24
388 2375 516 2409 modic.
534 2375 632 2419 fidei]
666 2374 717 2408 Cf.
737 2386 766 2408 e.
785 2387 838 2419 gr.
855 2374 987 2409 Matth.
1005 2387 1078 2408 vm.
1098 2379 1150 2409 26.
1167 2388 1257 2410 xnn.
1275 2380 1327 2410 31.
1346 2389 1416 2410 ΧΠ.
1435 2379 1465 2410 8.

322 2434 364 2464 26
388 2431 518 2474 timaee]
545 2430 588 2464 cf.
606 2430 703 2465 infra
726 2433 838 2465 277¹&

322 2490 365 2521 28
390 2487 507 2531 Ionqis
531 2487 670 2530 cultris]
698 2487 931 2530 Schwmern,
958 2489 1116 2523 ensibus.

367 2554 508 2577 armum
524 2554 550 2577 s.
570 2543 616 2587 cl.]
644 2543 877 2588 Singularem
903 2555 960 2588 ap.
979 2544 1128 2579 Latinos
1151 2556 1226 2579 non
1250 2544 1327 2589 legi
1351 2545 1439 2578 satis
1463 2546 1593 2579 notum
1612 2545 1683 2587 est;
1710 2544 1775 2578 sed
1791 2554 1913 2588 neque
1931 2555 1976 2578 ea
1993 2544 2038 2579 de

412 2610 521 2633 causa
544 2599 603 2633 hic
637 2610 738 2634 error
768 2600 982 2635 commissus
1008 2602 1078 2644 est,
1111 2601 1212 2645 quod
1234 2602 1382 2635 veteres
1412 2612 1487 2635 non
1517 2601 1612 2634 nulli
1635 2599 1871 2645 grammatici
1897 2600 2037 2634 ‘arma'

412 2655 457 2689 ab
485 2656 640 2698 ίἕι1·1110’,
666 2655 689 2690 i.
707 2667 738 2690 e.
755 2655 927 2699 humero,
954 2657 1205 2700 deduxerunt,
1231 2656 1296 2691 sed
1321 2657 1422 2701 quod
1445 2657 1602 2702 scriptor
1628 2656 1890 2692 Germanicum
1919 2655 2040 2699 Waffe

411 2711 497 2745 oder
526 2711 634 2746 Welaer
658 2723 722 2746 suo
747 2712 858 2746 modo
882 2712 1073 2747 latinisare
1098 2713 1228 2748 voluit.
1278 2712 1601 2756 ι1)61’611(ῗ11“01111101,
1628 2713 1816 2747 munitio’.
1846 2711 2037 2757 Ducange.

322 2770 362 2800 31
387 2778 557 2811 magnum
584 2769 654 2813 cor]
686 2772 797 2813 ,σι-οβ’.)
819 2778 982 2814 00101196.
999 2782 1035 2814 p.
1054 2774 1118 2805 207
1127 2771 1155 2792 2⁶
1178 2770 1318 2805 bonum
1342 2780 1414 2805 cor.
1431 2771 1582 2814 poterat
1605 2770 1719 2804 etiam
1742 2758 1902 2804 scribere
1929 2767 2037 2802 ‘mul-

411 2824 491 2856 tum
517 2825 594 2858 cor'
620 2825 692 2858 viel
714 2824 822 2859 Herz.

322 2882 364 2911 35
389 2879 500 2922 Papa
518 2890 631 2922 perm.
651 2881 725 2925 etex]
756 2880 879 2915 Etiam
905 2883 990 2916 ante
1016 2883 1174 2917 sentent.
1193 2882 1226 2916 d.
1245 2882 1280 2916 d.
1297 2886 1327 2917 2.
1345 2881 1414 2917 Iul.
1431 2894 1462 2917 a..
1482 2886 1578 2917 1516.
1596 2881 1801 2917 secundum
1824 2880 1921 2915 Acta
1942 2879 2037 2914 iudi-

412 2934 498 2968 cior.
515 2946 550 2978 p.
568 2935 634 2969 ult.
661 2936 732 2977 „Et
749 2936 905 2971 Oculame
923 2938 1117 2982 speculum
1140 2940 1229 2973 tunc
1247 2938 1369 2973 denuo
1386 2939 1545 2973 iusserat
1569 2938 1758 2982 [prioratis
1773 2936 2035 2982 praedecessor]

411 2988 537 3024 Romae
561 2990 724 3035 imprimi
746 2994 927 3036 tanquam
950 3005 1025 3028 non
1049 2994 1322 3037 scandalosum,
1349 2994 1413 3029 sed
1438 2996 1556 3040 magis
1581 2994 1877 3030 aedificativum.“
