2119 3522
325 215 418 259 636
751 226 1014 250 οοΜΜΕΝΤΑΒΝΞ
1037 226 1084 248 AD
1108 226 1180 248 Em).
1199 226 1229 248 ο.
1246 226 1279 248 v.
1303 225 1381 248 vor..
1398 225 1421 248 1.
1445 224 1593 248 Arreni).

321 290 408 331 Pag.
428 288 490 324 71.

417 341 497 374 ἶΓίν
522 341 606 375 aber
631 338 860 374 erschraclten
883 338 947 380 fiir
971 338 1042 372 den
1070 336 1220 371 Worten
1244 337 1341 379 sehr,
1366 337 1444 380 daſs?
1467 337 1535 371 wir
1559 337 1629 371 alle
1652 346 1721 370 von
1746 336 1923 371 einander
1945 346 2031 380 ‘wey-

411 397 530 439 Iieffen
551 423 557 429 .
577 423 583 429 .
603 423 610 429 .
629 423 635 429 .
661 394 823 429 Endlz'ch
842 421 848 427 .
867 421 874 427 .
893 393 982 436 re'eff
1000 404 1070 427 uns
1095 393 1158 427 der
1174 393 1302 427 Bauer
1325 393 1467 435 wieder,
1485 393 1564 427 und
1586 393 1654 426 wir
1677 393 1792 437 leyten
1816 393 1876 426 die
1892 391 2033 426 Furcht

412 452 468 493 ab,
494 451 573 485 und
598 451 817 494 empfiengyen
840 459 911 483 von
935 449 1008 483 ihm
1034 449 1094 483 die
1117 449 1314 491 Partekeu,
1339 458 1376 483 so
1401 460 1438 483 er
1461 460 1533 483 uns
1558 449 1744 482 7·eichete.“

323 513 342 541 S
365 507 614 551 scalacerunt]
647 506 786 540 scalare
819 506 875 539 est
905 515 962 549 ap.
980 503 1159 549 Ducange
1183 520 1227 534 =
1254 506 1286 548 1)
1317 504 1424 539 scalis
1454 515 1577 538 muros
1608 503 1824 545 ascendere,
1862 504 1897 547 2)
1927 502 2033 537 scalae

410 574 522 607 poena
552 573 656 596 reum
688 561 874 595 damnare.
922 560 1105 602 Tertiam,
1138 571 1250 604 quam
1274 560 1308 594 h.
1326 560 1349 594 l.
1368 560 1523 594 verbum
1548 560 1679 601 habet,
1712 558 2032 604 significationem,

411 634 456 648 z
472 619 517 652 de
542 617 732 662 gradibus,
757 616 856 651 scala
879 616 1037 659 deicere,
1065 616 1197 650 omisit.
1877 623 1881 624 ⁷

367 676 464 710 stetit
482 701 489 708 .
508 701 515 708 .
535 702 542 707 .
561 673 719 718 audivit]
747 672 928 707 delatorio
954 672 1076 706 animo
1102 672 1335 706 auscultavit.

323 736 342 765 O
368 744 398 775 (Ι.
417 732 583 764 luserunt
604 729 778 773 interius]
813 739 873 762 eos
903 729 942 762 in
967 728 1134 763 conclavi
1165 728 1248 762 alea
1276 728 1423 770 ludere,
1456 727 1555 771 quod
1585 727 1751 761 omnium
1779 727 1974 761 bursarum
1999 728 2038 761 et

413 785 648 820 facultatium
677 785 823 830 legibus
854 784 1014 819 vetitum
1045 785 1134 818 erat.
1183 784 1241 818 Ita
1265 783 1413 817 Statuta
1443 783 1597 827 antiqua
1627 784 1725 817 univ.
1745 783 1869 818 Colon.
1889 794 1920 818 a.
1940 787 2036 818 1392.

414 846 433 884 ξ
459 843 522 885 9.):
550 869 590 883 ‚,.
610 868 616 874 .
634 841 804 885 Magistri
829 842 867 875 et
891 840 1075 875 scholares
1100 840 1225 874 discoli
1251 840 1466 874 indecentes
1497 840 1646 874 habitus
1671 840 1899 882 deferentes,
1930 839 2036 874 belli·
2087 842 2090 846 '

414 898 499 939 cosi,
527 897 677 939 ebriosi,
703 896 904 941 noctivagi,
930 896 1201 939 lenocinantes,
1228 896 1337 938 fures,
1364 896 1603 930 tabernarum
1629 897 1666 930 et
1691 895 1848 930 aliorum
1871 895 2036 930 locorum

414 954 616 988 vetitorum
640 953 954 997 frequent-atores,
979 952 1193 987 taxillorum
1218 952 1374 993 lusores,
1402 952 1626 986 statutorum
1652 979 1658 985 .
1678 979 1685 985 .
1705 979 1711 985 .
1736 953 2036 996 transgressores,

412 1009 696 1054 privilegiorum
721 1009 905 1049 abusores,
932 1009 1132 1043 insolentes
1151 1009 1188 1042 et
1211 1008 1397 1052 praecipue
1417 1006 1561 1042 Civium
1586 1007 1784 1041 offensores
1802 1008 1840 1041 et
1855 1007 1930 1041 alia
1954 1018 2037 1041 con-

413 1066 549 1100 similia
573 1065 665 1099 vitia
691 1066 916 1106 exercentes,
943 1064 1041 1098 unde
1066 1063 1218 1108 plurimi
1242 1063 1549 1104 scandalizantur,
1578 1062 1608 1096 si
1632 1073 1706 1097 non
1731 1062 1965 1097 destiterint.
1983 1090 1991 1097 .
2009 1089 2036 1106 .,

413 1133 480 1166 per
504 1122 781 1166 suspensionem
807 1132 828 1155 a
851 1120 1073 1155 lectionibus
1091 1119 1151 1154 vel
1175 1119 1468 1153 retardationem
1492 1129 1514 1152 a
1537 1118 1655 1163 gradu
1673 1119 1739 1152 aut
1761 1118 2039 1163 suspensionem

413 1205 420 1212 .
439 1205 446 1212 .
466 1205 472 1212 .
492 1205 498 1212 .
522 1177 740 1222 puniantur,
774 1177 811 1211 et
840 1176 993 1210 tandem
1024 1175 1294 1220 incorrigibiles
1325 1175 1371 1209 ab
1401 1174 1619 1217 honoribus,
1652 1174 1859 1219 privilegiis
1885 1176 1923 1209 et
1955 1185 2039 1209 con-

413 1233 524 1268 sortio
556 1233 808 1267 membrorum
839 1231 1090 1266 universitatis
1122 1231 1271 1275 penitus
1307 1230 1593 1264 excludantur“.
1640 1230 1688 1264 Et
1712 1229 1862 1265 Statuta
1884 1231 1952 1266 ref.
1968 1231 2037 1265 fac.

413 1291 480 1323 art.
498 1289 624 1323 Ubior.
643 1300 674 1322 a.
694 1292 789 1322 1522.
808 1299 836 1322 c.
855 1291 908 1322 36.
926 1288 947 1321 i.
966 1287 989 1321 f.
1007 1314 1027 1329 „
1039 1315 1046 1322 .
1065 1315 1072 1321 .
1090 1287 1300 1321 inhibemus
1326 1286 1496 1320 omnibus
1513 1286 1741 1320 scholasticis
1757 1288 1890 1321 nostris
1907 1287 2039 1321 ludum

413 1345 635 1387 chartarum,
661 1344 782 1378 fritilli
808 1346 845 1378 et
869 1343 1083 1378 taxillorum
1108 1344 1399 1386 caeterorumque
1430 1342 1539 1376 huius
1563 1342 1664 1377 modi
1696 1342 1763 1376 sub
1793 1342 1934 1377 mulcta
1957 1353 2039 1387 per-

412 1402 534 1445 petuae
559 1400 779 1445 repulsionis
804 1411 825 1434 a
850 1399 1062 1445 gradibusfl

326 1462 362 1491 ll
386 1457 601 1500 percutiunt
624 1456 677 1500 se]
704 1457 868 1500 schlaqen
895 1456 986 1497 sich,
1018 1455 1246 1500 depugnant.
1287 1455 1345 1489 Ita
1370 1458 1511 1489 ‘secare
1537 1456 1612 1496 se’,
1647 1466 1676 1489 e.
1694 1467 1748 1499 gr.
1789 1454 1843 1489 De
1870 1455 2037 1500 generib.

414 1513 587 1547 ebriosor.
605 1512 661 1546 ed.
679 1511 830 1545 Zarnck.
848 1523 882 1556 p.
904 1516 976 1547 130.
996 1539 1033 1554 ‚,.
1054 1539 1060 1546 .
1079 1513 1207 1546 secant
1230 1522 1266 1545 se
1285 1522 1369 1546 eum
1394 1510 1725 1552 stadtknechtibus,
1752 1510 1852 1554 quod
1870 1510 2039 1545 diabolus

414 1570 517 1602 extra
534 1568 685 1602 saltat‘⁴.
711 1567 850 1602 reuteri
861 1567 1060 1603 =Reuter.
1073 1568 1108 1602 h.
1119 1568 1141 1601 l.
1154 1567 1297 1612 equites
1314 1567 1473 1611 publieae
1491 1566 1699 1600 securitatis
1713 1566 1896 1608 custodes,
1910 1566 2039 1601 Land-

412 1628 550 1666 rcuter,
577 1624 836 1658 Gensdarmen.
869 1624 1025 1659 Gemma
1042 1623 1398 1669 prenosticationum
1417 1650 1423 1657 .
1443 1650 1448 1657 .
1469 1650 1475 1657 .
1495 1622 1651 1657 Ortwini
1669 1621 1790 1667 Gracij
1817 1622 1895 1657 siue
1916 1621 2040 1657 Chari-

413 1680 521 1714 tativi
540 1680 596 1724 [cf.
615 1680 693 1714 Ind.
712 1692 797 1714 scrr.
815 1692 850 1724 p.
869 1685 921 1715 97.
940 1687 990 1714 11⁰.
1008 1681 1144 1724 xxvxffl
1171 1679 1227 1713 ed.
1246 1681 1291 1713 80.
1309 1691 1344 1722 p.
1363 1681 1436 1714 114³.
1456 1678 1512 1713 ed.
1531 1683 1577 1713 4⁰.
1600 1691 1636 1723 p.
1653 1680 1748 1722 {32³2
1775 1678 2039 1720 ,‚Marcialiste.

414 1737 455 1770 vt
485 1736 672 1780 capitanei
696 1736 837 1770 reuteri
860 1736 1118 1770 lacltsknechti.
1142 1735 1496 1780 pixidisagittatores
1528 1734 1771 1779 [cappit-anei.
1795 1734 1938 1768 Ruteri.
1960 1733 2040 1768 Las-

413 1792 934 1836 knecti.pixidifsagitatores.
952 1793 1012 1836 4⁰]
1040 1791 1178 1827 Gentes
1203 1791 1248 1825 de
1275 1791 1386 1825 armis
1411 1789 1650 1835 Schnapgalli
1676 1789 1898 1835 [Snapgalli.
1915 1790 1976 1834 4⁰.]
2003 1791 2042 1825 et

413 1847 573 1892 gnaliter
596 1853 655 1881 ovs
676 1847 830 1892 eqitfites
847 1845 949 1882 hoies
974 1858 1041 1892 per
1065 1848 1190 1881 bursas
1216 1850 1303 1882 eoru
1323 1861 1329 1881 :
1348 1851 1395 1881 no
1421 1847 1504 1880 erut
1527 1846 1597 1880 hoc
1623 1857 1718 1880 anno
1743 1846 1923 1880 fortunati
1937 1874 1944 1881 .
1959 1874 1966 1880 .
1981 1849 2035 1882 .“.

370 1903 571 1945 ,‚Doleator
595 1903 656 1937 vel
680 1903 824 1938 dolator
850 1903 1051 1948 [‘Dolator,
1079 1904 1137 1938 ein
1153 1904 1302 1938 hobler’.
1328 1903 1484 1938 Gemma
1500 1904 1547 1947 g.]
1574 1902 1694 1937 vietor
1711 1902 1894 1936 dolearius
1921 1902 2038 1946 [Γαβ-

413 1960 558 2002 bz'nder,
583 1959 723 2004 Ke‘ifcr]
750 1959 810 1993 vel
837 1960 929 1994 alius
954 1960 1083 1994 similis
1108 1959 1283 1994 artifex“.
1308 1959 1497 2004 Duc-ange.
1544 1958 1591 1992 Et
1615 1959 1706 2003 puto
1730 1958 1766 1993 h.
1783 1958 1807 1993 l.
1824 1969 1898 1993 non
1923 1958 2039 1993 vieto-

414 2026 491 2050 rem
516 2015 741 2060 significare,
768 2016 832 2050 sed
857 2016 923 2050 hos
948 2016 1156 2051 doleatores
1182 2014 1410 2059 (doliatores)
1437 2025 1514 2049 esse
1540 2014 1639 2048 dolia
1664 2015 1928 2059 promoventes
1952 2025 2039 2058 ope-

414 2071 538 2114 rai-ios,
557 2070 734 2114 Schriften
752 2072 792 2106 F
790 2073 1002 2120 assschro'ter
1019 2072 1207 2115 (selu-oten,
1224 2071 1371 2113 wc'ilzcn,
1387 2071 1578 2114 solcicben),
1595 2070 1695 2115 quod
1711 2081 1829 2116 genus
1845 2069 2038 2114 hominum

413 2138 533 2171 neque
557 2127 668 2162 hodie
693 2139 838 2162 morum
863 2129 1052 2173 elegantia
1075 2128 1218 2173 insigne
1243 2127 1414 2162 habetur.

328 2187 366 2217 12
386 2184 590 2228 productis]
617 2183 742 2226 nudis,
769 2184 914 2219 strictis.

370 2239 524 2283 chordis]
551 2238 673 2273 Etiam
697 2239 828 2274 Latine
855 2240 992 2274 chorda
1017 2241 1109 2284 [stein
1124 2240 1259 2274 sehnur
1275 2240 1362 2274 oder
1378 2241 1484 2284 seyt'.
1511 2239 1669 2273 Gemma
1685 2240 1732 2284 g.]
1758 2238 1946 2273 interdum
1970 2249 2038 2283 pro

414 2294 501 2328 fune
526 2296 693 2329 sumitur.
721 2295 860 2338 ‘Funis‚
889 2297 947 2331 cin
972 2297 1057 2341 seyl,
1083 2296 1193 2330 striclc
1217 2296 1304 2330 oder
1329 2296 1449 2340 reyff'.
1476 2295 1633 2329 Gemma
1655 2307 1690 2339 g.

327 2355 367 2385 13
391 2350 535 2394 spaciis]
567 2349 723 2394 Spatha,
762 2348 906 2396 σπάθη.
925 2352 1019 2386 ensis
1048 2352 1162 2393 latus,
1201 2351 1315 2385 sabel.
1353 2351 1485 2395 ‘Spata
1509 2352 1540 2385 .i.
1565 2350 1727 2395 gladius,
1765 2350 1826 2385 ein
1861 2350 2039 2385 schwert'.

416 2406 573 2441 Gemma
596 2418 630 2451 g.
679 2406 818 2451 spada,
854 2409 961 2452 spata
986 2408 1024 2442 et
1047 2407 1188 2451 spatha.
1220 2407 1264 2441 cf.
1282 2406 1470 2451 Ducange.
1518 2419 1553 2451 p.
1572 2408 1672 2441 2071».
1690 2406 1834 2450 spados.
1866 2405 2038 2441 Diefenb.

417 2462 574 2496 Glossar.
593 2461 753 2507 ,‚Spada,
772 2462 896 2508 Spata‚
913 2463 1068 2508 Spadus,
1087 2463 1109 2497 i.
1127 2474 1266 2505 mucro,
1284 2467 1399 2505 severi,
1417 2474 1482 2508 eyn
1502 2463 1601 2507 breyt
1617 2466 1741 2504 swert;
1758 2463 1914 2505 helmam,
1931 2462 2040 2506 spath

416 2519 477 2552 vel
501 2519 636 2553 tilitzer
661 2520 803 2563 (arma),
829 2520 1119 2562 schm'demesser,
1144 2523 1273 2562 sparte,
1298 2520 1442 2562 spattel,
1468 2519 1674 2554 brcchsen“.

364 2575 577 2620 plmnbatis]
599 2574 813 2609 ‘Plumbata
832 2576 887 2609 est
903 2575 1035 2620 globus
1051 2575 1249 2620 plumbeus
1267 2586 1350 2610 cum
1368 2576 1465 2610 reste
1484 2576 1552 2609 etc.
1571 2576 1700 2609 contra
1717 2576 1856 2610 canes’.
1883 2574 2040 2609 Gemma.

415 2642 449 2675 g.
474 2630 528 2664 De
553 2631 756 2675 plumbatis
780 2632 951 2665 veterum
975 2642 1050 2666 non
1075 2632 1130 2665 est
1154 2631 1253 2675 quod
1278 2631 1313 2665 h.
1330 2631 1353 2666 l.
1372 2631 1547 2666 dicamus.

371 2687 534 2730 cordula]
560 2686 639 2721 Hoc
657 2686 929 2721 deminutivum
948 2687 1104 2730 chordae,
1130 2689 1297 2722 nostrum
1315 2688 1454 2722 Kordcl
1479 2687 1689 2731 (funiculus,
1715 2686 1870 2730 thomix,
1897 2683 2036 2731 θώμιξ,

415 2738 581 2786 θώμιγξ,
605 2744 761 2787 θῶμις),
788 2743 888 2788 apud
912 2745 1058 2778 veteres
1083 2743 1183 2788 quod
1207 2744 1320 2778 sciam
1344 2754 1417 2777 non
1442 2743 1590 2788 legitur.

330 2801 370 2831 ll
393 2802 603 2832 sec-averunt
627 2828 633 2834 .
653 2827 659 2832 .
679 2826 685 2832 .
706 2810 775 2843 per
791 2800 955 2845 scabiem]
981 2801 1097 2835 haben
1119 2800 1172 2835 sie
1196 2828 1202 2833 .
1222 2827 1228 2833 .
1248 2827 1256 2834 .
1282 2800 1367 2835 iiber
1384 2799 1454 2834 clero
1474 2799 1597 2834 Grind
1621 2799 1796 2844 (schamen,
1820 2799 1934 2843 capiti
1960 2798 2038 2833 eius

416 2853 550 2887 vuhius
573 2853 797 2890 inflixerunt.
824 2855 875 2890 Cf.
894 2856 941 2890 ad
964 2868 1042 2900 sup.
1060 2869 1092 2890 v.
1113 2860 1164 2890 11.

330 2912 369 2941 16
393 2909 529 2943 habere
548 2911 715 2944 sanctuni
731 2911 974 2946 Valentinum
989 2929 1033 2940 =
1048 2912 1177 2946 morbo
1196 2912 1375 2946 comitiali
1391 2912 1468 2946 sive
1487 2911 1643 2953 caduco,
1663 2911 1843 2955 epilepsia
1857 2911 2037 2945 laborare.

418 2964 590 2998 Ceterum
614 2965 856 3000 Valentinum
875 2967 1057 3010 (Vcilcmt)
1084 2978 1180 3012 saepe
1205 2978 1272 3012 pro
1297 2967 1445 3002 diabolo
1470 2967 1559 3011 poni
1582 2968 1713 3001 notum
1737 2967 1802 3002 est.
1832 2966 1877 3001 cf.
1895 2965 2038 3000 Grimm

418 3018 602 3054 Deutsche
630 3021 784 3065 Mythol.
805 3025 899 3057 1835.
922 3034 957 3066 p.
975 3027 1050 3057 562.
1067 3027 1142 3057 555.
