<?xml version="1.0" encoding="UTF-8"?>
<!DOCTYPE html PUBLIC "-//W3C//DTD XHTML 1.0 Transitional//EN"
    "http://www.w3.org/TR/xhtml1/DTD/xhtml1-transitional.dtd">
<html xmlns="http://www.w3.org/1999/xhtml" xml:lang="en" lang="en">
 <head>
  <title>
</title>
<meta http-equiv="Content-Type" content="text/html;charset=utf-8" />
  <meta name='ocr-system' content='tesseract 3.04.00' />
  <meta name='ocr-capabilities' content='ocr_page ocr_carea ocr_par ocr_line ocrx_word'/>
</head>
<body>
  <div class='ocr_page' id='page_1' title='image "./operaquaereperir02huttuoft/operaquaereperir02huttuoft_0631.png"; bbox 0 0 2119 3522; ppageno 0'>
   <div class='ocr_carea' id='block_1_1' title="bbox 587 213 1843 258">
    <p class='ocr_par' dir='ltr' id='par_1_1' title="bbox 587 213 1843 258">
     <span class='ocr_line' id='line_1_1' title="bbox 587 213 1843 258; baseline 0 -5"><span class='ocrx_word' id='word_1_1' title='bbox 587 232 639 254; x_wconf 79' lang='grc' dir='ltr'>ΕΡ.</span> <span class='ocrx_word' id='word_1_2' title='bbox 657 230 698 254; x_wconf 74' lang='lat'>41.</span> <span class='ocrx_word' id='word_1_3' title='bbox 728 231 922 254; x_wconf 77' lang='lat' dir='ltr'>vxLIPArivs</span> <span class='ocrx_word' id='word_1_4' title='bbox 946 232 991 253; x_wconf 83' lang='lat' dir='ltr'>DE</span> <span class='ocrx_word' id='word_1_5' title='bbox 1016 231 1208 255; x_wconf 71' lang='lat' dir='ltr'><strong>ANTVERHA</strong></span> <span class='ocrx_word' id='word_1_6' title='bbox 1232 232 1390 254; x_wconf 81' lang='lat' dir='ltr'>ORTVINO.</span> <span class='ocrx_word' id='word_1_7' title='bbox 1749 213 1843 258; x_wconf 76' lang='grc'>617</span> 
     </span>
    </p>
   </div>
   <div class='ocr_carea' id='block_1_2' title="bbox 131 289 1858 2804">
    <p class='ocr_par' dir='ltr' id='par_1_2' title="bbox 135 289 1846 434">
     <span class='ocr_line' id='line_1_2' title="bbox 135 289 1845 333; baseline -0.001 -11"><span class='ocrx_word' id='word_1_8' title='bbox 135 291 222 333; x_wconf 85' lang='lat' dir='ltr'>Pag.</span> <span class='ocrx_word' id='word_1_9' title='bbox 238 289 301 326; x_wconf 83' lang='lat'>62.</span> <span class='ocrx_word' id='word_1_10' title='bbox 1265 289 1353 330; x_wconf 84' lang='lat' dir='ltr'>Pag.</span> <span class='ocrx_word' id='word_1_11' title='bbox 1367 290 1419 321; x_wconf 84' lang='lat'>61.</span> <span class='ocrx_word' id='word_1_12' title='bbox 1440 301 1467 321; x_wconf 95' lang='lat' dir='ltr'>v.</span> <span class='ocrx_word' id='word_1_13' title='bbox 1482 298 1514 322; x_wconf 79' lang='lat'>32</span> <span class='ocrx_word' id='word_1_14' title='bbox 1532 314 1539 321; x_wconf 99' lang='lat'>.</span> <span class='ocrx_word' id='word_1_15' title='bbox 1555 314 1561 321; x_wconf 96' lang='lat'>.</span> <span class='ocrx_word' id='word_1_16' title='bbox 1577 314 1584 321; x_wconf 99' lang='lat'>.</span> <span class='ocrx_word' id='word_1_17' title='bbox 1604 290 1690 331; x_wconf 81' lang='lat' dir='ltr'>Pag.</span> <span class='ocrx_word' id='word_1_18' title='bbox 1705 291 1758 322; x_wconf 85' lang='lat'>63.</span> <span class='ocrx_word' id='word_1_19' title='bbox 1777 301 1806 321; x_wconf 92' lang='lat' dir='ltr'>v.</span> <span class='ocrx_word' id='word_1_20' title='bbox 1822 298 1845 321; x_wconf 88' lang='lat'>1.</span> 
     </span>
     <span class='ocr_line' id='line_1_3' title="bbox 224 343 1846 389; baseline 0 -11"><span class='ocrx_word' id='word_1_21' title='bbox 224 344 284 378; x_wconf 71' lang='lat' dir='ltr'>ein</span> <span class='ocrx_word' id='word_1_22' title='bbox 318 344 419 379; x_wconf 70' lang='lat' dir='ltr'>stz&#39;iek</span> <span class='ocrx_word' id='word_1_23' title='bbox 453 344 548 387; x_wconf 79' lang='lat' dir='ltr'>brot,</span> <span class='ocrx_word' id='word_1_24' title='bbox 588 343 738 386; x_wconf 76' lang='lat' dir='ltr'>worauf</span> <span class='ocrx_word' id='word_1_25' title='bbox 767 343 847 378; x_wconf 68' lang='grc' dir='ltr'><em>ἄνοι’</em></span> <span class='ocrx_word' id='word_1_26' title='bbox 881 343 972 379; x_wconf 75' lang='lat' dir='ltr'>korn</span> <span class='ocrx_word' id='word_1_27' title='bbox 1006 343 1082 378; x_wconf 69' lang='lat' dir='ltr'>salz</span> <span class='ocrx_word' id='word_1_28' title='bbox 1115 346 1271 389; x_wconf 59' lang='lat' dir='ltr'>¹(Jestreut</span> <span class='ocrx_word' id='word_1_29' title='bbox 1305 343 1408 386; x_wconf 70' lang='lat' dir='ltr'>sind,</span> <span class='ocrx_word' id='word_1_30' title='bbox 1447 354 1485 379; x_wconf 79' lang='lat' dir='ltr'>so</span> <span class='ocrx_word' id='word_1_31' title='bbox 1526 343 1627 379; x_wconf 75' lang='lat' dir='ltr'>kann</span> <span class='ocrx_word' id='word_1_32' title='bbox 1662 343 1714 379; x_wconf 82' lang='lat' dir='ltr'>sie</span> <span class='ocrx_word' id='word_1_33' title='bbox 1748 344 1846 379; x_wconf 74' lang='lat' dir='ltr'>nieht</span> 
     </span>
     <span class='ocr_line' id='line_1_4' title="bbox 222 399 416 434; baseline -0.005 0"><span class='ocrx_word' id='word_1_34' title='bbox 222 399 416 434; x_wconf 69' lang='lat' dir='ltr'>sehadenf‘</span> 
     </span>
    </p>

    <p class='ocr_par' dir='ltr' id='par_1_3' title="bbox 138 456 680 501">
     <span class='ocr_line' id='line_1_5' title="bbox 138 456 680 501; baseline -0.002 -11"><span class='ocrx_word' id='word_1_35' title='bbox 138 459 178 490; x_wconf 81' lang='lat'>10</span> <span class='ocrx_word' id='word_1_36' title='bbox 202 456 403 501; x_wconf 67' lang='lat' dir='ltr'>seriptzcrae]</span> <span class='ocrx_word' id='word_1_37' title='bbox 428 456 560 491; x_wconf 86' lang='lat' dir='ltr'>Matth.</span> <span class='ocrx_word' id='word_1_38' title='bbox 577 468 610 490; x_wconf 90' lang='lat' dir='ltr'>v.</span> <span class='ocrx_word' id='word_1_39' title='bbox 630 459 680 490; x_wconf 85' lang='lat'>13.</span> 
     </span>
    </p>

    <p class='ocr_par' dir='ltr' id='par_1_4' title="bbox 136 511 1848 1060">
     <span class='ocr_line' id='line_1_6' title="bbox 181 511 1623 556; baseline 0 -10"><span class='ocrx_word' id='word_1_40' title='bbox 181 512 276 556; x_wconf 78' lang='lat' dir='ltr'>estis]</span> <span class='ocrx_word' id='word_1_41' title='bbox 303 522 391 554; x_wconf 79' lang='lat' dir='ltr'>esse,</span> <span class='ocrx_word' id='word_1_42' title='bbox 417 511 608 553; x_wconf 81' lang='lat' dir='ltr'>auxiliare,</span> <span class='ocrx_word' id='word_1_43' title='bbox 634 522 718 545; x_wconf 85' lang='lat' dir='ltr'>cum</span> <span class='ocrx_word' id='word_1_44' title='bbox 743 511 865 545; x_wconf 83' lang='lat' dir='ltr'>activo</span> <span class='ocrx_word' id='word_1_45' title='bbox 891 522 980 554; x_wconf 87' lang='lat' dir='ltr'>esse,</span> <span class='ocrx_word' id='word_1_46' title='bbox 1007 512 1129 554; x_wconf 85' lang='lat' dir='ltr'>edere,</span> <span class='ocrx_word' id='word_1_47' title='bbox 1156 512 1349 546; x_wconf 85' lang='lat' dir='ltr'>comedere</span> <span class='ocrx_word' id='word_1_48' title='bbox 1375 512 1623 547; x_wconf 88' lang='lat' dir='ltr'>confunditur.</span> 
     </span>
     <span class='ocr_line' id='line_1_7' title="bbox 136 567 1628 612; baseline 0.001 -11"><span class='ocrx_word' id='word_1_49' title='bbox 136 571 176 601; x_wconf 97' lang='grc'>12</span> <span class='ocrx_word' id='word_1_50' title='bbox 201 577 337 610; x_wconf 75' lang='lat' dir='ltr'>semper</span> <span class='ocrx_word' id='word_1_51' title='bbox 362 577 387 602; x_wconf 90' lang='lat' dir='ltr'>c.</span> <span class='ocrx_word' id='word_1_52' title='bbox 407 568 468 612; x_wconf 60' lang='lat' dir='ltr'>eon]</span> <span class='ocrx_word' id='word_1_53' title='bbox 493 567 516 601; x_wconf 88' lang='lat' dir='ltr'>i.</span> <span class='ocrx_word' id='word_1_54' title='bbox 535 578 565 601; x_wconf 92' lang='lat' dir='ltr'>e.</span> <span class='ocrx_word' id='word_1_55' title='bbox 583 567 754 611; x_wconf 90' lang='lat' dir='ltr'>quotiens</span> <span class='ocrx_word' id='word_1_56' title='bbox 779 567 833 602; x_wconf 86' lang='lat' dir='ltr'>sal</span> <span class='ocrx_word' id='word_1_57' title='bbox 857 567 1068 610; x_wconf 74' lang='lat' dir='ltr'><strong>adhibetur,</strong></span> <span class='ocrx_word' id='word_1_58' title='bbox 1092 568 1230 602; x_wconf 89' lang='lat' dir='ltr'>totiens</span> <span class='ocrx_word' id='word_1_59' title='bbox 1255 579 1343 602; x_wconf 87' lang='lat' dir='ltr'>crux</span> <span class='ocrx_word' id='word_1_60' title='bbox 1368 568 1539 603; x_wconf 88' lang='lat' dir='ltr'>facienda</span> <span class='ocrx_word' id='word_1_61' title='bbox 1563 569 1628 603; x_wconf 88' lang='lat' dir='ltr'>est.</span> 
     </span>
     <span class='ocr_line' id='line_1_8' title="bbox 181 623 1847 669; baseline 0.001 -12"><span class='ocrx_word' id='word_1_62' title='bbox 181 623 339 658; x_wconf 73' lang='lat' dir='ltr'>cavendo</span> <span class='ocrx_word' id='word_1_63' title='bbox 363 634 409 657; x_wconf 75' lang='lat' dir='ltr'>‘ne</span> <span class='ocrx_word' id='word_1_64' title='bbox 434 624 544 658; x_wconf 80' lang='lat' dir='ltr'>eadat</span> <span class='ocrx_word' id='word_1_65' title='bbox 564 623 712 668; x_wconf 72' lang='lat' dir='ltr'>exinde]</span> <span class='ocrx_word' id='word_1_66' title='bbox 738 624 928 665; x_wconf 86' lang='lat' dir='ltr'>caventes,</span> <span class='ocrx_word' id='word_1_67' title='bbox 964 624 1134 658; x_wconf 72' lang='lat' dir='ltr'>curantes</span> <span class='ocrx_word' id='word_1_68' title='bbox 1166 635 1211 658; x_wconf 88' lang='lat' dir='ltr'>ne</span> <span class='ocrx_word' id='word_1_69' title='bbox 1238 624 1394 658; x_wconf 89' lang='lat' dir='ltr'>decidat.</span> <span class='ocrx_word' id='word_1_70' title='bbox 1443 624 1711 669; x_wconf 84' lang='lat' dir='ltr'>Vulgatissima</span> <span class='ocrx_word' id='word_1_71' title='bbox 1734 625 1847 659; x_wconf 84' lang='lat' dir='ltr'>etiam</span> 
     </span>
     <span class='ocr_line' id='line_1_9' title="bbox 223 678 1848 724; baseline 0.002 -12"><span class='ocrx_word' id='word_1_72' title='bbox 223 690 320 713; x_wconf 90' lang='lat' dir='ltr'>nunc</span> <span class='ocrx_word' id='word_1_73' title='bbox 345 679 557 723; x_wconf 85' lang='lat' dir='ltr'>superstitio</span> <span class='ocrx_word' id='word_1_74' title='bbox 583 680 639 713; x_wconf 91' lang='lat' dir='ltr'>est</span> <span class='ocrx_word' id='word_1_75' title='bbox 655 679 700 714; x_wconf 89' lang='lat' dir='ltr'>de</span> <span class='ocrx_word' id='word_1_76' title='bbox 726 679 801 713; x_wconf 87' lang='lat' dir='ltr'>sale</span> <span class='ocrx_word' id='word_1_77' title='bbox 827 679 991 713; x_wconf 83' lang='lat' dir='ltr'>salinove</span> <span class='ocrx_word' id='word_1_78' title='bbox 1011 678 1246 722; x_wconf 81' lang='lat' dir='ltr'>effundendo,</span> <span class='ocrx_word' id='word_1_79' title='bbox 1273 679 1454 724; x_wconf 83' lang='lat' dir='ltr'><strong>imprimis</strong></span> <span class='ocrx_word' id='word_1_80' title='bbox 1471 680 1540 715; x_wconf 91' lang='lat' dir='ltr'>hoc</span> <span class='ocrx_word' id='word_1_81' title='bbox 1565 680 1848 716; x_wconf 66' lang='lat' dir='ltr'>‘Verschzzttetes</span> 
     </span>
     <span class='ocr_line' id='line_1_10' title="bbox 222 734 1377 779; baseline 0.001 -10"><span class='ocrx_word' id='word_1_82' title='bbox 222 734 309 769; x_wconf 61' lang='lat' dir='ltr'>Sala</span> <span class='ocrx_word' id='word_1_83' title='bbox 332 735 494 770; x_wconf 74' lang='lat' dir='ltr'>bedeutet</span> <span class='ocrx_word' id='word_1_84' title='bbox 517 734 659 769; x_wconf 75' lang='lat' dir='ltr'>Strez&#39;t’.</span> <span class='ocrx_word' id='word_1_85' title='bbox 692 735 736 771; x_wconf 88' lang='lat' dir='ltr'>cf.</span> <span class='ocrx_word' id='word_1_86' title='bbox 757 735 898 769; x_wconf 79' lang='lat' dir='ltr'>Grimm</span> <span class='ocrx_word' id='word_1_87' title='bbox 921 735 945 772; x_wconf 92' lang='grc'>1.</span> <span class='ocrx_word' id='word_1_88' title='bbox 964 746 993 769; x_wconf 92' lang='lat' dir='ltr'>c.</span> <span class='ocrx_word' id='word_1_89' title='bbox 1011 747 1046 779; x_wconf 89' lang='lat' dir='ltr'>p.</span> <span class='ocrx_word' id='word_1_90' title='bbox 1064 748 1231 769; x_wconf 73' lang='lat' dir='ltr'>Lxxxvm.</span> <span class='ocrx_word' id='word_1_91' title='bbox 1249 748 1284 770; x_wconf 89' lang='lat' dir='ltr'>n.</span> <span class='ocrx_word' id='word_1_92' title='bbox 1302 739 1377 770; x_wconf 85' lang='lat'>535.</span> 
     </span>
     <span class='ocr_line' id='line_1_11' title="bbox 136 790 1847 837; baseline 0.002 -12"><span class='ocrx_word' id='word_1_93' title='bbox 136 794 177 825; x_wconf 88' lang='grc'>16</span> <span class='ocrx_word' id='word_1_94' title='bbox 201 801 246 826; x_wconf 72' lang='lat' dir='ltr'>ne</span> <span class='ocrx_word' id='word_1_95' title='bbox 271 802 340 826; x_wconf 68' lang='grc' dir='ltr'><em>εσσε.</em></span> <span class='ocrx_word' id='word_1_96' title='bbox 360 792 434 836; x_wconf 62' lang='lat' dir='ltr'>eta]</span> <span class='ocrx_word' id='word_1_97' title='bbox 476 790 655 825; x_wconf 72' lang='lat' dir='ltr'><strong>Similiter</strong></span> <span class='ocrx_word' id='word_1_98' title='bbox 679 801 828 825; x_wconf 85' lang='lat' dir='ltr'>carmen</span> <span class='ocrx_word' id='word_1_99' title='bbox 853 790 899 825; x_wconf 86' lang='lat' dir='ltr'>ad</span> <span class='ocrx_word' id='word_1_100' title='bbox 924 803 957 826; x_wconf 91' lang='lat' dir='ltr'>v.</span> <span class='ocrx_word' id='word_1_101' title='bbox 974 794 1002 826; x_wconf 92' lang='lat'>1.</span> <span class='ocrx_word' id='word_1_102' title='bbox 1020 790 1080 826; x_wconf 87' lang='lat' dir='ltr'>cit.</span> <span class='ocrx_word' id='word_1_103' title='bbox 1099 791 1144 826; x_wconf 90' lang='lat' dir='ltr'>de</span> <span class='ocrx_word' id='word_1_104' title='bbox 1170 791 1266 826; x_wconf 85' lang='lat' dir='ltr'>veris</span> <span class='ocrx_word' id='word_1_105' title='bbox 1290 792 1491 835; x_wconf 36' lang='lat' dir='ltr'>zcolezolden,</span> <span class='ocrx_word' id='word_1_106' title='bbox 1523 803 1614 837; x_wconf 85' lang='lat' dir='ltr'>quos</span> <span class='ocrx_word' id='word_1_107' title='bbox 1645 792 1740 828; x_wconf 87' lang='lat' dir='ltr'>dixit</span> <span class='ocrx_word' id='word_1_108' title='bbox 1769 804 1847 829; x_wconf 85' lang='lat' dir='ltr'>esse</span> 
     </span>
     <span class='ocr_line' id='line_1_12' title="bbox 222 846 840 891; baseline -0.002 -10"><span class='ocrx_word' id='word_1_109' title='bbox 222 846 338 881; x_wconf 88' lang='lat' dir='ltr'>malos</span> <span class='ocrx_word' id='word_1_110' title='bbox 362 846 573 891; x_wconf 88' lang='lat' dir='ltr'>potentium</span> <span class='ocrx_word' id='word_1_111' title='bbox 597 846 840 881; x_wconf 82' lang='lat' dir='ltr'><strong>consiliarios:</strong></span> 
     </span>
     <span class='ocr_line' id='line_1_13' title="bbox 605 905 997 938; baseline 0.003 -1"><span class='ocrx_word' id='word_1_112' title='bbox 605 906 641 937; x_wconf 82' lang='lat' dir='ltr'>di</span> <span class='ocrx_word' id='word_1_113' title='bbox 662 905 777 938; x_wconf 82' lang='lat' dir='ltr'>selben</span> <span class='ocrx_word' id='word_1_114' title='bbox 801 905 997 938; x_wconf 76' lang='lat' dir='ltr'>unkoldoere</span> 
     </span>
     <span class='ocr_line' id='line_1_14' title="bbox 604 962 1211 1004; baseline 0.003 -11"><span class='ocrx_word' id='word_1_115' title='bbox 604 962 640 994; x_wconf 86' lang='lat' dir='ltr'>di</span> <span class='ocrx_word' id='word_1_116' title='bbox 661 966 801 1004; x_wconf 72' lang='lat' dir='ltr'>souyent</span> <span class='ocrx_word' id='word_1_117' title='bbox 823 962 863 994; x_wconf 70' lang='grc' dir='ltr'>ἀι</span> <span class='ocrx_word' id='word_1_118' title='bbox 887 962 986 994; x_wconf 73' lang='lat' dir='ltr'>her-ze</span> <span class='ocrx_word' id='word_1_119' title='bbox 1010 964 1097 995; x_wconf 79' lang='lat' dir='ltr'>unde</span> <span class='ocrx_word' id='word_1_120' title='bbox 1121 962 1211 995; x_wconf 77' lang='grc' dir='ltr'><em>ὂῖιιοι</em></span> 
     </span>
     <span class='ocr_line' id='line_1_15' title="bbox 604 1019 1327 1060; baseline 0 -10"><span class='ocrx_word' id='word_1_121' title='bbox 604 1019 667 1050; x_wconf 85' lang='lat' dir='ltr'>daz</span> <span class='ocrx_word' id='word_1_122' title='bbox 691 1019 734 1050; x_wconf 87' lang='lat' dir='ltr'>vil</span> <span class='ocrx_word' id='word_1_123' title='bbox 756 1029 904 1060; x_wconf 73' lang='lat' dir='ltr'>manyem</span> <span class='ocrx_word' id='word_1_124' title='bbox 928 1019 1051 1051; x_wconf 77' lang='lat' dir='ltr'>herren</span> <span class='ocrx_word' id='word_1_125' title='bbox 1075 1019 1222 1051; x_wconf 76' lang='lat' dir='ltr'>schaden</span> <span class='ocrx_word' id='word_1_126' title='bbox 1248 1024 1327 1051; x_wconf 83' lang='lat' dir='ltr'>tuot.</span> 
     </span>
    </p>

    <p class='ocr_par' dir='ltr' id='par_1_5' title="bbox 134 1071 1849 1509">
     <span class='ocr_line' id='line_1_16' title="bbox 134 1071 1848 1118; baseline 0.001 -11"><span class='ocrx_word' id='word_1_127' title='bbox 134 1076 176 1108; x_wconf 92' lang='grc'>18</span> <span class='ocrx_word' id='word_1_128' title='bbox 202 1072 442 1117; x_wconf 59' lang='lat' dir='ltr'>offertorium]</span> <span class='ocrx_word' id='word_1_129' title='bbox 472 1073 502 1115; x_wconf 85' lang='lat'>1)</span> <span class='ocrx_word' id='word_1_130' title='bbox 521 1071 675 1117; x_wconf 70' lang='lat' dir='ltr'>„Papiae</span> <span class='ocrx_word' id='word_1_131' title='bbox 694 1071 842 1107; x_wconf 87' lang='lat' dir='ltr'>Oblatio</span> <span class='ocrx_word' id='word_1_132' title='bbox 868 1084 940 1117; x_wconf 91' lang='lat' dir='ltr'>que</span> <span class='ocrx_word' id='word_1_133' title='bbox 966 1072 1075 1107; x_wconf 89' lang='lat' dir='ltr'>altari</span> <span class='ocrx_word' id='word_1_134' title='bbox 1093 1071 1246 1107; x_wconf 85' lang='lat' dir='ltr'>offertur</span> <span class='ocrx_word' id='word_1_135' title='bbox 1263 1073 1301 1107; x_wconf 92' lang='lat' dir='ltr'>et</span> <span class='ocrx_word' id='word_1_136' title='bbox 1317 1073 1545 1108; x_wconf 82' lang='lat' dir='ltr'>sacrificatur</span> <span class='ocrx_word' id='word_1_137' title='bbox 1562 1085 1584 1107; x_wconf 88' lang='lat' dir='ltr'>a</span> <span class='ocrx_word' id='word_1_138' title='bbox 1600 1074 1848 1118; x_wconf 83' lang='lat' dir='ltr'>pontificibus.</span> 
     </span>
     <span class='ocr_line' id='line_1_17' title="bbox 223 1127 1848 1173; baseline 0.001 -10"><span class='ocrx_word' id='word_1_139' title='bbox 223 1128 311 1171; x_wconf 88' lang='lat' dir='ltr'>Seu,</span> <span class='ocrx_word' id='word_1_140' title='bbox 347 1129 388 1162; x_wconf 88' lang='lat' dir='ltr'>ut</span> <span class='ocrx_word' id='word_1_141' title='bbox 418 1128 473 1162; x_wconf 90' lang='lat' dir='ltr'>est</span> <span class='ocrx_word' id='word_1_142' title='bbox 503 1139 560 1173; x_wconf 83' lang='lat' dir='ltr'>ap.</span> <span class='ocrx_word' id='word_1_143' title='bbox 580 1128 629 1162; x_wconf 85' lang='lat' dir='ltr'>Io.</span> <span class='ocrx_word' id='word_1_144' title='bbox 648 1128 693 1162; x_wconf 92' lang='lat' dir='ltr'>de</span> <span class='ocrx_word' id='word_1_145' title='bbox 720 1128 794 1162; x_wconf 85' lang='lat' dir='ltr'>Ian.</span> <span class='ocrx_word' id='word_1_146' title='bbox 813 1127 931 1164; x_wconf 92' lang='lat' dir='ltr'>Locus</span> <span class='ocrx_word' id='word_1_147' title='bbox 962 1129 1027 1163; x_wconf 87' lang='lat' dir='ltr'>ubi</span> <span class='ocrx_word' id='word_1_148' title='bbox 1055 1130 1287 1173; x_wconf 89' lang='lat' dir='ltr'>reponuntur</span> <span class='ocrx_word' id='word_1_149' title='bbox 1316 1129 1377 1163; x_wconf 89' lang='lat' dir='ltr'>vel</span> <span class='ocrx_word' id='word_1_150' title='bbox 1408 1130 1471 1163; x_wconf 86' lang='lat' dir='ltr'>ubi</span> <span class='ocrx_word' id='word_1_151' title='bbox 1508 1129 1603 1164; x_wconf 87' lang='lat' dir='ltr'>fiunt</span> <span class='ocrx_word' id='word_1_152' title='bbox 1633 1129 1848 1165; x_wconf 90' lang='lat' dir='ltr'>oblationes.</span> 
     </span>
     <span class='ocr_line' id='line_1_18' title="bbox 222 1183 1849 1229; baseline 0.001 -11"><span class='ocrx_word' id='word_1_153' title='bbox 222 1184 306 1219; x_wconf 90' lang='lat' dir='ltr'>Isid.</span> <span class='ocrx_word' id='word_1_154' title='bbox 326 1185 387 1219; x_wconf 90' lang='lat' dir='ltr'>VI.</span> <span class='ocrx_word' id='word_1_155' title='bbox 405 1196 434 1219; x_wconf 92' lang='lat' dir='ltr'>c.</span> <span class='ocrx_word' id='word_1_156' title='bbox 455 1188 505 1219; x_wconf 84' lang='grc'>19.</span> <span class='ocrx_word' id='word_1_157' title='bbox 554 1183 793 1219; x_wconf 89' lang='lat' dir='ltr'>Offertorium</span> <span class='ocrx_word' id='word_1_158' title='bbox 822 1185 888 1219; x_wconf 82' lang='lat' dir='ltr'>tali</span> <span class='ocrx_word' id='word_1_159' title='bbox 920 1196 964 1219; x_wconf 88' lang='lat' dir='ltr'>ex</span> <span class='ocrx_word' id='word_1_160' title='bbox 996 1196 1107 1219; x_wconf 84' lang='lat' dir='ltr'>causa</span> <span class='ocrx_word' id='word_1_161' title='bbox 1138 1185 1297 1229; x_wconf 88' lang='lat' dir='ltr'>sumpsit</span> <span class='ocrx_word' id='word_1_162' title='bbox 1320 1185 1568 1220; x_wconf 85' lang='lat' dir='ltr'>vocabulum:</span> <span class='ocrx_word' id='word_1_163' title='bbox 1588 1185 1725 1220; x_wconf 88' lang='lat' dir='ltr'>fertum</span> <span class='ocrx_word' id='word_1_164' title='bbox 1751 1186 1849 1220; x_wconf 88' lang='lat' dir='ltr'>enim</span> 
     </span>
     <span class='ocr_line' id='line_1_19' title="bbox 222 1240 1848 1286; baseline 0.001 -12"><span class='ocrx_word' id='word_1_165' title='bbox 222 1240 359 1275; x_wconf 88' lang='lat' dir='ltr'>dicitur</span> <span class='ocrx_word' id='word_1_166' title='bbox 382 1240 534 1283; x_wconf 90' lang='lat' dir='ltr'>oblatio,</span> <span class='ocrx_word' id='word_1_167' title='bbox 560 1251 642 1283; x_wconf 85' lang='lat' dir='ltr'>quae</span> <span class='ocrx_word' id='word_1_168' title='bbox 668 1241 777 1275; x_wconf 88' lang='lat' dir='ltr'>altari</span> <span class='ocrx_word' id='word_1_169' title='bbox 802 1240 956 1276; x_wconf 87' lang='lat' dir='ltr'>offertur</span> <span class='ocrx_word' id='word_1_170' title='bbox 981 1241 1018 1275; x_wconf 91' lang='lat' dir='ltr'>et</span> <span class='ocrx_word' id='word_1_171' title='bbox 1034 1241 1261 1276; x_wconf 81' lang='lat' dir='ltr'>sacrificatur</span> <span class='ocrx_word' id='word_1_172' title='bbox 1278 1253 1300 1275; x_wconf 85' lang='lat' dir='ltr'>a</span> <span class='ocrx_word' id='word_1_173' title='bbox 1323 1241 1572 1286; x_wconf 84' lang='lat' dir='ltr'>pontificibus,</span> <span class='ocrx_word' id='word_1_174' title='bbox 1599 1253 1621 1276; x_wconf 90' lang='lat' dir='ltr'>a</span> <span class='ocrx_word' id='word_1_175' title='bbox 1645 1253 1718 1286; x_wconf 88' lang='lat' dir='ltr'>quo</span> <span class='ocrx_word' id='word_1_176' title='bbox 1743 1241 1848 1276; x_wconf 85' lang='lat' dir='ltr'>offer-</span> 
     </span>
     <span class='ocr_line' id='line_1_20' title="bbox 222 1296 1849 1342; baseline 0 -11"><span class='ocrx_word' id='word_1_177' title='bbox 222 1296 359 1331; x_wconf 85' lang='lat' dir='ltr'>torium</span> <span class='ocrx_word' id='word_1_178' title='bbox 383 1296 597 1330; x_wconf 87' lang='lat' dir='ltr'>nominatur</span> <span class='ocrx_word' id='word_1_179' title='bbox 621 1297 727 1340; x_wconf 85' lang='lat' dir='ltr'><strong>quasi</strong></span> <span class='ocrx_word' id='word_1_180' title='bbox 750 1298 905 1342; x_wconf 87' lang='lat' dir='ltr'>propter</span> <span class='ocrx_word' id='word_1_181' title='bbox 928 1297 1066 1332; x_wconf 86' lang='lat' dir='ltr'>fertum</span> <span class='ocrx_word' id='word_1_182' title='bbox 1084 1324 1092 1332; x_wconf 90' lang='lat'>.</span> <span class='ocrx_word' id='word_1_183' title='bbox 1111 1325 1117 1331; x_wconf 94' lang='lat'>.</span> <span class='ocrx_word' id='word_1_184' title='bbox 1137 1325 1143 1331; x_wconf 91' lang='lat'>.</span> <span class='ocrx_word' id='word_1_185' title='bbox 1192 1299 1226 1341; x_wconf 81' lang='lat'>4)</span> <span class='ocrx_word' id='word_1_186' title='bbox 1253 1296 1402 1332; x_wconf 81' lang='lat' dir='ltr'>Oblatio</span> <span class='ocrx_word' id='word_1_187' title='bbox 1427 1309 1509 1341; x_wconf 85' lang='lat' dir='ltr'>quae</span> <span class='ocrx_word' id='word_1_188' title='bbox 1527 1298 1690 1332; x_wconf 89' lang='lat' dir='ltr'>ecclesiis</span> <span class='ocrx_word' id='word_1_189' title='bbox 1715 1309 1737 1332; x_wconf 94' lang='lat' dir='ltr'>a</span> <span class='ocrx_word' id='word_1_190' title='bbox 1761 1297 1849 1332; x_wconf 88' lang='lat' dir='ltr'>fide—</span> 
     </span>
     <span class='ocr_line' id='line_1_21' title="bbox 220 1351 1849 1398; baseline 0.001 -12"><span class='ocrx_word' id='word_1_191' title='bbox 220 1352 317 1386; x_wconf 85' lang='lat' dir='ltr'><strong>libus</strong></span> <span class='ocrx_word' id='word_1_192' title='bbox 335 1352 377 1386; x_wconf 90' lang='lat' dir='ltr'>fit</span> <span class='ocrx_word' id='word_1_193' title='bbox 394 1379 400 1386; x_wconf 99' lang='lat'>.</span> <span class='ocrx_word' id='word_1_194' title='bbox 416 1379 423 1386; x_wconf 88' lang='lat'>.</span> <span class='ocrx_word' id='word_1_195' title='bbox 439 1380 446 1386; x_wconf 88' lang='lat'>.</span> <span class='ocrx_word' id='word_1_196' title='bbox 460 1354 480 1370; x_wconf 78' lang='lat'>‘⁴</span> <span class='ocrx_word' id='word_1_197' title='bbox 506 1351 695 1397; x_wconf 85' lang='lat' dir='ltr'>Ducange.</span> <span class='ocrx_word' id='word_1_198' title='bbox 721 1352 768 1387; x_wconf 91' lang='lat' dir='ltr'>Et</span> <span class='ocrx_word' id='word_1_199' title='bbox 783 1353 837 1388; x_wconf 90' lang='lat' dir='ltr'>ita</span> <span class='ocrx_word' id='word_1_200' title='bbox 851 1353 886 1387; x_wconf 86' lang='lat' dir='ltr'>h.</span> <span class='ocrx_word' id='word_1_201' title='bbox 900 1354 924 1388; x_wconf 89' lang='lat'>1.</span> <span class='ocrx_word' id='word_1_202' title='bbox 945 1353 1158 1398; x_wconf 68' lang='lat' dir='ltr'>Opfergyabe,</span> <span class='ocrx_word' id='word_1_203' title='bbox 1179 1353 1475 1398; x_wconf 73' lang='lat' dir='ltr'>Opferyesehenlc,</span> <span class='ocrx_word' id='word_1_204' title='bbox 1492 1365 1565 1388; x_wconf 89' lang='lat' dir='ltr'>non</span> <span class='ocrx_word' id='word_1_205' title='bbox 1583 1355 1626 1388; x_wconf 92' lang='lat' dir='ltr'>ut</span> <span class='ocrx_word' id='word_1_206' title='bbox 1640 1354 1678 1388; x_wconf 89' lang='lat' dir='ltr'>in</span> <span class='ocrx_word' id='word_1_207' title='bbox 1694 1354 1849 1388; x_wconf 84' lang='lat' dir='ltr'>Gemma</span> 
     </span>
     <span class='ocr_line' id='line_1_22' title="bbox 221 1408 1849 1454; baseline 0.001 -12"><span class='ocrx_word' id='word_1_208' title='bbox 221 1421 255 1453; x_wconf 86' lang='lat' dir='ltr'>g.</span> <span class='ocrx_word' id='word_1_209' title='bbox 279 1408 366 1451; x_wconf 76' lang='lat' dir='ltr'>„ein</span> <span class='ocrx_word' id='word_1_210' title='bbox 390 1408 493 1451; x_wconf 76' lang='lat' dir='ltr'>opfer</span> <span class='ocrx_word' id='word_1_211' title='bbox 516 1408 706 1453; x_wconf 56' lang='lat' dir='ltr'>yescmek‘z</span> <span class='ocrx_word' id='word_1_212' title='bbox 731 1409 831 1452; x_wconf 90' lang='lat' dir='ltr'>quod</span> <span class='ocrx_word' id='word_1_213' title='bbox 855 1410 1020 1454; x_wconf 87' lang='lat' dir='ltr'>pertinet</span> <span class='ocrx_word' id='word_1_214' title='bbox 1037 1409 1083 1443; x_wconf 90' lang='lat' dir='ltr'>ad</span> <span class='ocrx_word' id='word_1_215' title='bbox 1100 1409 1284 1454; x_wconf 80' lang='lat' dir='ltr'>Ducangii</span> <span class='ocrx_word' id='word_1_216' title='bbox 1310 1411 1375 1453; x_wconf 86' lang='lat'>„3)</span> <span class='ocrx_word' id='word_1_217' title='bbox 1400 1409 1503 1443; x_wconf 88' lang='lat' dir='ltr'>Idem</span> <span class='ocrx_word' id='word_1_218' title='bbox 1522 1410 1621 1453; x_wconf 87' lang='lat' dir='ltr'>quod</span> <span class='ocrx_word' id='word_1_219' title='bbox 1640 1409 1849 1454; x_wconf 86' lang='lat' dir='ltr'>Offerenda‚</span> 
     </span>
     <span class='ocr_line' id='line_1_23' title="bbox 223 1463 1098 1509; baseline 0 -9"><span class='ocrx_word' id='word_1_220' title='bbox 223 1465 353 1500; x_wconf 84' lang='lat' dir='ltr'>cantus</span> <span class='ocrx_word' id='word_1_221' title='bbox 377 1464 441 1509; x_wconf 88' lang='lat' dir='ltr'>qui</span> <span class='ocrx_word' id='word_1_222' title='bbox 465 1464 563 1499; x_wconf 88' lang='lat' dir='ltr'>inter</span> <span class='ocrx_word' id='word_1_223' title='bbox 587 1463 817 1499; x_wconf 85' lang='lat' dir='ltr'>offerendum</span> <span class='ocrx_word' id='word_1_224' title='bbox 842 1466 1015 1499; x_wconf 83' lang='lat' dir='ltr'>cantatur</span> <span class='ocrx_word' id='word_1_225' title='bbox 1032 1492 1039 1500; x_wconf 89' lang='lat'>.</span> <span class='ocrx_word' id='word_1_226' title='bbox 1058 1468 1098 1500; x_wconf 84' lang='lat'>.“</span> 
     </span>
    </p>

    <p class='ocr_par' dir='ltr' id='par_1_6' title="bbox 176 1520 1849 1734">
     <span class='ocr_line' id='line_1_24' title="bbox 176 1520 1849 1566; baseline 0.001 -10"><span class='ocrx_word' id='word_1_227' title='bbox 176 1521 437 1566; x_wconf 79' lang='lat' dir='ltr'>aspersorium]</span> <span class='ocrx_word' id='word_1_228' title='bbox 470 1521 548 1555; x_wconf 73' lang='lat' dir='ltr'>‘ein</span> <span class='ocrx_word' id='word_1_229' title='bbox 578 1521 670 1566; x_wconf 56' lang='grc' dir='ltr'>ἀίω]</span> <span class='ocrx_word' id='word_1_230' title='bbox 701 1521 818 1556; x_wconf 78' lang='lat' dir='ltr'>(Iamit</span> <span class='ocrx_word' id='word_1_231' title='bbox 853 1533 938 1556; x_wconf 72' lang='lat' dir='ltr'>man</span> <span class='ocrx_word' id='word_1_232' title='bbox 975 1522 1191 1566; x_wconf 69' lang='lat' dir='ltr'>besprewgyt&#39;.</span> <span class='ocrx_word' id='word_1_233' title='bbox 1231 1520 1388 1556; x_wconf 85' lang='lat' dir='ltr'>Gemma</span> <span class='ocrx_word' id='word_1_234' title='bbox 1411 1533 1445 1566; x_wconf 87' lang='lat' dir='ltr'>g.</span> <span class='ocrx_word' id='word_1_235' title='bbox 1484 1521 1533 1555; x_wconf 88' lang='lat' dir='ltr'><strong><em>W</em></strong></span> <span class='ocrx_word' id='word_1_236' title='bbox 1531 1522 1849 1566; x_wconf 72' lang='lat' dir='ltr'>eihwasserbecken.</span> 
     </span>
     <span class='ocr_line' id='line_1_25' title="bbox 221 1577 1848 1623; baseline 0 -11"><span class='ocrx_word' id='word_1_237' title='bbox 221 1577 387 1622; x_wconf 75' lang='lat' dir='ltr'>Ducang.</span> <span class='ocrx_word' id='word_1_238' title='bbox 407 1589 496 1620; x_wconf 86' lang='lat' dir='ltr'>„vas</span> <span class='ocrx_word' id='word_1_239' title='bbox 520 1578 558 1611; x_wconf 89' lang='lat' dir='ltr'>in</span> <span class='ocrx_word' id='word_1_240' title='bbox 575 1589 648 1622; x_wconf 87' lang='lat' dir='ltr'>quo</span> <span class='ocrx_word' id='word_1_241' title='bbox 674 1588 772 1622; x_wconf 90' lang='lat' dir='ltr'>aqua</span> <span class='ocrx_word' id='word_1_242' title='bbox 797 1579 852 1612; x_wconf 89' lang='lat' dir='ltr'>est</span> <span class='ocrx_word' id='word_1_243' title='bbox 868 1578 1078 1619; x_wconf 87' lang='lat' dir='ltr'>benedicta,</span> <span class='ocrx_word' id='word_1_244' title='bbox 1104 1588 1177 1621; x_wconf 90' lang='lat' dir='ltr'>quo</span> <span class='ocrx_word' id='word_1_245' title='bbox 1202 1577 1308 1622; x_wconf 87' lang='lat' dir='ltr'><strong>plebs</strong></span> <span class='ocrx_word' id='word_1_246' title='bbox 1332 1577 1370 1611; x_wconf 87' lang='lat' dir='ltr'>in</span> <span class='ocrx_word' id='word_1_247' title='bbox 1389 1578 1544 1612; x_wconf 86' lang='lat' dir='ltr'>ecclesia</span> <span class='ocrx_word' id='word_1_248' title='bbox 1568 1578 1778 1623; x_wconf 83' lang='lat' dir='ltr'>aspergitur</span> <span class='ocrx_word' id='word_1_249' title='bbox 1796 1606 1803 1613; x_wconf 90' lang='lat'>.</span> <span class='ocrx_word' id='word_1_250' title='bbox 1819 1606 1848 1613; x_wconf 92' lang='lat'>..</span> 
     </span>
     <span class='ocr_line' id='line_1_26' title="bbox 223 1632 1848 1679; baseline 0 -11"><span class='ocrx_word' id='word_1_251' title='bbox 223 1632 362 1678; x_wconf 61' lang='lat' dir='ltr'>Saepius</span> <span class='ocrx_word' id='word_1_252' title='bbox 392 1632 650 1678; x_wconf 88' lang='lat' dir='ltr'>Aspersorium</span> <span class='ocrx_word' id='word_1_253' title='bbox 686 1645 753 1678; x_wconf 90' lang='lat' dir='ltr'>pro</span> <span class='ocrx_word' id='word_1_254' title='bbox 785 1633 996 1679; x_wconf 87' lang='lat' dir='ltr'>Aspergillo</span> <span class='ocrx_word' id='word_1_255' title='bbox 1029 1633 1307 1679; x_wconf 54' lang='lat' dir='ltr'>[Weffimedelh</span> <span class='ocrx_word' id='word_1_256' title='bbox 1342 1634 1445 1679; x_wconf 88' lang='lat' dir='ltr'>Hisp.</span> <span class='ocrx_word' id='word_1_257' title='bbox 1464 1634 1663 1679; x_wconf 88' lang='lat' dir='ltr'>Hissopillo</span> <span class='ocrx_word' id='word_1_258' title='bbox 1699 1635 1848 1679; x_wconf 85' lang='lat' dir='ltr'>legitur,</span> 
     </span>
     <span class='ocr_line' id='line_1_27' title="bbox 222 1690 752 1734; baseline 0.002 -11"><span class='ocrx_word' id='word_1_259' title='bbox 222 1700 334 1734; x_wconf 87' lang='lat' dir='ltr'>quam</span> <span class='ocrx_word' id='word_1_260' title='bbox 358 1700 426 1734; x_wconf 90' lang='lat' dir='ltr'>pro</span> <span class='ocrx_word' id='word_1_261' title='bbox 450 1690 531 1734; x_wconf 90' lang='lat' dir='ltr'>ipso</span> <span class='ocrx_word' id='word_1_262' title='bbox 556 1701 641 1725; x_wconf 85' lang='lat' dir='ltr'>vase</span> <span class='ocrx_word' id='word_1_263' title='bbox 661 1718 668 1724; x_wconf 88' lang='lat'>.</span> <span class='ocrx_word' id='word_1_264' title='bbox 687 1718 694 1724; x_wconf 93' lang='lat'>.</span> <span class='ocrx_word' id='word_1_265' title='bbox 714 1692 752 1724; x_wconf 88' lang='lat'>.“</span> 
     </span>
    </p>

    <p class='ocr_par' dir='ltr' id='par_1_7' title="bbox 132 1745 1849 1791">
     <span class='ocr_line' id='line_1_28' title="bbox 132 1745 1849 1791; baseline 0 -10"><span class='ocrx_word' id='word_1_266' title='bbox 132 1750 175 1791; x_wconf 77' lang='lat'>29</span> <span class='ocrx_word' id='word_1_267' title='bbox 199 1745 381 1780; x_wconf 70' lang='lat' dir='ltr'>Reuchh&#39;n</span> <span class='ocrx_word' id='word_1_268' title='bbox 398 1772 405 1780; x_wconf 92' lang='lat'>.</span> <span class='ocrx_word' id='word_1_269' title='bbox 425 1772 432 1780; x_wconf 90' lang='lat'>.</span> <span class='ocrx_word' id='word_1_270' title='bbox 452 1773 459 1780; x_wconf 93' lang='lat'>.</span> <span class='ocrx_word' id='word_1_271' title='bbox 484 1746 584 1791; x_wconf 76' lang='lat' dir='ltr'>vicit]</span> <span class='ocrx_word' id='word_1_272' title='bbox 612 1746 664 1781; x_wconf 88' lang='lat' dir='ltr'>Cf.</span> <span class='ocrx_word' id='word_1_273' title='bbox 682 1745 876 1791; x_wconf 87' lang='lat' dir='ltr'>Conspect.</span> <span class='ocrx_word' id='word_1_274' title='bbox 894 1746 1055 1781; x_wconf 89' lang='lat' dir='ltr'>chronol.</span> <span class='ocrx_word' id='word_1_275' title='bbox 1074 1746 1121 1781; x_wconf 88' lang='lat' dir='ltr'>ad</span> <span class='ocrx_word' id='word_1_276' title='bbox 1147 1747 1295 1783; x_wconf 87' lang='lat' dir='ltr'>exeunt.</span> <span class='ocrx_word' id='word_1_277' title='bbox 1312 1758 1344 1782; x_wconf 85' lang='lat' dir='ltr'>a.</span> <span class='ocrx_word' id='word_1_278' title='bbox 1366 1750 1461 1782; x_wconf 83' lang='lat'>1514.</span> <span class='ocrx_word' id='word_1_279' title='bbox 1480 1747 1519 1781; x_wconf 89' lang='lat' dir='ltr'>et</span> <span class='ocrx_word' id='word_1_280' title='bbox 1542 1747 1683 1781; x_wconf 89' lang='lat' dir='ltr'>ineunt.</span> <span class='ocrx_word' id='word_1_281' title='bbox 1701 1758 1732 1781; x_wconf 88' lang='lat' dir='ltr'>a.</span> <span class='ocrx_word' id='word_1_282' title='bbox 1754 1750 1849 1782; x_wconf 86' lang='lat'>1515.</span> 
     </span>
    </p>

    <p class='ocr_par' dir='ltr' id='par_1_8' title="bbox 132 1801 1849 1904">
     <span class='ocr_line' id='line_1_29' title="bbox 132 1801 1849 1847; baseline 0.001 -11"><span class='ocrx_word' id='word_1_283' title='bbox 132 1805 175 1836; x_wconf 80' lang='lat'>22</span> <span class='ocrx_word' id='word_1_284' title='bbox 200 1801 297 1846; x_wconf 75' lang='lat' dir='ltr'>quod</span> <span class='ocrx_word' id='word_1_285' title='bbox 315 1828 322 1835; x_wconf 94' lang='lat'>.</span> <span class='ocrx_word' id='word_1_286' title='bbox 341 1829 349 1835; x_wconf 92' lang='lat'>.</span> <span class='ocrx_word' id='word_1_287' title='bbox 368 1828 375 1835; x_wconf 90' lang='lat'>.</span> <span class='ocrx_word' id='word_1_288' title='bbox 394 1802 589 1847; x_wconf 73' lang='lat' dir='ltr'>dictamen]</span> <span class='ocrx_word' id='word_1_289' title='bbox 622 1802 699 1837; x_wconf 88' lang='lat' dir='ltr'>Aut</span> <span class='ocrx_word' id='word_1_290' title='bbox 721 1813 795 1837; x_wconf 90' lang='lat' dir='ltr'>non</span> <span class='ocrx_word' id='word_1_291' title='bbox 821 1802 956 1837; x_wconf 88' lang='lat' dir='ltr'>vidisse</span> <span class='ocrx_word' id='word_1_292' title='bbox 984 1802 1129 1837; x_wconf 85' lang='lat' dir='ltr'>Ortvini</span> <span class='ocrx_word' id='word_1_293' title='bbox 1153 1802 1445 1838; x_wconf 87' lang='lat' dir='ltr'>Prenotamenta</span> <span class='ocrx_word' id='word_1_294' title='bbox 1469 1803 1569 1847; x_wconf 89' lang='lat' dir='ltr'>(Ind.</span> <span class='ocrx_word' id='word_1_295' title='bbox 1590 1815 1674 1838; x_wconf 82' lang='lat' dir='ltr'>serr.</span> <span class='ocrx_word' id='word_1_296' title='bbox 1692 1816 1726 1838; x_wconf 91' lang='lat' dir='ltr'>n.</span> <span class='ocrx_word' id='word_1_297' title='bbox 1744 1805 1849 1847; x_wconf 84' lang='lat' dir='ltr'>xmi.)</span> 
     </span>
     <span class='ocr_line' id='line_1_30' title="bbox 223 1858 1199 1904; baseline 0.001 -12"><span class='ocrx_word' id='word_1_298' title='bbox 223 1858 290 1892; x_wconf 86' lang='lat' dir='ltr'>aut</span> <span class='ocrx_word' id='word_1_299' title='bbox 313 1858 469 1892; x_wconf 86' lang='lat' dir='ltr'>nimium</span> <span class='ocrx_word' id='word_1_300' title='bbox 495 1859 540 1893; x_wconf 86' lang='lat' dir='ltr'>ab</span> <span class='ocrx_word' id='word_1_301' title='bbox 567 1869 611 1893; x_wconf 90' lang='lat' dir='ltr'>eo</span> <span class='ocrx_word' id='word_1_302' title='bbox 636 1859 784 1904; x_wconf 83' lang='lat' dir='ltr'>exigere</span> <span class='ocrx_word' id='word_1_303' title='bbox 811 1858 964 1904; x_wconf 85' lang='lat' dir='ltr'>fingitur</span> <span class='ocrx_word' id='word_1_304' title='bbox 987 1859 1199 1904; x_wconf 88' lang='lat' dir='ltr'>Vilipatius.</span> 
     </span>
    </p>

    <p class='ocr_par' dir='ltr' id='par_1_9' title="bbox 131 1915 1850 2062">
     <span class='ocr_line' id='line_1_31' title="bbox 131 1915 1850 1961; baseline 0.001 -12"><span class='ocrx_word' id='word_1_305' title='bbox 131 1918 175 1950; x_wconf 86' lang='grc'>23</span> <span class='ocrx_word' id='word_1_306' title='bbox 199 1915 540 1960; x_wconf 60' lang='lat' dir='ltr'>superaeternaliter]</span> <span class='ocrx_word' id='word_1_307' title='bbox 567 1915 827 1958; x_wconf 87' lang='lat' dir='ltr'>Aeternaliter‚</span> <span class='ocrx_word' id='word_1_308' title='bbox 853 1915 891 1949; x_wconf 87' lang='lat' dir='ltr'>in</span> <span class='ocrx_word' id='word_1_309' title='bbox 909 1916 1100 1958; x_wconf 86' lang='lat' dir='ltr'>aeternum,</span> <span class='ocrx_word' id='word_1_310' title='bbox 1126 1916 1237 1961; x_wconf 85' lang='lat' dir='ltr'>longe</span> <span class='ocrx_word' id='word_1_311' title='bbox 1256 1916 1408 1960; x_wconf 87' lang='lat' dir='ltr'>quidem</span> <span class='ocrx_word' id='word_1_312' title='bbox 1430 1916 1522 1960; x_wconf 89' lang='lat' dir='ltr'>puto</span> <span class='ocrx_word' id='word_1_313' title='bbox 1540 1916 1665 1950; x_wconf 89' lang='lat' dir='ltr'>omnia</span> <span class='ocrx_word' id='word_1_314' title='bbox 1681 1917 1850 1961; x_wconf 87' lang='lat' dir='ltr'>tempora</span> 
     </span>
     <span class='ocr_line' id='line_1_32' title="bbox 223 1971 1849 2017; baseline 0.001 -12"><span class='ocrx_word' id='word_1_315' title='bbox 223 1971 379 2013; x_wconf 76' lang='lat' dir='ltr'>excedit,</span> <span class='ocrx_word' id='word_1_316' title='bbox 406 1971 470 2005; x_wconf 89' lang='lat' dir='ltr'>sed</span> <span class='ocrx_word' id='word_1_317' title='bbox 496 1971 652 2016; x_wconf 88' lang='lat' dir='ltr'>simplex</span> <span class='ocrx_word' id='word_1_318' title='bbox 677 1971 937 2006; x_wconf 83' lang='lat' dir='ltr'>immortalitas</span> <span class='ocrx_word' id='word_1_319' title='bbox 955 1971 1136 2006; x_wconf 83' lang='lat' dir='ltr'>sordidior</span> <span class='ocrx_word' id='word_1_320' title='bbox 1160 1971 1331 2016; x_wconf 82' lang='lat' dir='ltr'>scriptori</span> <span class='ocrx_word' id='word_1_321' title='bbox 1348 1971 1497 2007; x_wconf 86' lang='lat' dir='ltr'>videtur</span> <span class='ocrx_word' id='word_1_322' title='bbox 1520 1983 1661 2007; x_wconf 85' lang='lat' dir='ltr'>merces</span> <span class='ocrx_word' id='word_1_323' title='bbox 1686 1984 1752 2017; x_wconf 90' lang='lat' dir='ltr'>pro</span> <span class='ocrx_word' id='word_1_324' title='bbox 1769 1972 1849 2007; x_wconf 89' lang='lat' dir='ltr'>Ort-</span> 
     </span>
     <span class='ocr_line' id='line_1_33' title="bbox 221 2027 474 2062; baseline 0 -1"><span class='ocrx_word' id='word_1_325' title='bbox 221 2027 299 2061; x_wconf 91' lang='lat' dir='ltr'>vini</span> <span class='ocrx_word' id='word_1_326' title='bbox 322 2027 474 2062; x_wconf 88' lang='lat' dir='ltr'>meritis.</span> 
     </span>
    </p>

    <p class='ocr_par' dir='ltr' id='par_1_10' title="bbox 131 2083 1848 2175">
     <span class='ocr_line' id='line_1_34' title="bbox 131 2083 1848 2130; baseline 0.001 -12"><span class='ocrx_word' id='word_1_327' title='bbox 131 2087 175 2118; x_wconf 72' lang='lat'>24</span> <span class='ocrx_word' id='word_1_328' title='bbox 199 2094 280 2119; x_wconf 79' lang='lat' dir='ltr'>eum</span> <span class='ocrx_word' id='word_1_329' title='bbox 308 2094 335 2118; x_wconf 85' lang='lat' dir='ltr'>s.</span> <span class='ocrx_word' id='word_1_330' title='bbox 353 2085 483 2129; x_wconf 78' lang='lat' dir='ltr'>uxore]</span> <span class='ocrx_word' id='word_1_331' title='bbox 523 2083 788 2130; x_wconf 82' lang='lat' dir='ltr'>Subintellegit</span> <span class='ocrx_word' id='word_1_332' title='bbox 819 2084 956 2119; x_wconf 83' lang='lat' dir='ltr'>‘amica</span> <span class='ocrx_word' id='word_1_333' title='bbox 986 2085 1145 2127; x_wconf 49' lang='lat' dir='ltr'>vestran</span> <span class='ocrx_word' id='word_1_334' title='bbox 1181 2085 1223 2119; x_wconf 86' lang='lat' dir='ltr'>ut</span> <span class='ocrx_word' id='word_1_335' title='bbox 1254 2095 1412 2129; x_wconf 88' lang='lat' dir='ltr'>sequens</span> <span class='ocrx_word' id='word_1_336' title='bbox 1444 2086 1550 2129; x_wconf 90' lang='lat' dir='ltr'>‘opto</span> <span class='ocrx_word' id='word_1_337' title='bbox 1582 2085 1653 2119; x_wconf 86' lang='lat' dir='ltr'>sibi</span> <span class='ocrx_word' id='word_1_338' title='bbox 1684 2085 1748 2130; x_wconf 83' lang='lat' dir='ltr'>(ei)</span> <span class='ocrx_word' id='word_1_339' title='bbox 1780 2086 1848 2120; x_wconf 85' lang='lat' dir='ltr'>etc.</span> 
     </span>
     <span class='ocr_line' id='line_1_35' title="bbox 223 2139 395 2175; baseline 0.006 -1"><span class='ocrx_word' id='word_1_340' title='bbox 223 2139 395 2175; x_wconf 87' lang='lat' dir='ltr'>ostendit.</span> 
     </span>
    </p>

    <p class='ocr_par' dir='ltr' id='par_1_11' title="bbox 132 2196 1858 2458">
     <span class='ocr_line' id='line_1_36' title="bbox 132 2196 1850 2243; baseline 0.001 -12"><span class='ocrx_word' id='word_1_341' title='bbox 132 2200 176 2232; x_wconf 89' lang='grc'>25</span> <span class='ocrx_word' id='word_1_342' title='bbox 200 2196 381 2241; x_wconf 75' lang='lat' dir='ltr'>minutas]</span> <span class='ocrx_word' id='word_1_343' title='bbox 414 2196 544 2231; x_wconf 89' lang='lat' dir='ltr'>Neutr.</span> <span class='ocrx_word' id='word_1_344' title='bbox 562 2197 653 2232; x_wconf 87' lang='lat' dir='ltr'>facit</span> <span class='ocrx_word' id='word_1_345' title='bbox 683 2197 840 2232; x_wconf 81' lang='lat' dir='ltr'>Gemma</span> <span class='ocrx_word' id='word_1_346' title='bbox 864 2210 898 2243; x_wconf 85' lang='lat' dir='ltr'>g.</span> <span class='ocrx_word' id='word_1_347' title='bbox 931 2196 1147 2240; x_wconf 88' lang='lat' dir='ltr'>„Minutum</span> <span class='ocrx_word' id='word_1_348' title='bbox 1180 2198 1236 2231; x_wconf 89' lang='lat' dir='ltr'>est</span> <span class='ocrx_word' id='word_1_349' title='bbox 1266 2197 1495 2242; x_wconf 85' lang='lat' dir='ltr'>sexagesima</span> <span class='ocrx_word' id='word_1_350' title='bbox 1525 2209 1610 2242; x_wconf 86' lang='lat' dir='ltr'>pars</span> <span class='ocrx_word' id='word_1_351' title='bbox 1634 2198 1751 2240; x_wconf 65' lang='lat' dir='ltr'>horae,</span> <span class='ocrx_word' id='word_1_352' title='bbox 1791 2199 1850 2232; x_wconf 77' lang='lat' dir='ltr'>ein</span> 
     </span>
     <span class='ocr_line' id='line_1_37' title="bbox 221 2252 1848 2299; baseline 0.001 -12"><span class='ocrx_word' id='word_1_353' title='bbox 221 2253 376 2287; x_wconf 68' lang='lat' dir='ltr'>minutf‘</span> <span class='ocrx_word' id='word_1_354' title='bbox 425 2252 599 2288; x_wconf 90' lang='lat' dir='ltr'>Ceterum</span> <span class='ocrx_word' id='word_1_355' title='bbox 624 2255 715 2298; x_wconf 88' lang='lat' dir='ltr'>puto</span> <span class='ocrx_word' id='word_1_356' title='bbox 740 2254 775 2288; x_wconf 85' lang='lat' dir='ltr'>h.</span> <span class='ocrx_word' id='word_1_357' title='bbox 792 2254 816 2299; x_wconf 73' lang='lat' dir='ltr'>l.</span> <span class='ocrx_word' id='word_1_358' title='bbox 834 2253 879 2288; x_wconf 92' lang='lat' dir='ltr'>de</span> <span class='ocrx_word' id='word_1_359' title='bbox 906 2253 1125 2288; x_wconf 87' lang='lat' dir='ltr'>astronomis</span> <span class='ocrx_word' id='word_1_360' title='bbox 1155 2253 1291 2288; x_wconf 87' lang='lat' dir='ltr'>multas</span> <span class='ocrx_word' id='word_1_361' title='bbox 1315 2253 1477 2288; x_wconf 79' lang='lat' dir='ltr'>minutas</span> <span class='ocrx_word' id='word_1_362' title='bbox 1510 2265 1571 2288; x_wconf 89' lang='lat' dir='ltr'>eos</span> <span class='ocrx_word' id='word_1_363' title='bbox 1595 2254 1733 2288; x_wconf 87' lang='lat' dir='ltr'>habere</span> <span class='ocrx_word' id='word_1_364' title='bbox 1764 2254 1848 2288; x_wconf 89' lang='lat' dir='ltr'>ideo</span> 
     </span>
     <span class='ocr_line' id='line_1_38' title="bbox 223 2298 1848 2355; baseline 0.001 -13"><span class='ocrx_word' id='word_1_365' title='bbox 223 2308 313 2351; x_wconf 84' lang='lat' dir='ltr'>dici,</span> <span class='ocrx_word' id='word_1_366' title='bbox 346 2309 434 2353; x_wconf 86' lang='lat' dir='ltr'>quia</span> <span class='ocrx_word' id='word_1_367' title='bbox 457 2309 495 2343; x_wconf 88' lang='lat' dir='ltr'>in</span> <span class='ocrx_word' id='word_1_368' title='bbox 521 2298 690 2344; x_wconf 61' lang='lat' dir='ltr'>omnibu&#39;s</span> <span class='ocrx_word' id='word_1_369' title='bbox 720 2310 903 2355; x_wconf 86' lang='lat' dir='ltr'>graduum</span> <span class='ocrx_word' id='word_1_370' title='bbox 927 2310 1149 2344; x_wconf 83' lang='lat' dir='ltr'>horarumve</span> <span class='ocrx_word' id='word_1_371' title='bbox 1175 2309 1454 2344; x_wconf 85' lang='lat' dir='ltr'>definitionibus</span> <span class='ocrx_word' id='word_1_372' title='bbox 1479 2310 1591 2344; x_wconf 87' lang='lat' dir='ltr'>etiam</span> <span class='ocrx_word' id='word_1_373' title='bbox 1623 2310 1848 2345; x_wconf 77' lang='lat' dir='ltr'>minutarum</span> 
     </span>
     <span class='ocr_line' id='line_1_39' title="bbox 221 2365 1858 2410; baseline 0 -10"><span class='ocrx_word' id='word_1_374' title='bbox 221 2377 396 2400; x_wconf 89' lang='lat' dir='ltr'>numerus</span> <span class='ocrx_word' id='word_1_375' title='bbox 422 2366 579 2410; x_wconf 86' lang='lat' dir='ltr'>exprimi</span> <span class='ocrx_word' id='word_1_376' title='bbox 604 2366 708 2409; x_wconf 90' lang='lat' dir='ltr'>solet,</span> <span class='ocrx_word' id='word_1_377' title='bbox 734 2367 777 2401; x_wconf 91' lang='lat' dir='ltr'>ut</span> <span class='ocrx_word' id='word_1_378' title='bbox 793 2366 994 2410; x_wconf 90' lang='lat' dir='ltr'>Vilipatius</span> <span class='ocrx_word' id='word_1_379' title='bbox 1018 2365 1142 2410; x_wconf 88' lang='lat' dir='ltr'>potius</span> <span class='ocrx_word' id='word_1_380' title='bbox 1158 2365 1408 2410; x_wconf 85' lang='lat' dir='ltr'>frequentiam</span> <span class='ocrx_word' id='word_1_381' title='bbox 1433 2377 1545 2410; x_wconf 89' lang='lat' dir='ltr'>quam</span> <span class='ocrx_word' id='word_1_382' title='bbox 1569 2366 1858 2401; x_wconf 87' lang='lat' dir='ltr'>multitudinem·</span> 
     </span>
     <span class='ocr_line' id='line_1_40' title="bbox 222 2422 760 2458; baseline 0.002 -3"><span class='ocrx_word' id='word_1_383' title='bbox 222 2422 448 2456; x_wconf 89' lang='lat' dir='ltr'>minutarum</span> <span class='ocrx_word' id='word_1_384' title='bbox 475 2422 679 2457; x_wconf 88' lang='lat' dir='ltr'>admiratus</span> <span class='ocrx_word' id='word_1_385' title='bbox 704 2423 760 2458; x_wconf 89' lang='lat' dir='ltr'>sit.</span> 
     </span>
    </p>

    <p class='ocr_par' dir='ltr' id='par_1_12' title="bbox 132 2478 1849 2804">
     <span class='ocr_line' id='line_1_41' title="bbox 132 2478 1849 2524; baseline 0.001 -12"><span class='ocrx_word' id='word_1_386' title='bbox 132 2482 185 2512; x_wconf 87' lang='grc'>26.</span> <span class='ocrx_word' id='word_1_387' title='bbox 203 2490 281 2522; x_wconf 89' lang='lat' dir='ltr'>sqq.</span> <span class='ocrx_word' id='word_1_388' title='bbox 307 2478 386 2513; x_wconf 90' lang='lat' dir='ltr'>Hoc</span> <span class='ocrx_word' id='word_1_389' title='bbox 419 2478 675 2524; x_wconf 85' lang='lat' dir='ltr'>‘privilegium</span> <span class='ocrx_word' id='word_1_390' title='bbox 698 2478 947 2514; x_wconf 88' lang='lat' dir='ltr'>Venetorum&#39;</span> <span class='ocrx_word' id='word_1_391' title='bbox 981 2479 1028 2524; x_wconf 83' lang='lat' dir='ltr'>ad</span> <span class='ocrx_word' id='word_1_392' title='bbox 1065 2479 1308 2514; x_wconf 87' lang='lat' dir='ltr'>deridendam</span> <span class='ocrx_word' id='word_1_393' title='bbox 1344 2479 1577 2524; x_wconf 89' lang='lat' dir='ltr'>imperialem</span> <span class='ocrx_word' id='word_1_394' title='bbox 1614 2479 1849 2513; x_wconf 87' lang='lat' dir='ltr'>maiestatem</span> 
     </span>
     <span class='ocr_line' id='line_1_42' title="bbox 222 2533 1848 2580; baseline 0 -12"><span class='ocrx_word' id='word_1_395' title='bbox 222 2533 350 2568; x_wconf 87' lang='lat' dir='ltr'>fictum</span> <span class='ocrx_word' id='word_1_396' title='bbox 376 2545 452 2569; x_wconf 90' lang='lat' dir='ltr'>esse</span> <span class='ocrx_word' id='word_1_397' title='bbox 477 2534 658 2569; x_wconf 74' lang='lat' dir='ltr'>delator-ie</span> <span class='ocrx_word' id='word_1_398' title='bbox 682 2534 848 2569; x_wconf 82' lang='lat' dir='ltr'>insinuat</span> <span class='ocrx_word' id='word_1_399' title='bbox 865 2534 1040 2569; x_wconf 85' lang='lat' dir='ltr'>Ortvinus</span> <span class='ocrx_word' id='word_1_400' title='bbox 1063 2535 1101 2569; x_wconf 91' lang='lat' dir='ltr'>in</span> <span class='ocrx_word' id='word_1_401' title='bbox 1127 2535 1233 2579; x_wconf 85' lang='lat' dir='ltr'>epist.</span> <span class='ocrx_word' id='word_1_402' title='bbox 1252 2535 1437 2580; x_wconf 85' lang='lat' dir='ltr'>apologet.</span> <span class='ocrx_word' id='word_1_403' title='bbox 1455 2547 1489 2579; x_wconf 87' lang='lat' dir='ltr'>p.</span> <span class='ocrx_word' id='word_1_404' title='bbox 1508 2538 1584 2570; x_wconf 86' lang='lat'>398.</span> <span class='ocrx_word' id='word_1_405' title='bbox 1602 2547 1635 2568; x_wconf 88' lang='lat' dir='ltr'>v.</span> <span class='ocrx_word' id='word_1_406' title='bbox 1650 2539 1680 2569; x_wconf 92' lang='grc'>2.</span> <span class='ocrx_word' id='word_1_407' title='bbox 1695 2546 1772 2578; x_wconf 88' lang='lat' dir='ltr'>sqq.</span> <span class='ocrx_word' id='word_1_408' title='bbox 1792 2535 1848 2569; x_wconf 89' lang='lat' dir='ltr'>ed.</span> 
     </span>
     <span class='ocr_line' id='line_1_43' title="bbox 223 2590 1849 2635; baseline 0 -11"><span class='ocrx_word' id='word_1_409' title='bbox 223 2602 257 2624; x_wconf 91' lang='lat' dir='ltr'>n.</span> <span class='ocrx_word' id='word_1_410' title='bbox 282 2590 347 2625; x_wconf 86' lang='lat' dir='ltr'>Est</span> <span class='ocrx_word' id='word_1_411' title='bbox 363 2590 515 2634; x_wconf 86' lang='lat' dir='ltr'>quidem</span> <span class='ocrx_word' id='word_1_412' title='bbox 541 2591 588 2625; x_wconf 88' lang='lat' dir='ltr'>ad</span> <span class='ocrx_word' id='word_1_413' title='bbox 605 2590 859 2633; x_wconf 86' lang='lat' dir='ltr'>deridendam,</span> <span class='ocrx_word' id='word_1_414' title='bbox 886 2591 951 2625; x_wconf 88' lang='lat' dir='ltr'>sed</span> <span class='ocrx_word' id='word_1_415' title='bbox 974 2601 1048 2624; x_wconf 92' lang='lat' dir='ltr'>non</span> <span class='ocrx_word' id='word_1_416' title='bbox 1073 2591 1161 2635; x_wconf 88' lang='lat' dir='ltr'>imp.</span> <span class='ocrx_word' id='word_1_417' title='bbox 1180 2591 1425 2633; x_wconf 86' lang='lat' dir='ltr'>maiestatem,</span> <span class='ocrx_word' id='word_1_418' title='bbox 1451 2591 1516 2625; x_wconf 92' lang='lat' dir='ltr'>sed</span> <span class='ocrx_word' id='word_1_419' title='bbox 1540 2601 1699 2625; x_wconf 84' lang='lat' dir='ltr'>crassam</span> <span class='ocrx_word' id='word_1_420' title='bbox 1724 2601 1849 2634; x_wconf 86' lang='lat' dir='ltr'>super-</span> 
     </span>
     <span class='ocr_line' id='line_1_44' title="bbox 221 2646 1849 2690; baseline -0.001 -9"><span class='ocrx_word' id='word_1_421' title='bbox 221 2647 461 2690; x_wconf 87' lang='lat' dir='ltr'>bientemque</span> <span class='ocrx_word' id='word_1_422' title='bbox 488 2646 903 2681; x_wconf 83' lang='lat' dir='ltr'>Antireuchlinistarum</span> <span class='ocrx_word' id='word_1_423' title='bbox 935 2646 1138 2680; x_wconf 84' lang='lat' dir='ltr'>ruditatem</span> <span class='ocrx_word' id='word_1_424' title='bbox 1164 2646 1308 2688; x_wconf 88' lang='lat' dir='ltr'>fictum,</span> <span class='ocrx_word' id='word_1_425' title='bbox 1342 2646 1440 2681; x_wconf 90' lang='lat' dir='ltr'>unde</span> <span class='ocrx_word' id='word_1_426' title='bbox 1466 2647 1602 2681; x_wconf 86' lang='lat' dir='ltr'>soloeca</span> <span class='ocrx_word' id='word_1_427' title='bbox 1625 2646 1740 2680; x_wconf 84' lang='lat' dir='ltr'>verba</span> <span class='ocrx_word' id='word_1_428' title='bbox 1766 2646 1849 2680; x_wconf 85' lang='lat' dir='ltr'>‘im-</span> 
     </span>
     <span class='ocr_line' id='line_1_45' title="bbox 223 2701 1849 2747; baseline -0.001 -10"><span class='ocrx_word' id='word_1_429' title='bbox 223 2702 406 2747; x_wconf 85' lang='lat' dir='ltr'>pressoria</span> <span class='ocrx_word' id='word_1_430' title='bbox 424 2702 672 2746; x_wconf 69' lang='lat' dir='ltr'>(Druekeret‘),</span> <span class='ocrx_word' id='word_1_431' title='bbox 690 2702 840 2736; x_wconf 80' lang='lat' dir='ltr'>Minutii</span> <span class='ocrx_word' id='word_1_432' title='bbox 858 2701 1056 2746; x_wconf 89' lang='lat' dir='ltr'>(Manutii),</span> <span class='ocrx_word' id='word_1_433' title='bbox 1083 2702 1287 2736; x_wconf 86' lang='lat' dir='ltr'>cavisatum</span> <span class='ocrx_word' id='word_1_434' title='bbox 1305 2703 1495 2747; x_wconf 82' lang='lat' dir='ltr'>(cautum),</span> <span class='ocrx_word' id='word_1_435' title='bbox 1522 2703 1741 2746; x_wconf 86' lang='lat' dir='ltr'>impressare</span> <span class='ocrx_word' id='word_1_436' title='bbox 1769 2702 1849 2747; x_wconf 88' lang='lat' dir='ltr'>(im-</span> 
     </span>
     <span class='ocr_line' id='line_1_46' title="bbox 221 2757 1654 2804; baseline 0.001 -12"><span class='ocrx_word' id='word_1_437' title='bbox 221 2758 394 2804; x_wconf 84' lang='lat' dir='ltr'>primere,</span> <span class='ocrx_word' id='word_1_438' title='bbox 420 2757 520 2803; x_wconf 80' lang='lat' dir='ltr'>typis</span> <span class='ocrx_word' id='word_1_439' title='bbox 545 2758 780 2802; x_wconf 88' lang='lat' dir='ltr'>describere),</span> <span class='ocrx_word' id='word_1_440' title='bbox 807 2768 874 2802; x_wconf 89' lang='lat' dir='ltr'>per</span> <span class='ocrx_word' id='word_1_441' title='bbox 899 2757 1037 2802; x_wconf 69' lang='lat' dir='ltr'>(intra),</span> <span class='ocrx_word' id='word_1_442' title='bbox 1064 2757 1358 2792; x_wconf 83' lang='lat' dir='ltr'>Venetianorum</span> <span class='ocrx_word' id='word_1_443' title='bbox 1385 2757 1654 2803; x_wconf 88' lang='lat' dir='ltr'>(Venetorum).</span> 
     </span>
    </p>
   </div>
  </div>
 </body>
</html>
