2119 3522
444 199 594 224 EPP.6.'I.
619 201 874 223 CAPRIMVLGIVS
898 200 1054 223 ORTVINO.
1080 212 1121 216 -—
1146 198 1385 221 HAFENMVSIVS
1409 198 1566 220 ORTVINO.
1768 179 1864 224 535

147 262 233 302 Pag.
255 260 316 295 11.
1290 256 1376 297 Pag.
1393 257 1443 288 10.
1463 266 1491 286 ν.
1505 262 1538 287 36
1556 279 1562 287 .
1578 280 1585 287 .
1601 280 1607 287 .
1625 256 1711 297 Pag.
1728 257 1778 288 12.
1797 266 1826 287 ν.
1839 262 1865 287 5.

236 324 324 348 nare
344 342 350 347 .
367 341 374 347 .
391 340 398 347 .
416 314 454 348 et
476 314 532 347 est
549 313 754 356 deponens3
781 311 925 355 antiqui
942 311 1068 345 tamen
1085 311 1227 355 precio⁷
1255 322 1310 352 as,
1337 310 1376 344 et
1399 309 1585 353 appi-ecio,
1612 320 1662 352 as,
1687 309 1726 343 111
1743 309 1864 344 activo

238 380 375 413 genere
401 369 641 404 declinabant
658 395 664 402 .
685 370 724 401 .“

150 430 192 460 25
218 426 399 469 doctrina]
425 425 643 468 Belelvrzluy.

186 485 303 525 postq.
321 492 347 516 s.
365 480 608 523 beneficiatus]
641 491 725 513 cum
755 491 781 513 s.
800 479 947 522 quando
978 479 1202 513 beneficium
1234 477 1416 522 (officium
1453 478 1743 512 ecclesiasticum
1780 488 1863 512 eum

239 537 368 571 annuis
393 536 589 579 reditibus)
615 535 772 579 adeptus
797 534 912 568 fuero.
941 535 1182 577 ‘beneficiari,
1210 534 1469 577 bepfrzmclcn'.
1503 533 1659 568 Gemina
1683 546 1717 578 g.

148 597 190 627 26
216 593 341 627 instet&
358 602 429 635 pro
456 603 516 625 un.
534 592 613 635 vicu]
642 590 770 632 institi,
798 590 1018 624 vicariatum
1043 591 1140 624 inter
1165 589 1382 624 candidatos
1408 589 1532 631 ambii,
1558 590 1662 633 petii.

190 652 280 684 teme
304 675 311 682 .
331 675 337 682 .
356 675 363 682 .
388 648 498 691 vobis]
526 647 628 681 (lemn
653 647 727 680 will
758 647 815 680 ich
838 646 944 680 Enoch
976 647 1108 680 ez'nmal
1140 647 1217 680 eine
1248 645 1437 680 besomlcrc
1461 644 1561 679 Ehre
1591 646 1753 688 anunm,
1783 646 1864 679 tum

235 704 349 745 laute,
376 703 581 748 splendide,
608 702 781 736 munifice
807 703 843 736 te
869 702 1048 736 tractabo.

146 764 189 794 28
209 764 324 803 poetoe
348 760 437 803 saffo]
466 759 510 793 cf.
529 759 575 805 ad
603 759 667 792 7¹2.

145 820 188 850 ‘29
211 816 304 850 mod.
321 816 430 859 stud]
461 814 669 849 methodus.
717 813 786 847 Hic
815 823 888 847 non
925 813 1122 857 respicitur
1158 813 1204 847 ad
1239 813 1385 847 libellos
1418 813 1483 847 ‘de
1521 813 1631 847 niodo
1669 813 1861 847 studendi'

236 870 422 916 (qualibus
438 872 519 905 tum
535 869 624 904 iuris
647 869 801 904 studiosi
824 869 1007 913 imprimis
1032 869 1243 903 utebantur.
1292 869 1335 902 cf.
1354 868 1540 912 Stintzmy
1560 868 1682 903 Gesch.
1702 869 1765 902 cler
1776 879 1860 912 pop.

236 927 310 961 Lit.
329 928 390 962 cles
406 929 494 961 ro'm.
512 927 595 960 kam.
612 925 658 960 R.
676 938 711 970 p.
730 930 781 959 33.
802 926 912 969 sqq),
939 925 1108 968 quamvis
1132 924 1259 958 similis
1284 924 1412 958 farinae
1436 924 1582 958 libellos
1599 924 1862 958 Hafenmusius

234 983 431 1027 permagni
455 982 577 1017 faciat.

145 1044 187 1073 30
212 1039 339 1083 Arist]
366 1038 530 1083 metaph.
548 1039 574 1073 I.
593 1043 623 1072 2.
650 1037 745 1072 κατὰ
773 1034 843 1081 τὴν
867 1039 1078 1081 παροιμίαν
1104 1034 1231 1071 Πολλοὶ
1258 1034 1472 1079 ψεύδονται
1498 1031 1639 1070 ἀοιδοί.

191 1096 418 1130 mentiamur
436 1095 563 1138 poetoe]
596 1093 650 1128 De
682 1094 847 1138 gener-ib.
867 1093 1040 1127 ebriosor.
1059 1093 1115 1127 ed.
1134 1092 1356 1136 Nurnberge
1388 1103 1419 1126 a.
1439 1095 1534 1126 1516.
1552 1094 1604 1126 4⁰.
1621 1103 1656 1136 p.
1676 1093 1771 1133 (Eua,
1807 1092 1863 1126 ed.

234 1150 385 1187 Zarnek.
402 1163 438 1195 p.
460 1152 548 1194 151.)
575 1150 811 1193 „cavendum
837 1150 941 1184 nobis
968 1151 1033 1191 est,
1059 1161 1105 1183 110
1131 1149 1220 1182 dum
1245 1147 1444 1182 veritatem
1460 1147 1570 1181 nimis
1587 1147 1806 1191 simpliciter
1827 1149 1865 1182 et

234 1208 371 1250 absque
396 1206 480 1240 fuco
504 1206 732 1250 profitemur,
760 1207 805 1239 ab
830 1205 896 1248 his,
924 1206 1057 1249 quibus
1082 1204 1335 1239 contradicere
1352 1204 1494 1248 nephas
1511 1204 1577 1245 cst,
1603 1203 1789 1238 mendacii
1806 1215 1861 1238 ar-

233 1274 400 1308 guamur.
419 1261 587 1296 dicerent
610 1262 709 1295 enim
734 1261 859 1295 statim
884 1262 1034 1305 poetam
1059 1273 1117 1294 me
1144 1272 1221 1295 esse
1248 1262 1283 1303 (a
1308 1271 1381 1304 quo
1404 1260 1530 1294 tamen
1554 1270 1700 1304 semper
1723 1260 1859 1305 longis-

233 1319 322 1353 sime
354 1318 470 1361 abfui)
504 1319 615 1361 atque
647 1317 731 1351 ideo
762 1317 927 1359 mentiri,
967 1317 1143 1360 quoniam
1165 1327 1381 1361 persuasum
1404 1316 1560 1357 habent,
1595 1316 1641 1349 ad
1666 1316 1861 1350 mendacia

232 1375 428 1408 dumtaxat
465 1375 571 1408 natos
606 1374 752 1418 poetas,
792 1373 1082 1417 frequenterque
1118 1372 1212 1405 illud
1244 1371 1426 1406 obiiciunt
1459 1371 1595 1406 ‘Multa
1626 1372 1859 1406 mentiuntur

232 1431 382 1475 poetae',
409 1431 448 1464 et
471 1431 654 1474 praeterea
677 1429 794 1464 malos
812 1428 1037 1463 Christianos
1062 1429 1206 1469 vocant,
1234 1427 1299 1462 sed
1316 1438 1390 1461 11011
1408 1427 1527 1461 solum
1543 1428 1690 1472 poetas:
1718 1427 1859 1462 habent

232 1486 331 1521 enim
355 1487 424 1521 hoc
451 1486 713 1520 Germanicum
735 1495 881 1529 semper
905 1485 943 1518 111
968 1486 1144 1529 promptu
1170 1484 1269 1528 quod
1295 1483 1493 1518 obiiciant:

276 1546 391 1578 Roller·
410 1543 625 1588 [aurigae‘z'L
646 1545 757 1576 Zoller
776 1541 990 1585 [telonarii],
1008 1543 1159 1585 Feryen,
1179 1542 1365 1584 Solem-qen,
1384 1542 1474 1574 Ercz
1494 1540 1647 1584 [medici]
1667 1547 1789 1583 poeten

464 1600 496 1643 [l.
514 1602 613 1633 Ertzt
631 1600 796 1642 (Aerzt'),
816 1600 954 1632 Poeten.
981 1598 1074 1631 falso
1094 1599 1259 1630 Zarnck.:
1277 1597 1486 1640 Erzpoelen]
1505 1599 1574 1630 und
1589 1598 1741 1630 -Jurz'scen

278 1659 348 1689 Das
363 1668 446 1698 seyn
461 1658 565 1699 syben
581 1657 669 1699 bosse
687 1654 813 1698 [sichen
830 1656 908 1688 bisse
926 1654 1088 1698 Zarnek]
1109 1655 1272 1689 Christen.

232 1711 424 1756 egregium
449 1722 535 1745 sane
553 1711 760 1752 dicterium,
787 1709 886 1754 quod
910 1720 983 1744 non
1001 1709 1120 1744 solum
1144 1710 1285 1753 poetas,
1312 1709 1376 1743 sed
1401 1709 1440 1743 et
1456 1708 1619 1743 medicos
1637 1709 1676 1742 et
1691 1708 1858 1742 iurecon-

231 1767 345 1802 sultos
369 1768 406 1800 in
431 1767 631 1801 rationario
656 1766 934 1810 prophanorum
960 1765 1172 1799 adscribitst⁴

141 1828 193 1859 31.
212 1835 290 1868 sqq.
315 1823 369 1857 Ex
399 1834 562 1867 quonam
592 1823 854 1867 magistrorum
885 1822 1094 1856 nostrorum
1124 1821 1252 1855 libello
1282 1821 1342 1855 1110
1375 1821 1566 1855 ‘notabilis
1602 1820 1857 1865 syllogismus'

232 1880 448 1923 desumptus
473 1879 530 1921 sit,
556 1890 655 1912 nunc
678 1889 752 1912 non
778 1878 938 1912 invenio.

184 1936 298 1970 raclisc
322 1936 399 1969 hab.
417 1946 496 1978 sup.
513 1935 560 1979 80]
588 1945 633 1969 ex
658 1934 781 1968 radice
806 1933 986 1976 nascitur,
1013 1934 1142 1978 surgit.

140 1996 182 2027 36
209 1992 306 2026 mala
329 1992 436 2026 arbor
460 1991 533 2034 dc]
560 2001 692 2035 evang.
711 2001 780 2024 sec.
799 1989 885 2023 Luc.
902 1989 965 2023 VI.
984 1994 1037 2024 43.
1070 1989 1114 2023 cf.
1132 1988 1265 2023 Matth.
1283 1988 1363 2025 VII,
1381 1993 1430 2024 18.

140 2052 226 2091 Pag.
249 2050 310 2085 12.

142 2108 160 2138 ‘il
185 2104 348 2147 memoro]
375 2103 556 2137 memoria
578 2104 708 2145 teneo,
734 2102 959 2137 reminiscor.

186 2160 391 2194 doctrinam-
501 2159 618 2203 semel]
645 2159 704 2193 clie
729 2159 858 2201 Lem-e,
884 2159 943 2193 cllo
966 2159 1038 2193 mir
1062 2158 1208 2200 eimnal,
1234 2158 1331 2202 quod
1359 2169 1418 2192 mc
1444 2157 1630 2202 quondam
1657 2158 1811 2191 monuit.

141 2222 160 2251 3
190 2216 421 2259 Valentinus]
448 2216 491 2250 cf.
510 2215 589 2249 Ind.
608 2215 726 2260 biogr.
744 2227 778 2259 p.
797 2219 872 2249 377.
892 2216 959 2249 art.
978 2214 1236 2249 Geltersheim.

184 2272 284 2315 suus]
313 2272 402 2313 01113,
431 2273 472 2306 ut
496 2271 698 2305 innumeris
722 2271 823 2305 locis.

139 2332 160 2362 4
184 2328 316 2362 audire
339 2327 555 2371 Scdmtium]
588 2327 736 2369 scholis,
775 2327 1091 2371 praelectionibus,
1124 2327 1162 2360 in
1194 2327 1327 2370 quibus
1360 2326 1555 2360 Sallustius
1587 2326 1855 2370 explicabatur,

229 2385 417 2418 interesse.
440 2384 550 2418 hodie
575 2384 661 2418 {lber
685 2383 825 2418 Sallust
849 2383 979 2425 lidron,
1006 2383 1076 2417 (len
1100 2383 1240 2417 Sallust
1266 2382 1338 2425 (bei
1361 2383 1409 2417 N.
1427 2382 1491 2424 N.)
1516 2383 1638 2417 lco'ren.

141 2444 160 2474 5
186 2441 352 2484 disclzole]
370 2440 562 2481 „Discolus
577 2439 703 2474 Graece
723 2439 917 2479 δύσκολος,
938 2439 1110 2481 difficilis,
1129 2442 1329 2473 morosus.“
1366 2438 1517 2482 Papias:
1537 2438 1706 2480 diseolus,
1726 2438 1856 2473 diffici-

228 2496 284 2538 lis,
300 2507 476 2538 morosus,
495 2495 803 2539 indisciplinatus,
820 2506 841 2529 a
858 2495 964 2529 scolis
982 2495 1128 2537 dicitur,
1144 2494 1205 2529 vel
1222 2506 1244 2528 a
1261 2494 1382 2529 colore
1401 2496 1440 2529 et
1456 2494 1549 2528 dis.“
1582 2493 1760 2539 Ducange
1776 2495 1809 2528 h.
1821 2507 1855 2528 v.

233 2551 421 2593 ‘Discolus,
437 2552 627 2596 unqestalt.
642 2551 664 2585 i.
678 2562 875 2595 peruersus
893 2552 931 2585 et
946 2551 1075 2585 malus.
1094 2552 1133 2585 et
1149 2550 1286 2584 dicitur
1303 2550 1407 2594 quasi
1424 2561 1447 2584 a
1463 2550 1588 2584 schola
1602 2550 1752 2592 divisus,
1766 2551 1856 2584 zvin-

231 2608 304 2641 ckel
327 2608 490 2642 sclzzller’.
517 2607 674 2641 Gemma
687 2619 721 2651 g.
749 2606 914 2640 Diezius:
936 2607 1012 2649 „In
1026 2606 1218 2641 deutschen
1233 2607 1449 2650 ylossarien:
1467 2606 1635 2647 discolus,
1658 2605 1855 2648 discholus‚

229 2663 252 2697 i.
272 2674 301 2700 e,
321 2663 458 2697 discors
475 2674 497 2697 a
514 2663 655 2704 schola,
680 2663 933 2707 mm'lchtigycr,
951 2671 1206 2706 wnyezoyener,
1224 2662 1471 2705 lamlls'lelftyer
1488 2661 1649 2703 Schz‘clesr,
1668 2672 1702 2695 es
1718 2661 1856 2695 schelnt

231 2719 456 2763 mngyedeeltet
473 2730 540 2753 aas
561 2716 755 2761 δύσκολος,
770 2718 1045 2762 missvcrgym'lyt,
1064 2718 1255 2759 vaso-resch,
1273 2718 1552 2762 zm'wcrtrc'lyliclc,
1570 2717 1752 2758 eima-isch,
1772 2717 1853 2751 Ital.

229 2775 331 2819 Hisp.
350 2774 499 2816 discolo,
527 2775 649 2809 inclem
673 2786 758 2808 'man
775 2774 900 2808 schola
917 2774 1159 2807 eimmssschtef‘
1200 2772 1349 2807 Statuta
1375 2773 1576 2808 reformata
1592 2772 1781 2806 facultatis
1800 2784 1854 2807 ar-

229 2831 324 2864 tium
348 2830 474 2864 Ubior.
493 2841 524 2864 a.
544 2834 640 2864 1522.
656 2830 694 2863 in
720 2830 792 2864 fine
816 2830 972 2863 habent:
999 2828 1112 2871 „Haec
1136 2829 1190 2862 ita
1214 2829 1355 2864 statuta
1378 2830 1474 2871 sunt,
1500 2830 1543 2863 ut
1566 2829 1854 2872 transgressores

230 2886 358 2920 discoli
383 2887 421 2920 et
445 2886 603 2920 rebelles
621 2885 800 2920 desistant
817 2897 838 2920 a
854 2896 920 2919 sua
935 2884 1176 2929 improbitate
1195 2913 1201 2918 .
1218 2888 1268 2919 .“.
1300 2884 1389 2920 ibid.
1408 2897 1437 2920 c.
1458 2889 1509 2920 14.
1526 2885 1549 2918 i.
1567 2886 1591 2918 f.
1609 2884 1780 2927 „notorio
1799 2885 1853 2918 in-

230 2942 356 2976 doctos
374 2942 533 2976 rebelles
551 2943 588 2976 et
612 2941 768 2976 discolos
792 2941 967 2986 separent
991 2942 1029 2975 et
1052 2940 1199 2975 nonnisi
1222 2941 1468 2985 probabiliter
1491 2941 1644 2976 idoneos
1663 2951 1704 2974 ac
1729 2940 1852 2985 gradi-

230 2998 298 3032 bus
323 2999 428 3043 aptos
446 2998 708 3042 pi·aesentent.“
727 2998 766 3032 ct
786 2997 858 3032 alio
877 2997 900 3031 1.
920 2995 1070 3041 „ignavi
1088 2996 1126 3030 et
1145 2995 1299 3030 discholi
1318 2996 1466 3043 flagello
1486 2996 1664 3032 concitari
1686 2996 1855 3033 110111111,ιζ
