<?xml version="1.0" encoding="UTF-8"?>
<!DOCTYPE html PUBLIC "-//W3C//DTD XHTML 1.0 Transitional//EN"
    "http://www.w3.org/TR/xhtml1/DTD/xhtml1-transitional.dtd">
<html xmlns="http://www.w3.org/1999/xhtml" xml:lang="en" lang="en">
 <head>
  <title>
</title>
<meta http-equiv="Content-Type" content="text/html;charset=utf-8" />
  <meta name='ocr-system' content='tesseract 3.04.00' />
  <meta name='ocr-capabilities' content='ocr_page ocr_carea ocr_par ocr_line ocrx_word'/>
</head>
<body>
  <div class='ocr_page' id='page_1' title='image "./operaquaereperir02huttuoft/operaquaereperir02huttuoft_0703.png"; bbox 0 0 2119 3522; ppageno 0'>
   <div class='ocr_carea' id='block_1_1' title="bbox 49 217 1758 339">
    <p class='ocr_par' dir='ltr' id='par_1_1' title="bbox 49 217 1758 339">
     <span class='ocr_line' id='line_1_1' title="bbox 49 217 1756 263; baseline -0.003 -1"><span class='ocrx_word' id='word_1_1' title='bbox 49 242 120 262; x_wconf 80' lang='lat' dir='ltr'>EPP.</span> <span class='ocrx_word' id='word_1_2' title='bbox 135 238 176 262; x_wconf 82' lang='grc'>16.</span> <span class='ocrx_word' id='word_1_3' title='bbox 191 239 232 262; x_wconf 82' lang='grc'>17.</span> <span class='ocrx_word' id='word_1_4' title='bbox 247 238 288 263; x_wconf 83' lang='grc'>18.</span> <span class='ocrx_word' id='word_1_5' title='bbox 311 241 356 262; x_wconf 87' lang='lat'>10.</span> <span class='ocrx_word' id='word_1_6' title='bbox 370 240 571 261; x_wconf 74' lang='lat' dir='ltr'>P1L1-:Aroms</span> <span class='ocrx_word' id='word_1_7' title='bbox 584 240 742 262; x_wconf 67' lang='lat' dir='ltr'>ommno.</span> <span class='ocrx_word' id='word_1_8' title='bbox 757 252 798 255; x_wconf 82' lang='lat'>-—</span> <span class='ocrx_word' id='word_1_9' title='bbox 814 240 959 261; x_wconf 79' lang='lat' dir='ltr'>FREDER.</span> <span class='ocrx_word' id='word_1_10' title='bbox 974 239 1106 260; x_wconf 75' lang='lat' dir='ltr'><strong>GLANTz</strong></span> <span class='ocrx_word' id='word_1_11' title='bbox 1119 239 1268 260; x_wconf 72' lang='lat' dir='ltr'>onrv.-</span> <span class='ocrx_word' id='word_1_12' title='bbox 1283 238 1384 259; x_wconf 69' lang='lat' dir='ltr'>smou</span> <span class='ocrx_word' id='word_1_13' title='bbox 1399 238 1514 259; x_wconf 74' lang='lat' dir='ltr'>wonsr</span> <span class='ocrx_word' id='word_1_14' title='bbox 1526 236 1624 258; x_wconf 71' lang='lat' dir='ltr'>onrv.</span> <span class='ocrx_word' id='word_1_15' title='bbox 1663 217 1756 262; x_wconf 83' lang='grc'>689</span> 
     </span>
     <span class='ocr_line' id='line_1_2' title="bbox 50 295 1758 339; baseline -0.002 -11"><span class='ocrx_word' id='word_1_16' title='bbox 50 298 136 339; x_wconf 82' lang='lat' dir='ltr'>Pag.</span> <span class='ocrx_word' id='word_1_17' title='bbox 157 296 248 332; x_wconf 76' lang='lat'>216.</span> <span class='ocrx_word' id='word_1_18' title='bbox 1120 295 1208 336; x_wconf 80' lang='lat' dir='ltr'>Pag.</span> <span class='ocrx_word' id='word_1_19' title='bbox 1221 296 1295 326; x_wconf 82' lang='lat'>215.</span> <span class='ocrx_word' id='word_1_20' title='bbox 1316 305 1344 326; x_wconf 92' lang='lat' dir='ltr'>v.</span> <span class='ocrx_word' id='word_1_21' title='bbox 1358 302 1390 325; x_wconf 83' lang='lat'>33</span> <span class='ocrx_word' id='word_1_22' title='bbox 1409 319 1415 326; x_wconf 91' lang='lat'>.</span> <span class='ocrx_word' id='word_1_23' title='bbox 1431 319 1438 326; x_wconf 90' lang='lat'>.</span> <span class='ocrx_word' id='word_1_24' title='bbox 1453 319 1460 326; x_wconf 90' lang='lat'>.</span> <span class='ocrx_word' id='word_1_25' title='bbox 1479 295 1566 334; x_wconf 75' lang='lat' dir='ltr'>Pag.</span> <span class='ocrx_word' id='word_1_26' title='bbox 1580 295 1654 325; x_wconf 68' lang='lat'>218.</span> <span class='ocrx_word' id='word_1_27' title='bbox 1674 304 1702 325; x_wconf 91' lang='lat' dir='ltr'>v.</span> <span class='ocrx_word' id='word_1_28' title='bbox 1719 301 1758 324; x_wconf 67' lang='lat'>12².</span> 
     </span>
    </p>
   </div>
   <div class='ocr_carea' id='block_1_2' title="bbox 339 380 1477 421">
    <p class='ocr_par' dir='ltr' id='par_1_2' title="bbox 339 380 1477 421">
     <span class='ocr_line' id='line_1_3' title="bbox 339 380 1477 421; baseline -0.002 -4"><span class='ocrx_word' id='word_1_29' title='bbox 339 383 574 418; x_wconf 85' lang='lat' dir='ltr'><strong>EPISTOLA</strong></span> <span class='ocrx_word' id='word_1_30' title='bbox 603 386 664 421; x_wconf 76' lang='grc'>17.</span> <span class='ocrx_word' id='word_1_31' title='bbox 703 382 1004 418; x_wconf 84' lang='lat' dir='ltr'>FREDERICVS</span> <span class='ocrx_word' id='word_1_32' title='bbox 1031 381 1221 416; x_wconf 81' lang='lat' dir='ltr'>GLANTZ</span> <span class='ocrx_word' id='word_1_33' title='bbox 1248 380 1477 416; x_wconf 75' lang='lat' dir='ltr'>ORTVINO.</span> 
     </span>
    </p>
   </div>
   <div class='ocr_carea' id='block_1_3' title="bbox 49 459 1769 1890">
    <p class='ocr_par' dir='ltr' id='par_1_3' title="bbox 49 459 1763 783">
     <span class='ocr_line' id='line_1_4' title="bbox 49 459 1761 506; baseline -0.002 -10"><span class='ocrx_word' id='word_1_34' title='bbox 49 467 93 497; x_wconf 83' lang='lat'>34</span> <span class='ocrx_word' id='word_1_35' title='bbox 117 462 336 496; x_wconf 85' lang='lat' dir='ltr'>Fradericus</span> <span class='ocrx_word' id='word_1_36' title='bbox 368 462 450 496; x_wconf 85' lang='lat' dir='ltr'>edd.</span> <span class='ocrx_word' id='word_1_37' title='bbox 468 462 656 506; x_wconf 81' lang='lat' dir='ltr'>principes</span> <span class='ocrx_word' id='word_1_38' title='bbox 687 461 786 504; x_wconf 84' lang='lat' dir='ltr'>duae,</span> <span class='ocrx_word' id='word_1_39' title='bbox 813 461 877 496; x_wconf 88' lang='lat' dir='ltr'>sed</span> <span class='ocrx_word' id='word_1_40' title='bbox 902 472 1099 505; x_wconf 86' lang='lat' dir='ltr'>operarum</span> <span class='ocrx_word' id='word_1_41' title='bbox 1124 471 1245 495; x_wconf 83' lang='lat' dir='ltr'>errore</span> <span class='ocrx_word' id='word_1_42' title='bbox 1277 461 1423 504; x_wconf 87' lang='lat' dir='ltr'>opinor,</span> <span class='ocrx_word' id='word_1_43' title='bbox 1451 460 1620 503; x_wconf 85' lang='lat' dir='ltr'>quamvis</span> <span class='ocrx_word' id='word_1_44' title='bbox 1643 470 1667 493; x_wconf 82' lang='grc' dir='ltr'><em>α</em></span> <span class='ocrx_word' id='word_1_45' title='bbox 1691 459 1761 493; x_wconf 89' lang='lat' dir='ltr'>for-</span> 
     </span>
     <span class='ocr_line' id='line_1_5' title="bbox 139 515 1762 561; baseline -0.002 -10"><span class='ocrx_word' id='word_1_46' title='bbox 139 519 235 552; x_wconf 88' lang='lat' dir='ltr'>tasse</span> <span class='ocrx_word' id='word_1_47' title='bbox 261 517 365 561; x_wconf 87' lang='lat' dir='ltr'>Hisp.</span> <span class='ocrx_word' id='word_1_48' title='bbox 382 517 531 551; x_wconf 88' lang='lat' dir='ltr'>nomine</span> <span class='ocrx_word' id='word_1_49' title='bbox 557 517 763 560; x_wconf 57' lang='lat' dir='ltr'>Facu-ique,</span> <span class='ocrx_word' id='word_1_50' title='bbox 789 517 956 551; x_wconf 73' lang='lat' dir='ltr'>Faclrz&#39;ch</span> <span class='ocrx_word' id='word_1_51' title='bbox 981 516 1159 560; x_wconf 82' lang='lat' dir='ltr'>explicari</span> <span class='ocrx_word' id='word_1_52' title='bbox 1183 516 1307 560; x_wconf 87' lang='lat' dir='ltr'>possit.</span> <span class='ocrx_word' id='word_1_53' title='bbox 1357 515 1395 549; x_wconf 84' lang='lat' dir='ltr'>Si</span> <span class='ocrx_word' id='word_1_54' title='bbox 1419 526 1485 559; x_wconf 88' lang='lat' dir='ltr'>pro</span> <span class='ocrx_word' id='word_1_55' title='bbox 1513 515 1647 549; x_wconf 74' lang='lat' dir='ltr'>Glantz</span> <span class='ocrx_word' id='word_1_56' title='bbox 1677 515 1762 548; x_wconf 85' lang='lat' dir='ltr'>scri-</span> 
     </span>
     <span class='ocr_line' id='line_1_6' title="bbox 139 570 1763 617; baseline -0.002 -11"><span class='ocrx_word' id='word_1_57' title='bbox 139 574 246 617; x_wconf 90' lang='lat' dir='ltr'>ptum</span> <span class='ocrx_word' id='word_1_58' title='bbox 271 574 368 607; x_wconf 86' lang='lat' dir='ltr'>esset</span> <span class='ocrx_word' id='word_1_59' title='bbox 394 573 519 614; x_wconf 65' lang='lat' dir='ltr'>Glatz,</span> <span class='ocrx_word' id='word_1_60' title='bbox 543 573 765 607; x_wconf 77' lang='lat' dir='ltr'>haberemus</span> <span class='ocrx_word' id='word_1_61' title='bbox 789 573 938 606; x_wconf 83' lang='lat' dir='ltr'>nomina</span> <span class='ocrx_word' id='word_1_62' title='bbox 963 572 1061 606; x_wconf 88' lang='lat' dir='ltr'>idem</span> <span class='ocrx_word' id='word_1_63' title='bbox 1093 572 1169 605; x_wconf 86' lang='lat' dir='ltr'>fere</span> <span class='ocrx_word' id='word_1_64' title='bbox 1194 571 1443 615; x_wconf 78' lang='lat' dir='ltr'>significantia</span> <span class='ocrx_word' id='word_1_65' title='bbox 1467 582 1509 605; x_wconf 84' lang='lat' dir='ltr'>ac</span> <span class='ocrx_word' id='word_1_66' title='bbox 1535 570 1763 614; x_wconf 84' lang='lat' dir='ltr'>‘Stephanus</span> 
     </span>
     <span class='ocr_line' id='line_1_7' title="bbox 141 625 1763 671; baseline -0.001 -10"><span class='ocrx_word' id='word_1_67' title='bbox 141 628 397 670; x_wconf 82' lang='lat' dir='ltr'>Calvastrius’‚</span> <span class='ocrx_word' id='word_1_68' title='bbox 425 629 491 661; x_wconf 88' lang='lat' dir='ltr'>sub</span> <span class='ocrx_word' id='word_1_69' title='bbox 517 629 619 661; x_wconf 89' lang='lat' dir='ltr'>cuius</span> <span class='ocrx_word' id='word_1_70' title='bbox 644 628 792 662; x_wconf 86' lang='lat' dir='ltr'>nomine</span> <span class='ocrx_word' id='word_1_71' title='bbox 820 627 978 671; x_wconf 82' lang='lat' dir='ltr'>epistola</span> <span class='ocrx_word' id='word_1_72' title='bbox 1002 628 1028 661; x_wconf 93' lang='grc' dir='ltr'><strong>Ι.</strong></span> <span class='ocrx_word' id='word_1_73' title='bbox 1050 632 1099 661; x_wconf 83' lang='grc'>19.</span> <span class='ocrx_word' id='word_1_74' title='bbox 1125 627 1216 660; x_wconf 86' lang='lat' dir='ltr'>item</span> <span class='ocrx_word' id='word_1_75' title='bbox 1240 626 1455 660; x_wconf 82' lang='lat' dir='ltr'>Monasterii</span> <span class='ocrx_word' id='word_1_76' title='bbox 1481 626 1569 660; x_wconf 87' lang='lat' dir='ltr'>data</span> <span class='ocrx_word' id='word_1_77' title='bbox 1593 627 1656 659; x_wconf 85' lang='lat' dir='ltr'>est.</span> <span class='ocrx_word' id='word_1_78' title='bbox 1699 625 1763 659; x_wconf 79' lang='lat' dir='ltr'>Ce-</span> 
     </span>
     <span class='ocr_line' id='line_1_8' title="bbox 140 681 1762 728; baseline -0.002 -11"><span class='ocrx_word' id='word_1_79' title='bbox 140 686 261 717; x_wconf 86' lang='lat' dir='ltr'>terum</span> <span class='ocrx_word' id='word_1_80' title='bbox 287 685 549 727; x_wconf 71' lang='lat' dir='ltr'>argumentum</span> <span class='ocrx_word' id='word_1_81' title='bbox 578 684 685 717; x_wconf 90' lang='lat' dir='ltr'>huius</span> <span class='ocrx_word' id='word_1_82' title='bbox 710 683 874 728; x_wconf 80' lang='lat' dir='ltr'>epistolae</span> <span class='ocrx_word' id='word_1_83' title='bbox 900 683 1019 716; x_wconf 90' lang='lat' dir='ltr'>simile</span> <span class='ocrx_word' id='word_1_84' title='bbox 1050 684 1106 716; x_wconf 84' lang='lat' dir='ltr'>est</span> <span class='ocrx_word' id='word_1_85' title='bbox 1129 693 1186 726; x_wconf 85' lang='lat' dir='ltr'>ep.</span> <span class='ocrx_word' id='word_1_86' title='bbox 1205 682 1230 716; x_wconf 90' lang='lat' dir='ltr'>l.</span> <span class='ocrx_word' id='word_1_87' title='bbox 1250 687 1279 716; x_wconf 82' lang='lat'>3.</span> <span class='ocrx_word' id='word_1_88' title='bbox 1299 684 1337 715; x_wconf 82' lang='lat' dir='ltr'>et</span> <span class='ocrx_word' id='word_1_89' title='bbox 1360 682 1456 726; x_wconf 80' lang='lat' dir='ltr'>parti</span> <span class='ocrx_word' id='word_1_90' title='bbox 1484 682 1647 725; x_wconf 79' lang='lat' dir='ltr'>epistolae</span> <span class='ocrx_word' id='word_1_91' title='bbox 1674 681 1697 715; x_wconf 90' lang='grc' dir='ltr'>Ι.</span> <span class='ocrx_word' id='word_1_92' title='bbox 1722 685 1762 721; x_wconf 92' lang='grc'>1.,</span> 
     </span>
     <span class='ocr_line' id='line_1_9' title="bbox 140 738 1148 783; baseline -0.001 -11"><span class='ocrx_word' id='word_1_93' title='bbox 140 739 210 772; x_wconf 90' lang='lat' dir='ltr'>nisi</span> <span class='ocrx_word' id='word_1_94' title='bbox 235 739 334 783; x_wconf 87' lang='lat' dir='ltr'>quod</span> <span class='ocrx_word' id='word_1_95' title='bbox 359 740 397 772; x_wconf 92' lang='lat' dir='ltr'>in</span> <span class='ocrx_word' id='word_1_96' title='bbox 421 739 477 773; x_wconf 86' lang='lat' dir='ltr'>his</span> <span class='ocrx_word' id='word_1_97' title='bbox 501 750 574 773; x_wconf 90' lang='lat' dir='ltr'>non</span> <span class='ocrx_word' id='word_1_98' title='bbox 600 750 667 783; x_wconf 86' lang='lat' dir='ltr'>per</span> <span class='ocrx_word' id='word_1_99' title='bbox 693 739 808 772; x_wconf 82' lang='lat' dir='ltr'>‘iura’</span> <span class='ocrx_word' id='word_1_100' title='bbox 834 738 880 771; x_wconf 88' lang='lat' dir='ltr'>lis</span> <span class='ocrx_word' id='word_1_101' title='bbox 904 739 1148 782; x_wconf 85' lang='lat' dir='ltr'>componitur.</span> 
     </span>
    </p>

    <p class='ocr_par' dir='ltr' id='par_1_4' title="bbox 50 797 924 839">
     <span class='ocr_line' id='line_1_10' title="bbox 50 797 924 839; baseline -0.003 -10"><span class='ocrx_word' id='word_1_102' title='bbox 50 798 136 839; x_wconf 83' lang='lat' dir='ltr'>Pag.</span> <span class='ocrx_word' id='word_1_103' title='bbox 155 797 247 833; x_wconf 75' lang='lat'>217.</span> <span class='ocrx_word' id='word_1_104' title='bbox 710 815 716 817; x_wconf 62' lang='lat'>&gt;</span> <span class='ocrx_word' id='word_1_105' title='bbox 735 816 738 817; x_wconf 33' lang='grc' dir='ltr'><em>ν</em></span> <span class='ocrx_word' id='word_1_106' title='bbox 745 815 924 816; x_wconf 28' lang='lat' dir='ltr'>ssssssssss</span> 
     </span>
    </p>

    <p class='ocr_par' dir='ltr' id='par_1_5' title="bbox 53 849 1629 895">
     <span class='ocr_line' id='line_1_11' title="bbox 53 849 1629 895; baseline -0.002 -10"><span class='ocrx_word' id='word_1_107' title='bbox 53 855 68 885; x_wconf 96' lang='lat'>1</span> <span class='ocrx_word' id='word_1_108' title='bbox 95 861 269 895; x_wconf 60' lang='lat' dir='ltr'>magnum</span> <span class='ocrx_word' id='word_1_109' title='bbox 293 850 492 894; x_wconf 73' lang='lat' dir='ltr'>dominum]</span> <span class='ocrx_word' id='word_1_110' title='bbox 520 851 625 884; x_wconf 75' lang='lat' dir='ltr'>einen</span> <span class='ocrx_word' id='word_1_111' title='bbox 648 853 787 894; x_wconf 74' lang='lat' dir='ltr'>yrossen</span> <span class='ocrx_word' id='word_1_112' title='bbox 811 850 949 891; x_wconf 68' lang='lat' dir='ltr'>Hermi,</span> <span class='ocrx_word' id='word_1_113' title='bbox 974 849 1096 883; x_wconf 86' lang='lat' dir='ltr'>virum</span> <span class='ocrx_word' id='word_1_114' title='bbox 1119 860 1323 893; x_wconf 87' lang='lat' dir='ltr'>procerem,</span> <span class='ocrx_word' id='word_1_115' title='bbox 1349 850 1629 893; x_wconf 70' lang='lat' dir='ltr'>praepotentem.</span> 
     </span>
    </p>

    <p class='ocr_par' dir='ltr' id='par_1_6' title="bbox 51 905 1768 1005">
     <span class='ocr_line' id='line_1_12' title="bbox 51 905 1768 950; baseline -0.002 -10"><span class='ocrx_word' id='word_1_116' title='bbox 51 911 70 941; x_wconf 83' lang='lat'><strong>2</strong></span> <span class='ocrx_word' id='word_1_117' title='bbox 97 907 250 941; x_wconf 79' lang='lat' dir='ltr'>bibimus</span> <span class='ocrx_word' id='word_1_118' title='bbox 280 907 322 939; x_wconf 72' lang='lat' dir='ltr'>in</span> <span class='ocrx_word' id='word_1_119' title='bbox 351 906 478 950; x_wconf 77' lang='lat' dir='ltr'>simul]</span> <span class='ocrx_word' id='word_1_120' title='bbox 511 905 562 940; x_wconf 89' lang='lat' dir='ltr'>Ut</span> <span class='ocrx_word' id='word_1_121' title='bbox 590 905 776 950; x_wconf 88' lang='lat' dir='ltr'>hodieque</span> <span class='ocrx_word' id='word_1_122' title='bbox 807 905 961 939; x_wconf 74' lang='lat' dir='ltr'>studiosi</span> <span class='ocrx_word' id='word_1_123' title='bbox 991 906 1059 939; x_wconf 78' lang='lat' dir='ltr'>wir</span> <span class='ocrx_word' id='word_1_124' title='bbox 1094 905 1249 948; x_wconf 63' lang='lat' dir='ltr'>knezsspen</span> <span class='ocrx_word' id='word_1_125' title='bbox 1283 915 1507 946; x_wconf 70' lang='lat' dir='ltr'>zusammen,</span> <span class='ocrx_word' id='word_1_126' title='bbox 1544 905 1658 938; x_wconf 72' lang='lat' dir='ltr'>haben</span> <span class='ocrx_word' id='word_1_127' title='bbox 1688 905 1768 938; x_wconf 69' lang='lat' dir='ltr'>e&#39;inc</span> 
     </span>
     <span class='ocr_line' id='line_1_13' title="bbox 141 963 278 1005; baseline -0.007 -9"><span class='ocrx_word' id='word_1_128' title='bbox 141 963 278 1005; x_wconf 73' lang='lat' dir='ltr'>kneipe.</span> 
     </span>
    </p>

    <p class='ocr_par' dir='ltr' id='par_1_7' title="bbox 53 1016 1638 1062">
     <span class='ocr_line' id='line_1_14' title="bbox 53 1016 1638 1062; baseline -0.002 -10"><span class='ocrx_word' id='word_1_129' title='bbox 53 1022 73 1052; x_wconf 78' lang='grc'>6</span> <span class='ocrx_word' id='word_1_130' title='bbox 97 1019 238 1061; x_wconf 68' lang='lat' dir='ltr'>impert.</span> <span class='ocrx_word' id='word_1_131' title='bbox 257 1018 395 1062; x_wconf 71' lang='lat' dir='ltr'>eontra]</span> <span class='ocrx_word' id='word_1_132' title='bbox 420 1018 659 1052; x_wconf 82' lang='lat' dir='ltr'>Recentiores</span> <span class='ocrx_word' id='word_1_133' title='bbox 683 1018 741 1053; x_wconf 69' lang='lat' dir='ltr'>ich</span> <span class='ocrx_word' id='word_1_134' title='bbox 764 1018 906 1060; x_wconf 59' lang='lat' dir='ltr'>fiirchte</span> <span class='ocrx_word' id='word_1_135' title='bbox 928 1018 1022 1051; x_wconf 72' lang='lat' dir='ltr'>mich</span> <span class='ocrx_word' id='word_1_136' title='bbox 1044 1017 1145 1051; x_wconf 66' lang='lat' dir='ltr'>nicht</span> <span class='ocrx_word' id='word_1_137' title='bbox 1168 1026 1231 1050; x_wconf 72' lang='lat' dir='ltr'>vor</span> <span class='ocrx_word' id='word_1_138' title='bbox 1256 1017 1354 1051; x_wconf 68' lang='lat' dir='ltr'>einer</span> <span class='ocrx_word' id='word_1_139' title='bbox 1378 1016 1515 1049; x_wconf 75' lang='lat' dir='ltr'>Kamze</span> <span class='ocrx_word' id='word_1_140' title='bbox 1538 1016 1638 1049; x_wconf 74' lang='lat' dir='ltr'>Bz&#39;er.</span> 
     </span>
    </p>

    <p class='ocr_par' dir='ltr' id='par_1_8' title="bbox 58 1071 1769 1507">
     <span class='ocr_line' id='line_1_15' title="bbox 58 1071 1767 1118; baseline -0.001 -11"><span class='ocrx_word' id='word_1_141' title='bbox 58 1078 98 1107; x_wconf 73' lang='lat'>12</span> <span class='ocrx_word' id='word_1_142' title='bbox 123 1075 145 1107; x_wconf 84' lang='lat' dir='ltr'>I.</span> <span class='ocrx_word' id='word_1_143' title='bbox 173 1074 254 1107; x_wconf 65' lang='lat' dir='ltr'>Vin.</span> <span class='ocrx_word' id='word_1_144' title='bbox 273 1074 348 1118; x_wconf 65' lang='lat' dir='ltr'>etc]</span> <span class='ocrx_word' id='word_1_145' title='bbox 374 1074 397 1107; x_wconf 88' lang='lat' dir='ltr'>i.</span> <span class='ocrx_word' id='word_1_146' title='bbox 422 1084 452 1107; x_wconf 86' lang='lat' dir='ltr'>e.</span> <span class='ocrx_word' id='word_1_147' title='bbox 470 1073 508 1107; x_wconf 93' lang='lat' dir='ltr'>L.</span> <span class='ocrx_word' id='word_1_148' title='bbox 527 1078 580 1108; x_wconf 70' lang='lat'>22.</span> <span class='ocrx_word' id='word_1_149' title='bbox 604 1073 647 1108; x_wconf 92' lang='lat' dir='ltr'>D.</span> <span class='ocrx_word' id='word_1_150' title='bbox 665 1074 710 1108; x_wconf 90' lang='lat' dir='ltr'>de</span> <span class='ocrx_word' id='word_1_151' title='bbox 738 1074 847 1108; x_wconf 89' lang='lat' dir='ltr'>rebus</span> <span class='ocrx_word' id='word_1_152' title='bbox 873 1073 1022 1107; x_wconf 87' lang='lat' dir='ltr'>creditis</span> <span class='ocrx_word' id='word_1_153' title='bbox 1047 1073 1076 1106; x_wconf 89' lang='lat' dir='ltr'>si</span> <span class='ocrx_word' id='word_1_154' title='bbox 1101 1074 1243 1106; x_wconf 82' lang='lat' dir='ltr'>certum</span> <span class='ocrx_word' id='word_1_155' title='bbox 1268 1073 1418 1116; x_wconf 84' lang='lat' dir='ltr'>petatur</span> <span class='ocrx_word' id='word_1_156' title='bbox 1442 1084 1503 1105; x_wconf 82' lang='lat' dir='ltr'>xn.</span> <span class='ocrx_word' id='word_1_157' title='bbox 1530 1077 1558 1105; x_wconf 84' lang='lat'>1.</span> <span class='ocrx_word' id='word_1_158' title='bbox 1583 1071 1767 1115; x_wconf 83' lang='lat' dir='ltr'>(Iulianus</span> 
     </span>
     <span class='ocr_line' id='line_1_16' title="bbox 145 1128 1767 1173; baseline -0.001 -11"><span class='ocrx_word' id='word_1_159' title='bbox 145 1130 239 1163; x_wconf 89' lang='lat' dir='ltr'>libro</span> <span class='ocrx_word' id='word_1_160' title='bbox 256 1142 321 1163; x_wconf 87' lang='lat'>1111.</span> <span class='ocrx_word' id='word_1_161' title='bbox 341 1140 384 1163; x_wconf 82' lang='lat' dir='ltr'>ex</span> <span class='ocrx_word' id='word_1_162' title='bbox 409 1129 591 1173; x_wconf 84' lang='lat' dir='ltr'>Minicio):</span> <span class='ocrx_word' id='word_1_163' title='bbox 619 1129 781 1171; x_wconf 88' lang='lat' dir='ltr'>„Vinum</span> <span class='ocrx_word' id='word_1_164' title='bbox 807 1130 907 1173; x_wconf 82' lang='lat' dir='ltr'>quod</span> <span class='ocrx_word' id='word_1_165' title='bbox 931 1130 1102 1162; x_wconf 88' lang='lat' dir='ltr'>mutuum</span> <span class='ocrx_word' id='word_1_166' title='bbox 1127 1128 1256 1162; x_wconf 80' lang='lat' dir='ltr'>datum</span> <span class='ocrx_word' id='word_1_167' title='bbox 1281 1129 1371 1169; x_wconf 81' lang='lat' dir='ltr'>erat,</span> <span class='ocrx_word' id='word_1_168' title='bbox 1397 1139 1464 1172; x_wconf 89' lang='lat' dir='ltr'>per</span> <span class='ocrx_word' id='word_1_169' title='bbox 1488 1128 1648 1161; x_wconf 84' lang='lat' dir='ltr'>iudicem</span> <span class='ocrx_word' id='word_1_170' title='bbox 1674 1128 1767 1171; x_wconf 88' lang='lat' dir='ltr'>peti-</span> 
     </span>
     <span class='ocr_line' id='line_1_17' title="bbox 145 1183 1767 1229; baseline -0.002 -10"><span class='ocrx_word' id='word_1_171' title='bbox 145 1187 226 1219; x_wconf 89' lang='lat' dir='ltr'>tum</span> <span class='ocrx_word' id='word_1_172' title='bbox 252 1186 323 1219; x_wconf 86' lang='lat' dir='ltr'>est:</span> <span class='ocrx_word' id='word_1_173' title='bbox 356 1185 551 1229; x_wconf 84' lang='lat' dir='ltr'>quaesituni</span> <span class='ocrx_word' id='word_1_174' title='bbox 585 1187 641 1219; x_wconf 86' lang='lat' dir='ltr'>cst</span> <span class='ocrx_word' id='word_1_175' title='bbox 664 1186 767 1219; x_wconf 90' lang='lat' dir='ltr'>cuius</span> <span class='ocrx_word' id='word_1_176' title='bbox 796 1185 974 1229; x_wconf 89' lang='lat' dir='ltr'>temporis</span> <span class='ocrx_word' id='word_1_177' title='bbox 998 1184 1193 1219; x_wconf 69' lang='lat' dir='ltr'>aestimatio</span> <span class='ocrx_word' id='word_1_178' title='bbox 1225 1184 1346 1225; x_wconf 88' lang='lat' dir='ltr'>fieret,</span> <span class='ocrx_word' id='word_1_179' title='bbox 1381 1185 1505 1218; x_wconf 87' lang='lat' dir='ltr'>utrum</span> <span class='ocrx_word' id='word_1_180' title='bbox 1530 1195 1614 1217; x_wconf 89' lang='lat' dir='ltr'>cum</span> <span class='ocrx_word' id='word_1_181' title='bbox 1639 1183 1767 1217; x_wconf 83' lang='lat' dir='ltr'>datum</span> 
     </span>
     <span class='ocr_line' id='line_1_18' title="bbox 147 1239 1769 1283; baseline -0.002 -8"><span class='ocrx_word' id='word_1_182' title='bbox 147 1242 256 1283; x_wconf 85' lang='lat' dir='ltr'>esset,</span> <span class='ocrx_word' id='word_1_183' title='bbox 292 1252 339 1275; x_wconf 88' lang='lat' dir='ltr'>an</span> <span class='ocrx_word' id='word_1_184' title='bbox 365 1253 448 1275; x_wconf 90' lang='lat' dir='ltr'>cum</span> <span class='ocrx_word' id='word_1_185' title='bbox 476 1241 582 1275; x_wconf 87' lang='lat' dir='ltr'>litem</span> <span class='ocrx_word' id='word_1_186' title='bbox 614 1242 840 1276; x_wconf 70' lang='lat' dir='ltr'>contestatus</span> <span class='ocrx_word' id='word_1_187' title='bbox 870 1241 1015 1283; x_wconf 85' lang='lat' dir='ltr'>fuisset,</span> <span class='ocrx_word' id='word_1_188' title='bbox 1047 1251 1094 1275; x_wconf 81' lang='lat' dir='ltr'>an</span> <span class='ocrx_word' id='word_1_189' title='bbox 1124 1251 1207 1274; x_wconf 91' lang='lat' dir='ltr'>cum</span> <span class='ocrx_word' id='word_1_190' title='bbox 1239 1250 1296 1273; x_wconf 85' lang='lat' dir='ltr'>res</span> <span class='ocrx_word' id='word_1_191' title='bbox 1326 1239 1562 1273; x_wconf 86' lang='lat' dir='ltr'>iudicaretur.</span> <span class='ocrx_word' id='word_1_192' title='bbox 1611 1239 1769 1273; x_wconf 81' lang='lat' dir='ltr'>Sabinus</span> 
     </span>
     <span class='ocr_line' id='line_1_19' title="bbox 146 1295 1769 1342; baseline -0.002 -11"><span class='ocrx_word' id='word_1_193' title='bbox 146 1297 353 1342; x_wconf 88' lang='lat' dir='ltr'>respondit,</span> <span class='ocrx_word' id='word_1_194' title='bbox 380 1297 410 1330; x_wconf 89' lang='lat' dir='ltr'>si</span> <span class='ocrx_word' id='word_1_195' title='bbox 435 1296 574 1331; x_wconf 91' lang='lat' dir='ltr'>dictum</span> <span class='ocrx_word' id='word_1_196' title='bbox 601 1298 697 1331; x_wconf 90' lang='lat' dir='ltr'>esset</span> <span class='ocrx_word' id='word_1_197' title='bbox 721 1308 793 1340; x_wconf 92' lang='lat' dir='ltr'>quo</span> <span class='ocrx_word' id='word_1_198' title='bbox 823 1300 992 1340; x_wconf 84' lang='lat' dir='ltr'>tempore</span> <span class='ocrx_word' id='word_1_199' title='bbox 1018 1296 1252 1337; x_wconf 83' lang='lat' dir='ltr'>redderetur,</span> <span class='ocrx_word' id='word_1_200' title='bbox 1285 1296 1415 1339; x_wconf 81' lang='lat' dir='ltr'>quanti</span> <span class='ocrx_word' id='word_1_201' title='bbox 1440 1296 1527 1329; x_wconf 89' lang='lat' dir='ltr'>tunc</span> <span class='ocrx_word' id='word_1_202' title='bbox 1559 1295 1704 1336; x_wconf 67' lang='lat' dir='ltr'>fuisset,</span> <span class='ocrx_word' id='word_1_203' title='bbox 1737 1295 1769 1328; x_wconf 72' lang='grc' dir='ltr'>εί</span> 
     </span>
     <span class='ocr_line' id='line_1_20' title="bbox 144 1350 1769 1397; baseline -0.002 -11"><span class='ocrx_word' id='word_1_204' title='bbox 144 1364 236 1396; x_wconf 71' lang='lat' dir='ltr'>non,</span> <span class='ocrx_word' id='word_1_205' title='bbox 261 1353 393 1397; x_wconf 70' lang='lat' dir='ltr'>quami</span> <span class='ocrx_word' id='word_1_206' title='bbox 416 1356 516 1394; x_wconf 76' lang='lat' dir='ltr'>tmzc,</span> <span class='ocrx_word' id='word_1_207' title='bbox 541 1364 624 1386; x_wconf 91' lang='lat' dir='ltr'>cum</span> <span class='ocrx_word' id='word_1_208' title='bbox 649 1353 810 1396; x_wconf 88' lang='lat' dir='ltr'>petitum</span> <span class='ocrx_word' id='word_1_209' title='bbox 836 1354 932 1387; x_wconf 87' lang='lat' dir='ltr'>esset</span> <span class='ocrx_word' id='word_1_210' title='bbox 951 1380 958 1387; x_wconf 90' lang='lat'>.</span> <span class='ocrx_word' id='word_1_211' title='bbox 977 1352 1205 1397; x_wconf 83' lang='lat' dir='ltr'>interrogavi</span> <span class='ocrx_word' id='word_1_212' title='bbox 1236 1350 1339 1385; x_wconf 89' lang='lat' dir='ltr'>cuius</span> <span class='ocrx_word' id='word_1_213' title='bbox 1369 1351 1441 1385; x_wconf 84' lang='lat' dir='ltr'>loci</span> <span class='ocrx_word' id='word_1_214' title='bbox 1471 1351 1634 1395; x_wconf 84' lang='lat' dir='ltr'>pretium</span> <span class='ocrx_word' id='word_1_215' title='bbox 1664 1350 1769 1393; x_wconf 89' lang='lat' dir='ltr'>sequi</span> 
     </span>
     <span class='ocr_line' id='line_1_21' title="bbox 146 1406 1767 1454; baseline -0.003 -10"><span class='ocrx_word' id='word_1_216' title='bbox 146 1410 343 1454; x_wconf 87' lang='lat' dir='ltr'>oporteat:</span> <span class='ocrx_word' id='word_1_217' title='bbox 362 1408 554 1453; x_wconf 83' lang='lat' dir='ltr'>respondit</span> <span class='ocrx_word' id='word_1_218' title='bbox 578 1408 615 1441; x_wconf 86' lang='lat' dir='ltr'>Si</span> <span class='ocrx_word' id='word_1_219' title='bbox 641 1409 874 1442; x_wconf 83' lang='lat' dir='ltr'>convenisset</span> <span class='ocrx_word' id='word_1_220' title='bbox 897 1410 939 1441; x_wconf 90' lang='lat' dir='ltr'>ut</span> <span class='ocrx_word' id='word_1_221' title='bbox 963 1409 1064 1442; x_wconf 90' lang='lat' dir='ltr'>certo</span> <span class='ocrx_word' id='word_1_222' title='bbox 1089 1408 1169 1441; x_wconf 89' lang='lat' dir='ltr'>loco</span> <span class='ocrx_word' id='word_1_223' title='bbox 1195 1407 1430 1448; x_wconf 79' lang='lat' dir='ltr'>redderetur,</span> <span class='ocrx_word' id='word_1_224' title='bbox 1463 1407 1594 1450; x_wconf 82' lang='lat' dir='ltr'>quanti</span> <span class='ocrx_word' id='word_1_225' title='bbox 1620 1417 1663 1440; x_wconf 92' lang='lat' dir='ltr'>eo</span> <span class='ocrx_word' id='word_1_226' title='bbox 1687 1406 1767 1440; x_wconf 89' lang='lat' dir='ltr'>loco</span> 
     </span>
     <span class='ocr_line' id='line_1_22' title="bbox 146 1464 1298 1507; baseline -0.002 -9"><span class='ocrx_word' id='word_1_227' title='bbox 146 1466 257 1506; x_wconf 66' lang='lat' dir='ltr'>esset,</span> <span class='ocrx_word' id='word_1_228' title='bbox 284 1465 314 1498; x_wconf 85' lang='lat' dir='ltr'>si</span> <span class='ocrx_word' id='word_1_229' title='bbox 338 1465 477 1498; x_wconf 79' lang='lat' dir='ltr'>dictum</span> <span class='ocrx_word' id='word_1_230' title='bbox 503 1475 576 1498; x_wconf 89' lang='lat' dir='ltr'>non</span> <span class='ocrx_word' id='word_1_231' title='bbox 602 1465 708 1506; x_wconf 86' lang='lat' dir='ltr'>esset,</span> <span class='ocrx_word' id='word_1_232' title='bbox 734 1464 866 1507; x_wconf 83' lang='lat' dir='ltr'>quanti</span> <span class='ocrx_word' id='word_1_233' title='bbox 889 1465 951 1497; x_wconf 88' lang='lat' dir='ltr'>ubi</span> <span class='ocrx_word' id='word_1_234' title='bbox 975 1465 1072 1497; x_wconf 85' lang='lat' dir='ltr'>esset</span> <span class='ocrx_word' id='word_1_235' title='bbox 1094 1464 1298 1507; x_wconf 79' lang='lat' dir='ltr'>petitum“.</span> 
     </span>
    </p>

    <p class='ocr_par' dir='ltr' id='par_1_9' title="bbox 59 1518 1768 1620">
     <span class='ocr_line' id='line_1_23' title="bbox 59 1518 1768 1566; baseline -0.003 -11"><span class='ocrx_word' id='word_1_236' title='bbox 59 1526 99 1556; x_wconf 87' lang='lat'>13</span> <span class='ocrx_word' id='word_1_237' title='bbox 123 1533 178 1555; x_wconf 80' lang='lat' dir='ltr'>me</span> <span class='ocrx_word' id='word_1_238' title='bbox 201 1522 300 1566; x_wconf 79' lang='lat' dir='ltr'>iura]</span> <span class='ocrx_word' id='word_1_239' title='bbox 326 1531 385 1554; x_wconf 89' lang='lat' dir='ltr'>me</span> <span class='ocrx_word' id='word_1_240' title='bbox 411 1531 477 1564; x_wconf 88' lang='lat' dir='ltr'>pro</span> <span class='ocrx_word' id='word_1_241' title='bbox 503 1520 604 1562; x_wconf 90' lang='lat' dir='ltr'>mihi,</span> <span class='ocrx_word' id='word_1_242' title='bbox 632 1521 673 1553; x_wconf 92' lang='lat' dir='ltr'>ut</span> <span class='ocrx_word' id='word_1_243' title='bbox 696 1531 763 1564; x_wconf 90' lang='lat' dir='ltr'>per</span> <span class='ocrx_word' id='word_1_244' title='bbox 787 1520 922 1553; x_wconf 77' lang='lat' dir='ltr'>multas</span> <span class='ocrx_word' id='word_1_245' title='bbox 946 1519 1255 1563; x_wconf 75' lang='lat' dir='ltr'>septentrionales</span> <span class='ocrx_word' id='word_1_246' title='bbox 1281 1518 1489 1552; x_wconf 67' lang='lat' dir='ltr'>Germ-anim</span> <span class='ocrx_word' id='word_1_247' title='bbox 1515 1520 1639 1561; x_wconf 75' lang='lat' dir='ltr'>partes</span> <span class='ocrx_word' id='word_1_248' title='bbox 1664 1518 1768 1551; x_wconf 58' lang='grc'>3010),-</span> 
     </span>
     <span class='ocr_line' id='line_1_24' title="bbox 145 1574 1440 1620; baseline -0.002 -10"><span class='ocrx_word' id='word_1_249' title='bbox 145 1589 229 1611; x_wconf 90' lang='lat' dir='ltr'>cum</span> <span class='ocrx_word' id='word_1_250' title='bbox 252 1577 345 1610; x_wconf 68' lang='lat' dir='ltr'>&#39;nzieh</span> <span class='ocrx_word' id='word_1_251' title='bbox 369 1587 436 1620; x_wconf 85' lang='lat' dir='ltr'>pro</span> <span class='ocrx_word' id='word_1_252' title='bbox 461 1577 533 1610; x_wconf 81' lang='lat' dir='ltr'>mir</span> <span class='ocrx_word' id='word_1_253' title='bbox 556 1576 707 1610; x_wconf 86' lang='lat' dir='ltr'>faciunt.</span> <span class='ocrx_word' id='word_1_254' title='bbox 731 1576 813 1609; x_wconf 83' lang='lat' dir='ltr'>iura</span> <span class='ocrx_word' id='word_1_255' title='bbox 829 1592 872 1604; x_wconf 92' lang='lat'>=</span> <span class='ocrx_word' id='word_1_256' title='bbox 888 1575 987 1609; x_wconf 84' lang='lat' dir='ltr'>locos</span> <span class='ocrx_word' id='word_1_257' title='bbox 1012 1575 1175 1619; x_wconf 87' lang='lat' dir='ltr'>corporis</span> <span class='ocrx_word' id='word_1_258' title='bbox 1199 1575 1287 1608; x_wconf 83' lang='lat' dir='ltr'>iuris</span> <span class='ocrx_word' id='word_1_259' title='bbox 1311 1574 1440 1608; x_wconf 86' lang='lat' dir='ltr'>civilis.</span> 
     </span>
    </p>

    <p class='ocr_par' dir='ltr' id='par_1_10' title="bbox 100 1630 1725 1677">
     <span class='ocr_line' id='line_1_25' title="bbox 100 1630 1725 1677; baseline -0.001 -10"><span class='ocrx_word' id='word_1_260' title='bbox 100 1634 326 1677; x_wconf 72' lang='lat' dir='ltr'>interroyare</span> <span class='ocrx_word' id='word_1_261' title='bbox 351 1632 516 1677; x_wconf 74' lang='lat' dir='ltr'>desuper]</span> <span class='ocrx_word' id='word_1_262' title='bbox 543 1632 702 1668; x_wconf 62' lang='lat' dir='ltr'>clarztber</span> <span class='ocrx_word' id='word_1_263' title='bbox 726 1632 962 1676; x_wconf 64' lang='lat' dir='ltr'>erkumliyen,</span> <span class='ocrx_word' id='word_1_264' title='bbox 987 1631 1127 1675; x_wconf 71' lang='lat' dir='ltr'>fmyen.</span> <span class='ocrx_word' id='word_1_265' title='bbox 1153 1631 1292 1675; x_wconf 88' lang='lat' dir='ltr'>peritos</span> <span class='ocrx_word' id='word_1_266' title='bbox 1316 1630 1362 1664; x_wconf 89' lang='lat' dir='ltr'>de</span> <span class='ocrx_word' id='word_1_267' title='bbox 1387 1642 1426 1664; x_wconf 88' lang='lat' dir='ltr'>re</span> <span class='ocrx_word' id='word_1_268' title='bbox 1452 1630 1679 1664; x_wconf 85' lang='lat' dir='ltr'>consultabo.</span> <span class='ocrx_word' id='word_1_269' title='bbox 1723 1664 1725 1666; x_wconf 82' lang='grc'><strong>.</strong></span> 
     </span>
    </p>

    <p class='ocr_par' dir='ltr' id='par_1_11' title="bbox 58 1686 1574 1733">
     <span class='ocr_line' id='line_1_26' title="bbox 58 1686 1574 1733; baseline -0.002 -11"><span class='ocrx_word' id='word_1_270' title='bbox 58 1693 98 1723; x_wconf 83' lang='grc'>15</span> <span class='ocrx_word' id='word_1_271' title='bbox 124 1689 332 1733; x_wconf 70' lang='lat' dir='ltr'>dimittatis]</span> <span class='ocrx_word' id='word_1_272' title='bbox 359 1689 468 1731; x_wconf 76' lang='lat' dir='ltr'>lasst&#39;s</span> <span class='ocrx_word' id='word_1_273' title='bbox 491 1688 638 1722; x_wconf 76' lang='lat' dir='ltr'>bleiben.</span> <span class='ocrx_word' id='word_1_274' title='bbox 663 1688 922 1732; x_wconf 86' lang='lat' dir='ltr'>contemptim:</span> <span class='ocrx_word' id='word_1_275' title='bbox 948 1687 1056 1721; x_wconf 88' lang='lat' dir='ltr'>nihili</span> <span class='ocrx_word' id='word_1_276' title='bbox 1079 1687 1174 1721; x_wconf 83' lang='lat' dir='ltr'>facio</span> <span class='ocrx_word' id='word_1_277' title='bbox 1200 1688 1303 1721; x_wconf 84' lang='lat' dir='ltr'>tuam</span> <span class='ocrx_word' id='word_1_278' title='bbox 1328 1686 1574 1720; x_wconf 78' lang='lat' dir='ltr'>sodalitatem.</span> 
     </span>
    </p>

    <p class='ocr_par' dir='ltr' id='par_1_12' title="bbox 59 1743 646 1789">
     <span class='ocr_line' id='line_1_27' title="bbox 59 1743 646 1789; baseline -0.002 -11"><span class='ocrx_word' id='word_1_279' title='bbox 59 1748 99 1778; x_wconf 89' lang='grc'>16</span> <span class='ocrx_word' id='word_1_280' title='bbox 118 1755 187 1788; x_wconf 72' lang='lat' dir='ltr'>per</span> <span class='ocrx_word' id='word_1_281' title='bbox 211 1745 450 1789; x_wconf 70' lang='lat' dir='ltr'>eontrarium]</span> <span class='ocrx_word' id='word_1_282' title='bbox 476 1743 646 1778; x_wconf 88' lang='lat' dir='ltr'>vicissim.</span> 
     </span>
    </p>

    <p class='ocr_par' dir='ltr' id='par_1_13' title="bbox 58 1798 1769 1890">
     <span class='ocr_line' id='line_1_28' title="bbox 58 1798 1769 1845; baseline -0.002 -11"><span class='ocrx_word' id='word_1_283' title='bbox 58 1805 98 1835; x_wconf 83' lang='lat'>17</span> <span class='ocrx_word' id='word_1_284' title='bbox 117 1801 314 1845; x_wconf 73' lang='lat' dir='ltr'>ponderat]</span> <span class='ocrx_word' id='word_1_285' title='bbox 339 1801 456 1844; x_wconf 66' lang='lat' dir='ltr'>wiegyt,</span> <span class='ocrx_word' id='word_1_286' title='bbox 481 1799 624 1844; x_wconf 87' lang='lat' dir='ltr'>pondus</span> <span class='ocrx_word' id='word_1_287' title='bbox 649 1800 778 1842; x_wconf 84' lang='lat' dir='ltr'>habet,</span> <span class='ocrx_word' id='word_1_288' title='bbox 805 1800 953 1844; x_wconf 89' lang='lat' dir='ltr'>pendit,</span> <span class='ocrx_word' id='word_1_289' title='bbox 980 1810 1052 1834; x_wconf 88' lang='lat' dir='ltr'>non</span> <span class='ocrx_word' id='word_1_290' title='bbox 1078 1801 1120 1833; x_wconf 89' lang='lat' dir='ltr'>ut</span> <span class='ocrx_word' id='word_1_291' title='bbox 1144 1799 1274 1833; x_wconf 80' lang='lat' dir='ltr'>Latine</span> <span class='ocrx_word' id='word_1_292' title='bbox 1298 1801 1410 1843; x_wconf 61' lang='lat' dir='ltr'>wilfi,</span> <span class='ocrx_word' id='word_1_293' title='bbox 1436 1798 1662 1843; x_wconf 86' lang='lat' dir='ltr'>ponderibus</span> <span class='ocrx_word' id='word_1_294' title='bbox 1688 1810 1769 1832; x_wconf 81' lang='lat' dir='ltr'>exa-</span> 
     </span>
     <span class='ocr_line' id='line_1_29' title="bbox 147 1856 276 1890; baseline 0.008 -1"><span class='ocrx_word' id='word_1_295' title='bbox 147 1856 276 1890; x_wconf 82' lang='lat' dir='ltr'>minat.</span> 
     </span>
    </p>
   </div>
   <div class='ocr_carea' id='block_1_4' title="bbox 927 814 1110 817">
    <p class='ocr_par' dir='ltr' id='par_1_14' title="bbox 927 814 1110 817">
     <span class='ocr_line' id='line_1_30' title="bbox 927 814 1110 817; baseline 0 0"><span class='ocrx_word' id='word_1_296' title='bbox 927 814 1110 817; x_wconf 95' lang='lat' dir='ltr'> </span> 
     </span>
    </p>
   </div>
   <div class='ocr_carea' id='block_1_5' title="bbox 430 1933 1400 1971">
    <p class='ocr_par' dir='ltr' id='par_1_15' title="bbox 430 1933 1400 1971">
     <span class='ocr_line' id='line_1_31' title="bbox 430 1933 1400 1971; baseline -0.001 -3"><span class='ocrx_word' id='word_1_297' title='bbox 430 1934 664 1969; x_wconf 77' lang='lat' dir='ltr'>EPISTOLA</span> <span class='ocrx_word' id='word_1_298' title='bbox 694 1935 754 1971; x_wconf 81' lang='grc'>18.</span> <span class='ocrx_word' id='word_1_299' title='bbox 796 1934 947 1968; x_wconf 82' lang='lat' dir='ltr'>SIMON</span> <span class='ocrx_word' id='word_1_300' title='bbox 972 1933 1145 1968; x_wconf 76' lang='lat' dir='ltr'><strong>WORST</strong></span> <span class='ocrx_word' id='word_1_301' title='bbox 1171 1933 1400 1968; x_wconf 83' lang='lat' dir='ltr'>ORTVINO.</span> 
     </span>
    </p>
   </div>
   <div class='ocr_carea' id='block_1_6' title="bbox 58 2023 1777 3122">
    <p class='ocr_par' dir='ltr' id='par_1_16' title="bbox 58 2023 1770 2172">
     <span class='ocr_line' id='line_1_32' title="bbox 58 2023 1770 2068; baseline -0.002 -9"><span class='ocrx_word' id='word_1_302' title='bbox 58 2029 100 2060; x_wconf 81' lang='lat'>20</span> <span class='ocrx_word' id='word_1_303' title='bbox 125 2024 263 2068; x_wconf 80' lang='lat' dir='ltr'>Simon,</span> <span class='ocrx_word' id='word_1_304' title='bbox 288 2035 362 2059; x_wconf 87' lang='lat' dir='ltr'>non</span> <span class='ocrx_word' id='word_1_305' title='bbox 379 2025 572 2066; x_wconf 81' lang='lat' dir='ltr'>Iohannes,</span> <span class='ocrx_word' id='word_1_306' title='bbox 598 2036 643 2059; x_wconf 90' lang='lat' dir='ltr'>ne</span> <span class='ocrx_word' id='word_1_307' title='bbox 669 2024 825 2058; x_wconf 91' lang='lat' dir='ltr'>nimium</span> <span class='ocrx_word' id='word_1_308' title='bbox 843 2024 1036 2059; x_wconf 86' lang='lat' dir='ltr'>evidenter</span> <span class='ocrx_word' id='word_1_309' title='bbox 1052 2024 1284 2066; x_wconf 70' lang='lat' dir='ltr'>Hcmsworst,</span> <span class='ocrx_word' id='word_1_310' title='bbox 1301 2023 1521 2057; x_wconf 75' lang='lat' dir='ltr'>Hanswurst</span> <span class='ocrx_word' id='word_1_311' title='bbox 1538 2023 1770 2057; x_wconf 86' lang='lat' dir='ltr'>scriberetur.</span> 
     </span>
     <span class='ocr_line' id='line_1_33' title="bbox 148 2078 1770 2125; baseline -0.002 -10"><span class='ocrx_word' id='word_1_312' title='bbox 148 2080 222 2115; x_wconf 87' lang='lat' dir='ltr'>Sed</span> <span class='ocrx_word' id='word_1_313' title='bbox 256 2081 409 2115; x_wconf 84' lang='lat' dir='ltr'>fortasse</span> <span class='ocrx_word' id='word_1_314' title='bbox 451 2091 586 2115; x_wconf 89' lang='lat' dir='ltr'>nomen</span> <span class='ocrx_word' id='word_1_315' title='bbox 620 2081 724 2114; x_wconf 75' lang='lat' dir='ltr'>Hine</span> <span class='ocrx_word' id='word_1_316' title='bbox 759 2080 1004 2125; x_wconf 85' lang='lat' dir='ltr'>significatur:</span> <span class='ocrx_word' id='word_1_317' title='bbox 1042 2091 1128 2114; x_wconf 86' lang='lat' dir='ltr'>nam</span> <span class='ocrx_word' id='word_1_318' title='bbox 1163 2080 1256 2114; x_wconf 63' lang='lat' dir='ltr'>nilla</span> <span class='ocrx_word' id='word_1_319' title='bbox 1276 2096 1321 2108; x_wconf 95' lang='lat'>=</span> <span class='ocrx_word' id='word_1_320' title='bbox 1350 2080 1484 2114; x_wconf 72' lang='lat' dir='ltr'>qurst.</span> <span class='ocrx_word' id='word_1_321' title='bbox 1533 2079 1577 2113; x_wconf 89' lang='lat' dir='ltr'>cf.</span> <span class='ocrx_word' id='word_1_322' title='bbox 1601 2078 1770 2113; x_wconf 87' lang='lat' dir='ltr'>Diefenb.</span> 
     </span>
     <span class='ocr_line' id='line_1_34' title="bbox 149 2129 476 2172; baseline -0.006 0"><span class='ocrx_word' id='word_1_323' title='bbox 149 2136 307 2172; x_wconf 81' lang='lat' dir='ltr'>Glossar.</span> <span class='ocrx_word' id='word_1_324' title='bbox 323 2136 360 2170; x_wconf 92' lang='lat' dir='ltr'>h.</span> <span class='ocrx_word' id='word_1_325' title='bbox 378 2149 411 2170; x_wconf 82' lang='lat' dir='ltr'>v.</span> <span class='ocrx_word' id='word_1_326' title='bbox 473 2129 476 2133; x_wconf 39' lang='lat'><strong><em>⁴</em></strong></span> 
     </span>
    </p>

    <p class='ocr_par' dir='ltr' id='par_1_17' title="bbox 59 2192 1677 2237">
     <span class='ocr_line' id='line_1_35' title="bbox 59 2192 1677 2237; baseline -0.001 -10"><span class='ocrx_word' id='word_1_327' title='bbox 59 2197 102 2227; x_wconf 81' lang='lat'>25</span> <span class='ocrx_word' id='word_1_328' title='bbox 127 2204 236 2237; x_wconf 77' lang='lat' dir='ltr'>quam</span> <span class='ocrx_word' id='word_1_329' title='bbox 260 2203 371 2236; x_wconf 72' lang='lat' dir='ltr'>comp.</span> <span class='ocrx_word' id='word_1_330' title='bbox 387 2193 429 2226; x_wconf 69' lang='lat' dir='ltr'>in</span> <span class='ocrx_word' id='word_1_331' title='bbox 453 2193 529 2237; x_wconf 62' lang='lat' dir='ltr'>lat]</span> <span class='ocrx_word' id='word_1_332' title='bbox 555 2193 668 2227; x_wconf 84' lang='lat' dir='ltr'>Redit</span> <span class='ocrx_word' id='word_1_333' title='bbox 692 2193 905 2237; x_wconf 80' lang='lat' dir='ltr'>disputatio,</span> <span class='ocrx_word' id='word_1_334' title='bbox 932 2193 977 2227; x_wconf 92' lang='lat' dir='ltr'>de</span> <span class='ocrx_word' id='word_1_335' title='bbox 1003 2203 1077 2237; x_wconf 82' lang='lat' dir='ltr'>qua</span> <span class='ocrx_word' id='word_1_336' title='bbox 1101 2192 1298 2227; x_wconf 85' lang='lat' dir='ltr'>novissime</span> <span class='ocrx_word' id='word_1_337' title='bbox 1323 2202 1435 2236; x_wconf 85' lang='lat' dir='ltr'>supra</span> <span class='ocrx_word' id='word_1_338' title='bbox 1458 2203 1492 2235; x_wconf 87' lang='lat' dir='ltr'>p.</span> <span class='ocrx_word' id='word_1_339' title='bbox 1510 2194 1677 2226; x_wconf 65' lang='lat' dir='ltr'>212⁶·ffl1‘1-</span> 
     </span>
    </p>

    <p class='ocr_par' dir='ltr' id='par_1_18' title="bbox 59 2247 1590 2294">
     <span class='ocr_line' id='line_1_36' title="bbox 59 2247 1590 2294; baseline -0.001 -11"><span class='ocrx_word' id='word_1_340' title='bbox 59 2253 103 2284; x_wconf 84' lang='lat'>28</span> <span class='ocrx_word' id='word_1_341' title='bbox 130 2249 305 2294; x_wconf 64' lang='lat' dir='ltr'>Olympiae</span> <span class='ocrx_word' id='word_1_342' title='bbox 325 2276 332 2284; x_wconf 94' lang='lat'>.</span> <span class='ocrx_word' id='word_1_343' title='bbox 347 2276 354 2283; x_wconf 91' lang='lat'>.</span> <span class='ocrx_word' id='word_1_344' title='bbox 370 2275 377 2282; x_wconf 92' lang='lat'>.</span> <span class='ocrx_word' id='word_1_345' title='bbox 397 2249 633 2294; x_wconf 69' lang='lat' dir='ltr'>defecturmn]</span> <span class='ocrx_word' id='word_1_346' title='bbox 661 2248 806 2283; x_wconf 88' lang='lat' dir='ltr'>Ortvini</span> <span class='ocrx_word' id='word_1_347' title='bbox 830 2251 916 2283; x_wconf 87' lang='lat' dir='ltr'>sunt</span> <span class='ocrx_word' id='word_1_348' title='bbox 940 2249 1055 2283; x_wconf 86' lang='lat' dir='ltr'>verba</span> <span class='ocrx_word' id='word_1_349' title='bbox 1078 2249 1117 2282; x_wconf 91' lang='lat' dir='ltr'>in</span> <span class='ocrx_word' id='word_1_350' title='bbox 1141 2248 1307 2293; x_wconf 85' lang='lat' dir='ltr'>Peperic.</span> <span class='ocrx_word' id='word_1_351' title='bbox 1325 2247 1406 2282; x_wconf 80' lang='lat' dir='ltr'>Des.</span> <span class='ocrx_word' id='word_1_352' title='bbox 1424 2260 1459 2291; x_wconf 86' lang='lat' dir='ltr'>p.</span> <span class='ocrx_word' id='word_1_353' title='bbox 1479 2249 1590 2282; x_wconf 70' lang='lat'>15520.</span> 
     </span>
    </p>

    <p class='ocr_par' dir='ltr' id='par_1_19' title="bbox 58 2304 526 2349">
     <span class='ocr_line' id='line_1_37' title="bbox 58 2304 526 2349; baseline -0.002 -10"><span class='ocrx_word' id='word_1_354' title='bbox 58 2309 101 2339; x_wconf 83' lang='lat'>29</span> <span class='ocrx_word' id='word_1_355' title='bbox 127 2306 369 2349; x_wconf 67' lang='lat' dir='ltr'>transeunter]</span> <span class='ocrx_word' id='word_1_356' title='bbox 395 2304 526 2339; x_wconf 83' lang='lat' dir='ltr'>obiter.</span> 
     </span>
    </p>

    <p class='ocr_par' dir='ltr' id='par_1_20' title="bbox 59 2360 1770 2406">
     <span class='ocr_line' id='line_1_38' title="bbox 59 2360 1770 2406; baseline -0.001 -10"><span class='ocrx_word' id='word_1_357' title='bbox 59 2365 102 2396; x_wconf 87' lang='lat'>30</span> <span class='ocrx_word' id='word_1_358' title='bbox 125 2371 201 2395; x_wconf 82' lang='lat' dir='ltr'>saec.</span> <span class='ocrx_word' id='word_1_359' title='bbox 217 2372 262 2394; x_wconf 83' lang='lat' dir='ltr'>m.</span> <span class='ocrx_word' id='word_1_360' title='bbox 283 2387 291 2395; x_wconf 90' lang='lat'>.</span> <span class='ocrx_word' id='word_1_361' title='bbox 306 2388 313 2394; x_wconf 93' lang='lat'>.</span> <span class='ocrx_word' id='word_1_362' title='bbox 331 2361 474 2406; x_wconf 59' lang='lat' dir='ltr'>minor]</span> <span class='ocrx_word' id='word_1_363' title='bbox 499 2372 656 2405; x_wconf 89' lang='lat' dir='ltr'>quorum</span> <span class='ocrx_word' id='word_1_364' title='bbox 682 2361 847 2396; x_wconf 90' lang='lat' dir='ltr'>omnium</span> <span class='ocrx_word' id='word_1_365' title='bbox 865 2360 1099 2395; x_wconf 85' lang='lat' dir='ltr'>Dominicani</span> <span class='ocrx_word' id='word_1_366' title='bbox 1123 2360 1246 2395; x_wconf 85' lang='lat' dir='ltr'>aemuli</span> <span class='ocrx_word' id='word_1_367' title='bbox 1270 2360 1585 2404; x_wconf 78' lang='lat' dir='ltr'>insectatoresque</span> <span class='ocrx_word' id='word_1_368' title='bbox 1610 2360 1770 2394; x_wconf 88' lang='lat' dir='ltr'>fuerunt.</span> 
     </span>
    </p>

    <p class='ocr_par' dir='ltr' id='par_1_21' title="bbox 60 2416 1769 2462">
     <span class='ocr_line' id='line_1_39' title="bbox 60 2416 1769 2462; baseline -0.001 -11"><span class='ocrx_word' id='word_1_369' title='bbox 60 2421 102 2451; x_wconf 85' lang='lat'>32</span> <span class='ocrx_word' id='word_1_370' title='bbox 125 2428 238 2461; x_wconf 62' lang='grc' dir='ltr'><strong>πτωρ.</strong></span> <span class='ocrx_word' id='word_1_371' title='bbox 259 2444 266 2450; x_wconf 98' lang='grc'><strong>.</strong></span> <span class='ocrx_word' id='word_1_372' title='bbox 282 2444 290 2452; x_wconf 95' lang='grc'><strong>.</strong></span> <span class='ocrx_word' id='word_1_373' title='bbox 308 2417 384 2461; x_wconf 62' lang='lat' dir='ltr'>lat]</span> <span class='ocrx_word' id='word_1_374' title='bbox 412 2420 502 2451; x_wconf 81' lang='lat' dir='ltr'>‘non</span> <span class='ocrx_word' id='word_1_375' title='bbox 528 2417 597 2451; x_wconf 88' lang='lat' dir='ltr'>scit</span> <span class='ocrx_word' id='word_1_376' title='bbox 620 2417 863 2462; x_wconf 82' lang='lat' dir='ltr'>alphabetum</span> <span class='ocrx_word' id='word_1_377' title='bbox 886 2417 1062 2451; x_wconf 82' lang='lat' dir='ltr'>latinum&#39;</span> <span class='ocrx_word' id='word_1_378' title='bbox 1089 2428 1124 2460; x_wconf 89' lang='lat' dir='ltr'>p.</span> <span class='ocrx_word' id='word_1_379' title='bbox 1141 2418 1254 2451; x_wconf 78' lang='lat'>21211.</span> <span class='ocrx_word' id='word_1_380' title='bbox 1278 2427 1352 2450; x_wconf 90' lang='lat' dir='ltr'>non</span> <span class='ocrx_word' id='word_1_381' title='bbox 1383 2416 1453 2450; x_wconf 88' lang='lat' dir='ltr'>scit</span> <span class='ocrx_word' id='word_1_382' title='bbox 1474 2416 1633 2449; x_wconf 88' lang='lat' dir='ltr'>latinum</span> <span class='ocrx_word' id='word_1_383' title='bbox 1658 2417 1769 2450; x_wconf 77' lang='lat'>22122.</span> 
     </span>
    </p>

    <p class='ocr_par' dir='ltr' id='par_1_22' title="bbox 61 2471 1774 2629">
     <span class='ocr_line' id='line_1_40' title="bbox 61 2471 1769 2518; baseline -0.002 -11"><span class='ocrx_word' id='word_1_384' title='bbox 61 2476 113 2507; x_wconf 73' lang='lat'>34.</span> <span class='ocrx_word' id='word_1_385' title='bbox 131 2484 207 2517; x_wconf 89' lang='lat' dir='ltr'>sqq.</span> <span class='ocrx_word' id='word_1_386' title='bbox 233 2473 381 2507; x_wconf 70' lang='lat' dir='ltr'>obiectio</span> <span class='ocrx_word' id='word_1_387' title='bbox 406 2474 480 2518; x_wconf 73' lang='lat' dir='ltr'>etc]</span> <span class='ocrx_word' id='word_1_388' title='bbox 505 2472 745 2517; x_wconf 84' lang='lat' dir='ltr'>Pepericorni</span> <span class='ocrx_word' id='word_1_389' title='bbox 769 2472 850 2506; x_wconf 87' lang='lat' dir='ltr'>Def.</span> <span class='ocrx_word' id='word_1_390' title='bbox 867 2485 903 2517; x_wconf 87' lang='lat' dir='ltr'>p.</span> <span class='ocrx_word' id='word_1_391' title='bbox 923 2474 1100 2507; x_wconf 67' lang='lat'>145¹⁶·⁵⁴1‘1-</span> <span class='ocrx_word' id='word_1_392' title='bbox 1127 2472 1379 2517; x_wconf 87' lang='lat' dir='ltr'>„Respondeo</span> <span class='ocrx_word' id='word_1_393' title='bbox 1403 2472 1499 2505; x_wconf 88' lang='lat' dir='ltr'>hanc</span> <span class='ocrx_word' id='word_1_394' title='bbox 1524 2471 1769 2505; x_wconf 90' lang='lat' dir='ltr'>obiectionem</span> 
     </span>
     <span class='ocr_line' id='line_1_41' title="bbox 151 2526 1774 2572; baseline -0.002 -9"><span class='ocrx_word' id='word_1_395' title='bbox 151 2539 228 2563; x_wconf 87' lang='lat' dir='ltr'>esse</span> <span class='ocrx_word' id='word_1_396' title='bbox 253 2528 430 2563; x_wconf 86' lang='lat' dir='ltr'>futilem“</span> <span class='ocrx_word' id='word_1_397' title='bbox 456 2530 495 2563; x_wconf 90' lang='lat' dir='ltr'>et</span> <span class='ocrx_word' id='word_1_398' title='bbox 524 2530 699 2563; x_wconf 86' lang='lat' dir='ltr'>secuntur</span> <span class='ocrx_word' id='word_1_399' title='bbox 727 2528 805 2563; x_wconf 89' lang='lat' dir='ltr'>fere</span> <span class='ocrx_word' id='word_1_400' title='bbox 837 2529 967 2571; x_wconf 85' lang='lat' dir='ltr'>verba,</span> <span class='ocrx_word' id='word_1_401' title='bbox 1001 2540 1082 2572; x_wconf 84' lang='lat' dir='ltr'>quae</span> <span class='ocrx_word' id='word_1_402' title='bbox 1113 2529 1252 2572; x_wconf 87' lang='lat' dir='ltr'>repetit</span> <span class='ocrx_word' id='word_1_403' title='bbox 1281 2528 1359 2562; x_wconf 84' lang='lat' dir='ltr'>haec</span> <span class='ocrx_word' id='word_1_404' title='bbox 1390 2527 1547 2571; x_wconf 82' lang='lat' dir='ltr'>epistola</span> <span class='ocrx_word' id='word_1_405' title='bbox 1578 2538 1693 2570; x_wconf 85' lang='lat' dir='ltr'>usque</span> <span class='ocrx_word' id='word_1_406' title='bbox 1726 2526 1774 2559; x_wconf 87' lang='lat' dir='ltr'>ad</span> 
     </span>
     <span class='ocr_line' id='line_1_42' title="bbox 150 2586 315 2629; baseline 0 -10"><span class='ocrx_word' id='word_1_407' title='bbox 150 2596 186 2629; x_wconf 84' lang='lat' dir='ltr'>p.</span> <span class='ocrx_word' id='word_1_408' title='bbox 204 2586 315 2620; x_wconf 71' lang='lat'>218¹⁴.</span> 
     </span>
    </p>

    <p class='ocr_par' dir='ltr' id='par_1_23' title="bbox 60 2642 602 2684">
     <span class='ocr_line' id='line_1_43' title="bbox 60 2642 602 2684; baseline 0.002 -10"><span class='ocrx_word' id='word_1_409' title='bbox 60 2643 147 2684; x_wconf 83' lang='lat' dir='ltr'>Pag.</span> <span class='ocrx_word' id='word_1_410' title='bbox 162 2642 255 2679; x_wconf 81' lang='grc'>218.</span> <span class='ocrx_word' id='word_1_411' title='bbox 598 2672 602 2675; x_wconf 29' lang='grc' dir='ltr'><strong><em>Δ</em></strong></span> 
     </span>
    </p>

    <p class='ocr_par' dir='ltr' id='par_1_24' title="bbox 62 2694 1774 2907">
     <span class='ocr_line' id='line_1_44' title="bbox 62 2694 1774 2741; baseline -0.002 -10"><span class='ocrx_word' id='word_1_412' title='bbox 62 2700 92 2731; x_wconf 84' lang='lat'>7.</span> <span class='ocrx_word' id='word_1_413' title='bbox 110 2700 141 2732; x_wconf 86' lang='lat'>9.</span> <span class='ocrx_word' id='word_1_414' title='bbox 158 2709 236 2741; x_wconf 86' lang='lat' dir='ltr'>sqq.</span> <span class='ocrx_word' id='word_1_415' title='bbox 261 2697 417 2740; x_wconf 74' lang='lat' dir='ltr'>Pefferk.</span> <span class='ocrx_word' id='word_1_416' title='bbox 438 2723 445 2730; x_wconf 90' lang='lat'>.</span> <span class='ocrx_word' id='word_1_417' title='bbox 461 2724 467 2730; x_wconf 93' lang='lat'>.</span> <span class='ocrx_word' id='word_1_418' title='bbox 483 2724 490 2731; x_wconf 95' lang='lat'>.</span> <span class='ocrx_word' id='word_1_419' title='bbox 504 2697 630 2741; x_wconf 67' lang='lat' dir='ltr'>poem]</span> <span class='ocrx_word' id='word_1_420' title='bbox 656 2696 822 2740; x_wconf 87' lang='lat' dir='ltr'>Peperic.</span> <span class='ocrx_word' id='word_1_421' title='bbox 840 2696 862 2729; x_wconf 95' lang='grc'>1.</span> <span class='ocrx_word' id='word_1_422' title='bbox 881 2707 909 2730; x_wconf 90' lang='lat' dir='ltr'>c.</span> <span class='ocrx_word' id='word_1_423' title='bbox 927 2696 1004 2730; x_wconf 84' lang='lat' dir='ltr'>sive</span> <span class='ocrx_word' id='word_1_424' title='bbox 1021 2696 1145 2740; x_wconf 90' lang='lat' dir='ltr'>potius</span> <span class='ocrx_word' id='word_1_425' title='bbox 1163 2695 1357 2730; x_wconf 84' lang='lat' dir='ltr'>Ortvinus:</span> <span class='ocrx_word' id='word_1_426' title='bbox 1385 2694 1594 2737; x_wconf 69' lang='lat' dir='ltr'>„Praeterea</span> <span class='ocrx_word' id='word_1_427' title='bbox 1611 2705 1679 2739; x_wconf 81' lang='lat' dir='ltr'>ego</span> <span class='ocrx_word' id='word_1_428' title='bbox 1704 2695 1774 2729; x_wconf 86' lang='lat' dir='ltr'>hoc</span> 
     </span>
     <span class='ocr_line' id='line_1_45' title="bbox 150 2750 1768 2795; baseline -0.001 -9"><span class='ocrx_word' id='word_1_429' title='bbox 150 2752 404 2786; x_wconf 86' lang='lat' dir='ltr'>mediusfidius</span> <span class='ocrx_word' id='word_1_430' title='bbox 430 2753 544 2795; x_wconf 83' lang='lat' dir='ltr'>(citra</span> <span class='ocrx_word' id='word_1_431' title='bbox 566 2752 783 2786; x_wconf 86' lang='lat' dir='ltr'>iactantiam</span> <span class='ocrx_word' id='word_1_432' title='bbox 807 2753 952 2795; x_wconf 88' lang='lat' dir='ltr'>tamen)</span> <span class='ocrx_word' id='word_1_433' title='bbox 978 2752 1023 2785; x_wconf 90' lang='lat' dir='ltr'>de</span> <span class='ocrx_word' id='word_1_434' title='bbox 1054 2751 1195 2795; x_wconf 87' lang='lat' dir='ltr'>meipso</span> <span class='ocrx_word' id='word_1_435' title='bbox 1225 2750 1403 2795; x_wconf 86' lang='lat' dir='ltr'>profiteor</span> <span class='ocrx_word' id='word_1_436' title='bbox 1427 2750 1527 2794; x_wconf 89' lang='lat' dir='ltr'>quod</span> <span class='ocrx_word' id='word_1_437' title='bbox 1551 2751 1675 2784; x_wconf 86' lang='lat' dir='ltr'>omnia</span> <span class='ocrx_word' id='word_1_438' title='bbox 1693 2778 1700 2784; x_wconf 90' lang='lat'>.</span> <span class='ocrx_word' id='word_1_439' title='bbox 1716 2778 1722 2784; x_wconf 95' lang='lat'>.</span> <span class='ocrx_word' id='word_1_440' title='bbox 1737 2777 1745 2786; x_wconf 90' lang='lat'>.</span> <span class='ocrx_word' id='word_1_441' title='bbox 1760 2778 1768 2784; x_wconf 94' lang='lat'>.</span> 
     </span>
     <span class='ocr_line' id='line_1_46' title="bbox 152 2805 1774 2851; baseline -0.001 -10"><span class='ocrx_word' id='word_1_442' title='bbox 152 2808 308 2842; x_wconf 88' lang='lat' dir='ltr'>recitare</span> <span class='ocrx_word' id='word_1_443' title='bbox 333 2808 462 2850; x_wconf 88' lang='lat' dir='ltr'>didici,</span> <span class='ocrx_word' id='word_1_444' title='bbox 489 2808 589 2851; x_wconf 87' lang='lat' dir='ltr'>quod</span> <span class='ocrx_word' id='word_1_445' title='bbox 612 2818 686 2841; x_wconf 91' lang='lat' dir='ltr'>non</span> <span class='ocrx_word' id='word_1_446' title='bbox 709 2817 836 2841; x_wconf 86' lang='lat' dir='ltr'>omnes</span> <span class='ocrx_word' id='word_1_447' title='bbox 860 2807 1012 2841; x_wconf 88' lang='lat' dir='ltr'>fortasse</span> <span class='ocrx_word' id='word_1_448' title='bbox 1037 2807 1159 2841; x_wconf 88' lang='lat' dir='ltr'>facere</span> <span class='ocrx_word' id='word_1_449' title='bbox 1184 2807 1377 2851; x_wconf 86' lang='lat' dir='ltr'>poterunt,</span> <span class='ocrx_word' id='word_1_450' title='bbox 1404 2806 1468 2849; x_wconf 89' lang='lat' dir='ltr'>qui</span> <span class='ocrx_word' id='word_1_451' title='bbox 1490 2805 1528 2839; x_wconf 90' lang='lat' dir='ltr'>in</span> <span class='ocrx_word' id='word_1_452' title='bbox 1553 2806 1687 2840; x_wconf 91' lang='lat' dir='ltr'>litteris</span> <span class='ocrx_word' id='word_1_453' title='bbox 1711 2818 1774 2840; x_wconf 81' lang='lat' dir='ltr'>sae-</span> 
     </span>
     <span class='ocr_line' id='line_1_47' title="bbox 153 2862 1132 2907; baseline -0.001 -10"><span class='ocrx_word' id='word_1_454' title='bbox 153 2863 338 2898; x_wconf 88' lang='lat' dir='ltr'>cularibus</span> <span class='ocrx_word' id='word_1_455' title='bbox 362 2864 400 2897; x_wconf 91' lang='lat' dir='ltr'>et</span> <span class='ocrx_word' id='word_1_456' title='bbox 422 2863 558 2897; x_wconf 88' lang='lat' dir='ltr'>fabulis</span> <span class='ocrx_word' id='word_1_457' title='bbox 581 2863 665 2907; x_wconf 88' lang='lat' dir='ltr'>plus</span> <span class='ocrx_word' id='word_1_458' title='bbox 689 2873 795 2907; x_wconf 83' lang='lat' dir='ltr'>aequo</span> <span class='ocrx_word' id='word_1_459' title='bbox 820 2862 1132 2897; x_wconf 85' lang='lat' dir='ltr'>obbrutuerunt“.</span> 
     </span>
    </p>

    <p class='ocr_par' dir='ltr' id='par_1_25' title="bbox 66 2918 1777 3076">
     <span class='ocr_line' id='line_1_48' title="bbox 66 2918 1773 2963; baseline -0.001 -9"><span class='ocrx_word' id='word_1_460' title='bbox 66 2924 117 2954; x_wconf 81' lang='lat'>12.</span> <span class='ocrx_word' id='word_1_461' title='bbox 131 2931 209 2963; x_wconf 87' lang='lat' dir='ltr'>sqq.</span> <span class='ocrx_word' id='word_1_462' title='bbox 227 2919 331 2953; x_wconf 82' lang='lat' dir='ltr'>habet</span> <span class='ocrx_word' id='word_1_463' title='bbox 410 2919 596 2963; x_wconf 69' lang='lat' dir='ltr'>pallidus]</span> <span class='ocrx_word' id='word_1_464' title='bbox 623 2918 768 2953; x_wconf 86' lang='lat' dir='ltr'>‘Habeo</span> <span class='ocrx_word' id='word_1_465' title='bbox 787 2918 836 2952; x_wconf 89' lang='lat' dir='ltr'>fil.</span> <span class='ocrx_word' id='word_1_466' title='bbox 918 2918 1256 2962; x_wconf 84' lang='lat' dir='ltr'>impallescentem’</span> <span class='ocrx_word' id='word_1_467' title='bbox 1274 2918 1405 2963; x_wconf 81' lang='lat' dir='ltr'>Pepcr.</span> <span class='ocrx_word' id='word_1_468' title='bbox 1419 2918 1501 2952; x_wconf 88' lang='lat' dir='ltr'>Def.</span> <span class='ocrx_word' id='word_1_469' title='bbox 1514 2930 1549 2962; x_wconf 88' lang='lat' dir='ltr'>p.</span> <span class='ocrx_word' id='word_1_470' title='bbox 1565 2922 1638 2953; x_wconf 74' lang='lat'>145.</span> <span class='ocrx_word' id='word_1_471' title='bbox 1651 2928 1773 2953; x_wconf 84' lang='lat'>31...33.</span> 
     </span>
     <span class='ocr_line' id='line_1_49' title="bbox 154 2974 1777 3019; baseline -0.001 -10"><span class='ocrx_word' id='word_1_472' title='bbox 154 2974 329 3010; x_wconf 85' lang='lat' dir='ltr'>Ortvinus</span> <span class='ocrx_word' id='word_1_473' title='bbox 358 2974 396 3008; x_wconf 90' lang='lat' dir='ltr'>in</span> <span class='ocrx_word' id='word_1_474' title='bbox 420 2974 604 3008; x_wconf 85' lang='lat' dir='ltr'>Lamentt.</span> <span class='ocrx_word' id='word_1_475' title='bbox 623 2974 663 3008; x_wconf 93' lang='grc' dir='ltr'><strong>Ο.</strong></span> <span class='ocrx_word' id='word_1_476' title='bbox 681 2974 724 3008; x_wconf 92' lang='lat' dir='ltr'>V.</span> <span class='ocrx_word' id='word_1_477' title='bbox 742 2974 769 3008; x_wconf 95' lang='lat' dir='ltr'>I.</span> <span class='ocrx_word' id='word_1_478' title='bbox 788 2979 840 3010; x_wconf 88' lang='lat'>15.</span> <span class='ocrx_word' id='word_1_479' title='bbox 861 2976 916 3018; x_wconf 86' lang='lat' dir='ltr'>(p.</span> <span class='ocrx_word' id='word_1_480' title='bbox 934 2978 1009 3009; x_wconf 87' lang='lat'>344.</span> <span class='ocrx_word' id='word_1_481' title='bbox 1033 2974 1089 3008; x_wconf 90' lang='lat' dir='ltr'>ed.</span> <span class='ocrx_word' id='word_1_482' title='bbox 1113 2976 1167 3017; x_wconf 86' lang='lat' dir='ltr'>n.)</span> <span class='ocrx_word' id='word_1_483' title='bbox 1194 2974 1374 3019; x_wconf 85' lang='lat' dir='ltr'>Capnioni</span> <span class='ocrx_word' id='word_1_484' title='bbox 1404 2974 1566 3018; x_wconf 89' lang='lat' dir='ltr'>scripsit:</span> <span class='ocrx_word' id='word_1_485' title='bbox 1600 2974 1777 3017; x_wconf 80' lang='lat' dir='ltr'>„Saluta-t</span> 
     </span>
     <span class='ocr_line' id='line_1_50' title="bbox 153 3029 1774 3076; baseline -0.001 -10"><span class='ocrx_word' id='word_1_486' title='bbox 153 3033 191 3066; x_wconf 85' lang='lat' dir='ltr'>te</span> <span class='ocrx_word' id='word_1_487' title='bbox 215 3031 418 3076; x_wconf 84' lang='lat' dir='ltr'>plurimum</span> <span class='ocrx_word' id='word_1_488' title='bbox 442 3041 535 3065; x_wconf 80' lang='lat' dir='ltr'>uxor</span> <span class='ocrx_word' id='word_1_489' title='bbox 549 3030 788 3075; x_wconf 85' lang='lat' dir='ltr'>Pepericorni</span> <span class='ocrx_word' id='word_1_490' title='bbox 813 3032 851 3065; x_wconf 88' lang='lat' dir='ltr'>et</span> <span class='ocrx_word' id='word_1_491' title='bbox 867 3030 1086 3065; x_wconf 77' lang='lat' dir='ltr'>Laurentius</span> <span class='ocrx_word' id='word_1_492' title='bbox 1103 3029 1380 3075; x_wconf 74' lang='lat' dir='ltr'>Pepericornus,</span> <span class='ocrx_word' id='word_1_493' title='bbox 1408 3029 1505 3064; x_wconf 88' lang='lat' dir='ltr'>filius</span> <span class='ocrx_word' id='word_1_494' title='bbox 1528 3030 1686 3073; x_wconf 83' lang='lat' dir='ltr'>loannis,</span> <span class='ocrx_word' id='word_1_495' title='bbox 1713 3030 1774 3065; x_wconf 88' lang='lat' dir='ltr'>do-</span> 
     </span>
    </p>

    <p class='ocr_par' dir='ltr' id='par_1_26' title="bbox 115 3090 1508 3122">
     <span class='ocr_line' id='line_1_51' title="bbox 115 3090 1508 3122; baseline 0 -1"><span class='ocrx_word' id='word_1_496' title='bbox 115 3101 204 3122; x_wconf 62' lang='lat' dir='ltr'>uvvrrr.</span> <span class='ocrx_word' id='word_1_497' title='bbox 221 3101 287 3122; x_wconf 81' lang='lat' dir='ltr'>OPP.</span> <span class='ocrx_word' id='word_1_498' title='bbox 306 3101 408 3121; x_wconf 60' lang='grc' dir='ltr'><strong>ΠΕΡΙ..</strong></span> <span class='ocrx_word' id='word_1_499' title='bbox 427 3100 459 3120; x_wconf 86' lang='lat'>11.</span> <span class='ocrx_word' id='word_1_500' title='bbox 1464 3090 1508 3121; x_wconf 81' lang='lat'>44</span> 
     </span>
    </p>
   </div>
   <div class='ocr_carea' id='block_1_7' title="bbox 717 2644 904 2647">
    <p class='ocr_par' dir='ltr' id='par_1_27' title="bbox 717 2644 904 2647">
     <span class='ocr_line' id='line_1_52' title="bbox 717 2644 904 2647; baseline 0 0"><span class='ocrx_word' id='word_1_501' title='bbox 717 2644 904 2647; x_wconf 95' lang='lat' dir='ltr'> </span> 
     </span>
    </p>
   </div>
   <div class='ocr_carea' id='block_1_8' title="bbox 907 2644 1117 2647">
    <p class='ocr_par' dir='ltr' id='par_1_28' title="bbox 907 2644 1117 2647">
     <span class='ocr_line' id='line_1_53' title="bbox 907 2644 1117 2647; baseline 0 0"><span class='ocrx_word' id='word_1_502' title='bbox 907 2644 1117 2647; x_wconf 95' lang='lat' dir='ltr'> </span> 
     </span>
    </p>
   </div>
  </div>
 </body>
</html>
