2119 3522
753 217 876 239 nnssvs
902 231 908 238 .
924 232 930 238 .
946 231 953 239 .
978 217 1152 238 msmrzvs.
1714 202 1808 246 393

98 337 206 382 ptos,
254 332 388 382 legum
426 338 547 382 atque
585 332 916 370 constitutionum
957 332 1204 378 divendidit,
1246 338 1285 370 ct
1323 347 1414 370 111οΧ
1451 334 1723 385 Erphordiam
1761 336 1812 373 ad

98 388 345 425 incunabula
382 402 462 426 suae
505 388 696 425 doctrinae
734 401 775 426 se
807 388 1015 434 rettulit“,
1049 403 1083 427 a.
1110 390 1229 426 1515.
1252 388 1307 426 ibi
1339 390 1481 427 iterum
1513 391 1658 429 scholae
1690 391 1811 430 Seve-

98 445 221 481 rianae
260 450 390 482 rector
427 445 555 482 factus
601 459 688 482 cum
729 443 949 482 Catharina
991 444 1136 494 Spater
1172 446 1334 495 nuptias
1373 448 1594 494 contraxit,
1647 449 1813 486 nimium

97 500 277 550 quidem,
312 507 355 538 ut
385 500 546 538 videtur
576 500 625 537 ab
658 500 746 537 aliis
777 501 949 545 derisas,
984 501 1032 537 ab
1064 501 1153 537 aliis
1175 501 1359 539 laudatas
1374 500 1408 539 ¹⁰.
1441 516 1476 539 a.
1504 505 1622 544 1516.
1646 506 1812 554 poeticae

97 556 385 607 rhetorieaeque
423 557 627 607 professor
665 557 793 594 factus
829 557 1031 594 interdum
1062 557 1306 607 quingentos
1341 556 1588 606 (secundum
1619 561 1718 598 alios
1748 562 1813 599 vel

97 626 173 658 MD,
208 619 305 663 quot
335 619 416 650 tum
438 612 646 649 Erfurtum
677 626 757 649 non
787 612 962 650 habebat
983 612 1201 662 studiosos)
1225 614 1429 651 auditores
1450 615 1639 654 habuisse
1674 618 1811 655 fertur.

99 669 211 706 111191·
242 683 309 706 eos
340 670 408 719 qui
430 669 585 705 Erfurti
617 670 729 719 quasi
762 668 954 706 doctrinae
987 670 1233 718 evangelie-ee
1263 671 1548 720 praeluserunt,
1583 686 1664 722 prae
1688 675 1812 711 omni-

97 725 170 762 bus
201 725 413 762 Eobanum
452 725 592 763 laudat
624 724 953 770 Seckendorfius,
996 731 1035 762 et
1072 725 1185 762 illum
1216 726 1374 763 Erasmi
1410 732 1565 765 tantum
1597 729 1810 767 admirato-

96 795 179 818 rem
212 782 354 827 fuisse,
389 786 431 818 ut
461 781 579 818 huius
608 780 767 817 visendi
800 793 919 817 causa
950 795 986 817 a..
1012 780 1133 817 1518.
1155 781 1381 819 Lovanium
1411 783 1486 819 iter
1515 784 1710 831 faceret'',
1746 787 1811 824 (le-

97 843 300 875 cantatum
333 842 405 874 est.
464 837 621 873 Erfurti
660 849 791 886 neque
832 836 1048 873 academiae
1088 850 1219 886 neque
1252 839 1424 888 proprize
1459 839 1597 877 domus
1629 843 1812 879 condicio

96 894 243 930 Nostro
276 892 484 943 placebat,
516 894 651 943 itaque
674 892 1000 929 Melanchthonis
1030 893 1197 930 consilio
1225 894 1531 944 Norimbergam
1562 904 1725 935 vocatus
1758 898 1813 935 ibi

96 949 145 986 ab
177 963 212 986 a.
239 950 454 999 152011111-
484 949 741 998 septennium
773 949 970 998 poeticam
1002 948 1322 999 rhetoricamquc
1356 951 1510 997 docuit,
1553 966 1721 1003 cumque
1754 955 1811 991 111»

93 1005 338 1042 lustrissimis
368 1005 482 1051 viris,
524 1011 567 1042 ut
597 1004 918 1051 Pirckheimero‚
953 1004 1200 1055 Spenglero‚
1236 1006 1600 1057 Baumgaertnero,
1634 1009 1811 1057 Ebnero,

94 1062 240 1108 Linco,
274 1062 315 1098 in
348 1061 563 1099 amicitiam
584 1062 716 1109 venit3
750 1062 908 1099 Durero
932 1074 1092 1112 quoque
1114 1075 1365 1112 summopere
1388 1063 1557 1113 placuit,
1592 1066 1660 1115 qui
1689 1068 1812 1115 pictu-

95 1132 178 1155 ram
209 1119 435 1168 praestantis
466 1123 627 1155 statur-„e
660 1132 705 1155 ac
737 1118 854 1155 faciei
884 1117 959 1154 viri
988 1119 1144 1168 proceri
1177 1116 1320 1156 fecit¹².
1380 1121 1503 1157 Anno
1528 1122 1649 1159 1533.
1672 1123 1811 1160 Erfur-

95 1180 177 1212 tum
208 1180 251 1211 ut
282 1174 450 1220 rediret,
492 1173 799 1211 invitationibus
837 1173 1105 1224 precibusque
1136 1180 1317 1212 veterum
1348 1177 1563 1214 amicorum
1595 1185 1812 1217 commotus

95 1231 150 1267 ibi
191 1244 320 1268 annos
358 1231 444 1268 fere
482 1236 671 1280 quattuor
708 1230 868 1281 publice
908 1230 1176 1281 privatimque
1217 1231 1370 1278 docuit,
1412 1233 1484 1270 sed
1515 1247 1586 1284 spe
1617 1249 1688 1272 sua
1719 1250 1811 1272 con-

93 1287 217 1337 lapsae
243 1287 390 1324 scholae
420 1287 693 1324 instaurandae
717 1286 926 1324 fraudatus
958 1300 1064 1323 anno
1091 1288 1210 1324 1536.
1234 1288 1495 1339 Marpurgum
1525 1292 1811 1341 commigravit,

94 1343 298 1393 professor
328 1356 495 1393 poeseos
528 1348 567 1380 et
596 1343 854 1381 historiarum
888 1344 1034 1389 factus,
1077 1342 1213 1393 ibique
1251 1345 1369 1382 tertio
1402 1359 1529 1383 nonas
1561 1348 1744 1385 octobres
1777 1364 1811 1386 a.

96 1399 216 1438 1540.
240 1399 436 1450 phthitico
477 1399 613 1436 inorbo
652 1400 852 1437 extinctus
894 1405 964 1438 est.
1027 1399 1186 1449 Scripta
1226 1400 1366 1447 Hessi,
1415 1415 1503 1452 quse
1543 1408 1699 1441 tantum
1732 1419 1813 1442 non

95 1456 229 1493 omnia
270 1457 309 1493 in
348 1456 460 1493 libris
493 1456 590 1493 meis
621 1462 734 1501 sunt,
777 1463 960 1493 recenset
990 1456 1151 1493 Panzer
1181 1456 1291 1494 Anu.
1315 1464 1400 1508 typ.
1424 1459 1478 1496 X.
1502 1473 1540 1509 p.
1564 1461 1813 1499 308...310.

94 1526 265 1563 quocum
287 1513 338 1550 cf.
359 1512 605 1557 Gesnerum,
634 1512 944 1562 Beyschlagum,
968 1512 1335 1560 Motsclnnannum,
1358 1512 1679 1563 Haussdorffum,
1706 1517 1813 1554 Stro-

93 1568 249 1616 belum,
282 1569 543 1615 Niceronem,
579 1568 828 1606 Striederum
860 1569 1067 1619 superiore
1100 1570 1238 1606 not.4.
1263 1571 1505 1608 nominatos.

186 1642 240 1679 10)
260 1640 317 1675 Cf,
337 1642 422 1674 Eur.
440 1640 547 1672 Cordi
566 1639 851 1682 Epithalamium
871 1641 905 1671 in
926 1643 1022 1682 nupt.
1041 1640 1125 1673 Hel.
1145 1641 1235 1675 Eob.
1254 1642 1364 1673 Hessi
1383 1646 1418 1673 et
1437 1644 1566 1683 Trynae
1585 1644 1812 1686 Spateranae.

183 1697 294 1738 Erph.
315 1698 410 1729 1515.
465 1696 535 1728 Sed
560 1698 635 1728 Iac.
653 1696 823 1737 Myeillus
848 1695 1005 1737 (Sylvar.
1024 1696 1107 1728 libri
1127 1697 1167 1732 V,
1189 1698 1284 1731 1564.
1303 1698 1349 1730 8⁰.
1373 1710 1406 1740 p.
1427 1700 1519 1740 330.)
1548 1701 1815 1743 „Epitaphium

183 1754 313 1793 Annae,
341 1756 376 1785 et
400 1752 594 1794 Hedingis,
624 1753 815 1794 coniugum
842 1753 983 1784 Eobani
1009 1753 1128 1784 Hessi.
1178 1754 1256 1785 Hoc
1285 1765 1448 1795 quoque,
1477 1766 1548 1788 non
1575 1756 1719 1799 longum
1748 1763 1813 1800 est,

184 1809 315 1851 hospes
346 1809 438 1850 lege.
487 1819 642 1851 namque
674 1809 798 1840 mariti
838 1809 951 1841 Vnius
984 1820 1114 1840 uxores
1146 1809 1224 1840 haee
1256 1812 1349 1852 tegit
1380 1822 1470 1843 urna
1502 1812 1602 1844 duas.
1654 1815 1813 1856 Vtraque

185 1876 262 1897 cum
288 1875 393 1897 senos
419 1866 572 1897 vixisset
597 1869 712 1907 nupta
738 1876 801 1906 per
826 1876 956 1905 annos,
983 1866 1106 1896 Iunior
1131 1866 1324 1908 Hedingis,
1353 1868 1411 1899 sed
1439 1869 1535 1910 prior
1557 1869 1675 1909 Anna,
1706 1872 1815 1905 cadit,

184 1922 345 1963 Vtraque
373 1933 450 1953 cum
479 1925 583 1953 terna
611 1909 767 1953 difflt
792 1921 891 1962 prole
918 1925 1123 1963 parentem,
1157 1922 1352 1955 Solvuntur
1378 1928 1523 1965 quarto,
1555 1930 1686 1967 mort-c,
1713 1938 1816 1968 puer-

184 1978 295 2019 perio.
346 1979 440 2020 Ergo
472 1978 549 2020 pari
578 1977 673 2018 fato,
712 1978 841 2019 quibus
875 1982 929 2009 est
960 1988 1025 2009 sua
1056 1978 1135 2009 vita
1168 1983 1334 2019 peracta,
1373 1981 1420 2011 Et
1456 1992 1546 2021 quas
1578 1992 1655 2013 sors
1689 1984 1814 2016 ambas

185 2045 255 2066 una
289 2035 484 2076 eademque
516 2034 610 2066 tulit.
671 2036 751 2082 an
790 2034 943 2075 geminae
980 2034 1035 2065 his
1074 2034 1222 2074 animae,
1260 2046 1382 2067 verum
1421 2038 1490 2068 fuit
1526 2048 1614 2079 una,
1653 2039 1815 2071 vicissim

185 2091 273 2130 Quae
305 2100 434 2132 eorpus
468 2091 594 2132 spacio
626 2091 719 2122 rexit
748 2093 938 2130 utrumque
965 2090 1054 2131 pari.
1103 2092 1149 2122 Et
1176 2102 1255 2122 cum
1282 2095 1354 2123 tam
1381 2093 1519 2125 similes
1546 2095 1633 2126 teda
1659 2107 1815 2138 nupsere

185 2147 318 2189 iugali,
350 2147 496 2188 ‘Nempe
523 2148 579 2178 vir
604 2147 708 2178 unius
735 2147 901 2187 coniugis
932 2145 993 2177 ille
1024 2147 1130 2180 fuitf‘
1182 2149 1348 2190 Quinque
1375 2149 1485 2181 Hessi
1510 2150 1602 2182 filios
1630 2157 1816 2185 enumerat

185 2202 348 2234 Strieder
374 2213 406 2244 p.
427 2204 501 2236 389.
521 2213 573 2243 sq.
670 2204 722 2242 11>
742 2202 1022 2243 Hodoeporieon
1049 2203 1095 2234 ad
1112 2204 1197 2235 Des.
1218 2205 1357 2236 Erasm.
1377 2216 1485 2237 carm.
1506 2206 1638 2239 heroic.
1674 2210 1814 2240 Lovan.

185 2260 282 2291 1518.
307 2263 343 2290 et
365 2259 541 2300 Erphord.
564 2260 658 2293 1519.
681 2258 727 2294 40,
852 2260 905 2297 12)
934 2259 990 2292 Cf.
1017 2259 1184 2300 exempla
1210 2261 1246 2291 in
1273 2260 1410 2293 ‘Iobini
1435 2263 1565 2294 Icones
1589 2274 1616 2296 s.
1635 2264 1815 2305 imagines

184 2315 290 2346 viror.
309 2314 425 2346 literis
452 2313 517 2346 ill)
544 2315 779 2356 Argentorati
798 2316 894 2346 1683.
914 2314 959 2345 80.
980 2326 1013 2356 p.
1032 2315 1101 2347 ΕΤ.
1130 2319 1165 2347 et
1189 2317 1233 2348 ab
1253 2317 1373 2349 Haido
1392 2319 1455 2349 {eri
1479 2319 1631 2351 incisum
1651 2331 1706 2362 ap.
1728 2321 1815 2352 Bru-

185 2371 331 2403 ckerum
359 2372 597 2413 Ehrenlempel
623 2372 667 2403 ad
695 2383 726 2413 p.
750 2373 822 2406 132,
846 2371 978 2412 saepius
1006 2371 1051 2402 ab
1079 2372 1163 2403 aliis
1190 2374 1394 2414 repetitum.

93 2460 340 2498 HISPANVS,
374 2452 531 2489 Petrus.
593 2452 676 2489 Sub
716 2452 833 2488 huius
867 2452 1027 2489 nomine
1060 2452 1266 2503 scripsisse
1300 2454 1427 2492 fertur
1457 2455 1601 2493 Petrus
1632 2457 1816 2495 Iulianus

93 2509 449 2560 Ulyssiponensis‚
491 2509 644 2546 ordinis
677 2508 1001 2558 praedicatorum,
1040 2509 1108 2559 qui
1134 2523 1157 2546 a
1185 2509 1250 2547 die
1275 2512 1338 2548 13.
1358 2511 1470 2561 Sept.
1494 2526 1529 2549 a.
1550 2514 1670 2550 1276.
1690 2527 1816 2565 usque

96 2565 148 2603 ad
171 2565 208 2604 d.
228 2566 293 2602 21.
311 2565 407 2602 Mai.
425 2578 460 2604 a.
484 2565 602 2602 1277.
625 2578 703 2615 quo
727 2570 905 2602 mortuus
929 2571 1005 2610 est,
1038 2565 1112 2602 sub
1135 2567 1297 2603 nomine
1320 2567 1514 2605 Iohannis
1536 2569 1655 2606 XXI.
1679 2570 1816 2608 sedem

94 2621 282 2671 papalem
312 2621 457 2658 tenuit.
521 2621 704 2658 ‘Petrum
735 2621 784 2658 de
811 2621 1052 2670 Spanheim'
1087 2634 1177 2658 eum
1207 2623 1389 2660 nominat
1410 2623 1709 2672 Hochstratus',
1743 2628 1815 2664 501-

94 2678 189 2715 licet
226 2683 271 2714 ut
306 2677 425 2714 huius
467 2690 650 2727 personae
689 2678 845 2727 impura
877 2677 1051 2714 eruditio
1091 2679 1398 2728 perstringatur.
1460 2680 1523 2718 De
1555 2682 1712 2732 scriptis
1742 2683 1814 2720 Hi*

95 2734 230 2784 spani,
272 2739 356 2770 tum
385 2733 569 2779 medicis,
610 2739 693 2770 tum
732 2733 1021 2783 philosophicis
1052 2733 1383 2785 scholasticisque
1414 2736 1584 2774 videndi
1615 2744 1709 2775 sunt
1739 2739 1815 2776 Fa-

94 2787 283 2835 bricius2,
324 2788 551 2827 Ioecherus‘3
589 2795 628 2827 et
668 2789 717 2826 de
756 2789 1046 2839 antiquissimis
1084 2789 1246 2827 illorum
1285 2792 1477 2842 exemplis
1508 2792 1717 2834 Haustus&
1766 2796 1816 2833 de

97 2846 312 2884 Summulis
343 2846 473 2892 Petri,
515 2845 624 2883 unde
659 2845 964 2882 Summulatoris
997 2858 1143 2882 nomen
1177 2848 1330 2884 auctori
1361 2848 1550 2896 inditum,
1585 2864 1716 2901 nuper
1748 2852 1815 2889 do-

188 2946 220 2986 1)
246 2946 283 2976 in
308 2945 556 2977 Conciliabulo
582 2945 833 2986 theologistar.
853 2945 871 2983 ξ
890 2947 944 2977 33.
995 2945 1096 2976 Hutt.
1117 2946 1207 2987 Opp.
1225 2947 1286 2978 IV.
1308 2957 1341 2988 p.
1362 2948 1437 2982 582.
1555 2949 1588 2990 ΞΣ)
1608 2950 1702 2981 Bibl.
1723 2952 1813 2984 1119ιί,

187 3005 222 3032 et
245 3002 310 3033 inf.
330 3004 387 3033 aet.
406 3002 468 3034 IV.
489 3003 563 3036 121.
578 3011 631 3041 sq.
661 3002 699 3032 V.
720 3002 794 3034 771.
894 2999 929 3041 3)
949 3002 1183 3034 voe.1011ann
1202 3002 1298 3034 XXI.
1404 3006 1437 3041 4)
1458 3005 1645 3046 Repertor.
1664 3012 1712 3039 11⁰,
1728 3009 1814 3039 8677

187 3059 329 3089 ...8716.
381 3057 437 3090 Cf.
459 3058 598 3089 Panzer
615 3059 704 3090 Ann.
725 3061 798 3098 typ.
816 3058 859 3090 X.
881 3067 912 3098 p.
933 3057 1009 3088 407.
1029 3059 1066 3088 et
1088 3060 1161 3089 not.
1182 3063 1408 3100 sequentem,
