2119 3522
260 220 353 266 618
694 234 957 257 comussnrAmvs
980 233 1027 255 An
1052 234 1123 255 an.
1141 233 1172 256 o.
1190 234 1222 256 v.
1247 234 1324 256 von.
1342 234 1364 256 1.
1390 233 1533 256 APPEND.

256 374 342 415 pag.
359 371 422 408 63.
931 355 1276 397 APPENDEX.

303 448 507 492 Sequentes
530 460 582 482 vn
607 446 772 491 epistolae
803 447 909 489 (nam
934 445 1122 480 Tolletam‘
1152 445 1309 490 epistola
1339 446 1386 480 ad
1417 457 1565 481 causam
1588 446 1895 481 Reuchlinianam
1927 448 1966 482 et

344 505 510 538 nostrum
533 514 624 547 opus
648 513 722 536 non
745 502 922 546 pertinet)
940 501 1102 546 primum
1124 501 1344 545 prodierunt
1359 513 1432 537 non
1450 503 1534 547 post
1549 513 1580 536 a.
1599 506 1693 537 1516.
1722 502 1766 536 cf.
1783 502 1864 537 Ind.
1882 503 1964 537 edd.

343 572 377 594 n.
396 564 426 594 3.
443 571 479 603 p.
497 563 528 593 4.
569 558 695 592 Alium
726 559 838 602 atque
870 558 1101 602 superiorum
1123 570 1183 591 xm
1209 558 1449 602 epistolarum
1473 559 1663 593 auctorem
1695 558 1771 593 sive
1797 559 1965 593 auctores

344 615 436 650 alios
466 614 584 648 multa
613 613 794 658 produnt,
827 614 864 647 et
888 613 1073 647 scribendi
1093 624 1226 658 genus,
1254 614 1354 658 quod
1378 614 1532 648 similius
1558 615 1614 648 est
1638 615 1673 649 ei
1696 614 1796 659 quod
1825 614 1864 648 in
1889 614 1964 659 epi-

344 671 446 706 stolis
469 670 575 705 novis
600 669 811 713 (voluminis
828 669 889 712 H.)
914 670 1151 704 observatum
1169 670 1207 704 et
1224 670 1269 704 ab
1287 670 1351 704 illo
1376 668 1549 715 priorum'
1559 670 1811 715 epistolarum,
1837 681 1964 715 quam-

342 727 397 761 vis
420 727 489 761 hoc
514 726 697 768 imitetur,
730 725 918 759 diversum
950 727 1005 759 est
1030 726 1081 768 (in
1111 726 1388 771 magistralibus
1421 726 1650 768 soloecismis,
1682 726 1721 760 in
1745 726 1965 761 adhibendis

342 783 442 817 falsis
466 781 786 817 coniunctionibus
815 792 857 816 ac
882 782 1001 816 modis
1027 783 1064 816 et
1093 782 1339 826 temporibus,
1373 783 1411 816 et
1439 783 1599 817 maxime
1631 782 1669 816 in
1701 782 1965 827 complicandis

343 850 385 873 ac
414 838 676 883 perturbandis
704 838 794 883 ipsis
825 838 1113 882 cogitationibus
1143 837 1549 882 enuntiationibusque‚
1584 838 1698 873 etiam
1724 838 1794 883 ‘per
1818 849 1856 873 se
1881 839 1965 872 sim-

342 894 550 940 plicissimis
574 894 881 939 vulgaribusque,
913 896 1054 938 priores
1080 894 1255 938 epistolas
1280 894 1461 929 excellere
1486 894 1617 939 negari
1640 906 1714 929 non
1738 895 1894 939 potest),
1928 896 1967 930 et

341 963 464 985 rerum
494 950 733 994 locorumque
766 950 1135 984 commemorationes
1159 961 1240 994 quae
1272 950 1472 984 maximam
1502 952 1647 994 partem
1679 951 1726 985 ad
1757 951 1965 995 superiores

342 1007 462 1042 Rheni
493 1006 663 1051 regiones
694 1006 901 1050 pertinent:
933 1017 1054 1050 neque
1085 1005 1362 1050 neglegendum
1394 1007 1465 1048 est,
1499 1007 1574 1040 tres
1603 1007 1745 1051 priores
1768 1007 1876 1041 huius
1900 1017 1963 1051 ap—

340 1063 507 1108 pendicis
533 1062 707 1107 epistolas
731 1062 778 1096 ad
794 1061 1102 1096 Reuchlinianam
1127 1072 1275 1096 causam
1291 1062 1443 1105 propius
1467 1072 1541 1096 non
1566 1063 1744 1106 spectare,
1769 1062 1841 1096 nisi
1865 1063 1965 1106 quod

342 1120 389 1154 ad
413 1119 489 1153 sive
515 1119 644 1152 contra
662 1117 858 1152 Ortvinum
884 1118 1033 1152 directae
1059 1119 1159 1151 sunt:
1187 1127 1313 1151 omnes
1338 1118 1464 1151 autem
1489 1118 1633 1162 septem
1657 1118 1816 1152 Hutteni
1839 1118 1964 1152 stilum

341 1175 389 1210 ad
412 1175 482 1209 hoc
506 1174 691 1208 scribendi
713 1184 829 1218 genus
853 1184 931 1208 sese
957 1174 1229 1218 praeparantem
1245 1174 1322 1207 tam
1348 1174 1475 1217 aperte
1492 1173 1666 1218 produnt,
1693 1175 1735 1208 ut
1758 1173 1850 1208 mihi
1873 1186 1964 1219 prae-

341 1231 449 1275 cipue
475 1230 589 1264 etiam
605 1241 663 1264 res
687 1229 784 1274 ipsas
808 1229 846 1262 in
862 1229 919 1263 his
945 1240 1029 1274 epp.
1046 1230 1224 1264 tractatas
1249 1229 1496 1264 consideranti
1514 1229 1559 1265 de
1585 1230 1735 1264 auctore
1760 1230 1864 1265 nulla
1886 1230 1965 1278 fere

341 1286 526 1321 dubitatio
551 1286 719 1330 supersit.
760 1286 792 1318 A
810 1287 963 1329 vepreto
989 1285 1284 1320 coniecturarum
1301 1285 1507 1320 alienarum
1525 1297 1584 1320 me
1610 1286 1787 1320 abstineo.
1834 1286 1877 1320 Id
1901 1297 1963 1321 au-

340 1344 417 1377 tem
448 1342 594 1377 adicere
625 1342 753 1383 liceat,
786 1352 859 1375 non
892 1342 1037 1376 obstare
1069 1341 1154 1376 huic
1185 1352 1278 1376 meae
1310 1341 1531 1376 coniecturae
1562 1342 1678 1376 verba
1707 1341 1865 1377 Hutteni
1895 1343 1963 1377 Bo-

339 1399 459 1433 noniae
491 1398 524 1432 d.
544 1402 573 1432 9.
592 1390 688 1443 Αιιὲζ
709 1409 739 1432 a.
759 1401 853 1432 1516.
873 1398 1010 1442 scripta
1036 1397 1160 1441 (Hutt.
1180 1397 1274 1442 opp.
1292 1397 1318 1431 I.
1336 1410 1371 1442 p.
1393 1399 1514 1442 12413)
1547 1397 1743 1440 „nondum
1782 1398 1881 1432 enim
1917 1399 1964 1432 ad

340 1455 465 1489 oculos
488 1465 590 1488 meos
614 1455 867 1498 pervenerunt
890 1454 968 1496 isti,
996 1454 1126 1498 quiqui
1150 1455 1250 1496 sunt,
1285 1454 1430 1488 obscuri
1455 1454 1541 1488 viri:
1568 1455 1668 1488 recte
1694 1454 1857 1497 obscuri,
1889 1466 1963 1489 non

341 1522 362 1545 a
392 1521 451 1544 me
482 1511 678 1544 tantum“:
709 1510 809 1554 typis
842 1511 1042 1555 exscriptas
1073 1512 1154 1544 tum
1184 1509 1350 1544 nondum
1375 1510 1522 1544 viderat
1552 1509 1747 1553 (tredecim
1772 1509 1850 1544 dies
1880 1512 1965 1555 post

340 1566 461 1601 eidem
487 1566 600 1601 Croco
626 1566 772 1611 scripsit
797 1567 952 1611 ‘Accepi
976 1566 1158 1601 Obscuros
1182 1566 1320 1600 Viros'.
1348 1565 1441 1610 Opp.
1459 1566 1482 1599 l.
1501 1577 1529 1600 c.
1547 1577 1582 1610 p.
1603 1567 1705 1610 125),
1730 1577 1853 1610 neque
1879 1565 1963 1601 Cro-

339 1623 431 1657 ticas
463 1622 564 1666 (edd.
585 1626 613 1656 1.
631 1624 682 1666 2.)
714 1633 835 1666 neque
873 1633 963 1667 quas
1000 1622 1079 1666 ipse
1116 1623 1313 1666 scripserat
1337 1622 1451 1666 (App.
1471 1621 1526 1656 ed.
1545 1626 1575 1656 3.
1595 1622 1633 1655 et
1662 1633 1744 1666 quae
1778 1622 1859 1656 tum
1895 1622 1962 1656 sub
2016 1644 2019 1646 -

339 1679 452 1723 praelo
480 1679 600 1721 erant,
633 1678 765 1721 Novae,
794 1679 849 1713 ed.
867 1682 926 1721 4.).
975 1678 1175 1713 Obstarent
1205 1679 1347 1719 autem,
1382 1677 1411 1712 si
1435 1678 1540 1712 iustae
1566 1679 1704 1721 essent,
1736 1678 1901 1713 locorum
1926 1680 1965 1714 et

339 1734 484 1769 dierum
508 1734 764 1777 indicationes,
791 1746 872 1779 quae
897 1735 919 1768 i.
937 1734 960 1768 f.
980 1734 1221 1778 epistolarum
1245 1738 1297 1768 47.
1317 1736 1355 1769 et
1371 1738 1424 1769 48.
1442 1734 1633 1769 habemus.

292 1791 507 1836 Appendeoe]
532 1792 576 1825 ut
601 1791 751 1825 ‘codex'
780 1792 818 1825 et
833 1790 968 1824 similia
986 1801 1083 1824 voce.
1122 1790 1227 1824 Hanc
1244 1790 1400 1825 formam
1416 1791 1531 1825 habet
1545 1790 1657 1825 etiam
1674 1790 1869 1836 Ducange,
1894 1803 1962 1836 pro

338 1858 442 1880 servo
461 1847 525 1891 qui
542 1847 587 1881 ab
606 1847 730 1891 aliquo
748 1847 947 1891 dependet,
965 1846 1084 1891 glebae
1103 1846 1262 1888 addicto,
1283 1848 1319 1881 et
1332 1847 1485 1881 fortasse
1501 1847 1600 1892 apud
1614 1848 1759 1881 veteres
1772 1847 1886 1881 etiam
1900 1858 1962 1892 ap-

336 1902 484 1947 pendex
500 1902 746 1937 scribebatur:
771 1903 873 1938 Paul.
892 1913 937 1937 ex
954 1902 1062 1937 Festo
1082 1902 1355 1947 „Ampendices
1372 1903 1591 1937 dicebantur
1608 1903 1654 1937 ab
1672 1902 1844 1947 antiquiS,
1863 1903 1963 1947 quod

337 1959 700 2004 circumpenderent,
726 1970 816 2004 quos
840 1970 937 1993 nunc
956 1959 1180 2003 appendices
1205 1959 1472 2004 appellamus“,
1499 1959 1601 1993 cuius
1625 1959 1875 1994 nominativus
1891 1959 1962 1993 sin-

336 2015 474 2060 gularis
490 2015 528 2048 in
546 2026 587 2049 ex
605 2015 720 2049 exisse
738 2015 895 2049 videtur.
937 2014 1094 2050 Gemma
1109 2028 1143 2060 g.
1163 2015 1387 2059 „Appendix
1405 2016 1436 2049 .i.
1456 2015 1566 2050 alicui
1584 2015 1831 2060 appendendo
1849 2015 1960 2062 adhe-

336 2082 436 2113 rens,
456 2071 705 2116 anhctnyemle.
731 2071 1016 2116 Appendicium,
1037 2072 1095 2106 ein
1113 2072 1322 2116 anlzanyent
1341 2071 1432 2117 cliny
1447 2072 1503 2106 als
1520 2072 1566 2106 ist
1584 2072 1643 2106 ein
1659 2072 1962 2116 kappenzipffel.“

521 2150 757 2207 Ei>ISTOLA
782 2174 846 2210 42.
874 2172 997 2217 (APP.
1020 2175 1074 2216 1.)
1114 2172 1365 2207 ANTONIVS
1390 2172 1434 2206 N.
1462 2172 1691 2208 ORTVINO.

247 2256 267 2286 3
291 2250 479 2285 Antonius
502 2251 564 2295 N]
590 2251 749 2285 Unicum
775 2251 988 2296 exemplum
1012 2252 1121 2285 huius
1145 2251 1189 2286 N.
1215 2262 1282 2296 pro
1308 2251 1456 2286 nomine
1482 2252 1698 2296 perscripto.

247 2311 267 2341 4
293 2307 411 2351 quasi]
438 2306 563 2351 paullo
589 2308 675 2350 post
697 2307 854 2349 futurus,
880 2308 955 2350 fast
978 2308 1096 2342 sehon.
1415 2302 1436 2324 ⁶

247 2366 266 2397 5
290 2363 415 2398 statim
433 2364 632 2408 promotus]
658 2362 826 2407 proxime
851 2364 1136 2407 promovendus.

249 2423 287 2453 11
311 2419 478 2463 novalia]
511 2418 554 2452 In
584 2418 768 2463 prioribus
800 2418 966 2463 epistolis
989 2431 1062 2454 non
1087 2420 1243 2464 legitur,
1270 2420 1335 2454 sed
1362 2422 1491 2462 ‘nova‚
1518 2420 1734 2454 novitates’.
1782 2419 1897 2454 Miror
1921 2421 1958 2454 in

334 2474 391 2508 his
416 2486 499 2519 epp.
519 2474 778 2509 ‘novalitates'
804 2486 878 2509 non
901 2476 987 2521 legi.
1038 2475 1259 2517 ‘Novalitas,
1286 2486 1344 2509 res
1368 2486 1482 2518 nova,
1510 2474 1603 2510 Gall.
1621 2477 1850 2511 nouveaute:
1877 2488 1959 2520 quae

335 2541 407 2564 vox
431 2531 469 2564 in
493 2541 649 2575 pravam
672 2531 819 2576 partem
843 2543 939 2576 saepe
966 2532 1196 2576 accipitur..
1216 2534 1254 2565 .“
1287 2531 1476 2576 Ducange.

291 2587 428 2631 sciatis]
457 2586 587 2621 erotus
612 2588 816 2631 scripsisset
841 2587 950 2622 ‘scire
977 2588 1151 2622 debetis'.

249 2647 286 2676 12
312 2643 537 2688 materialia]
569 2643 684 2677 Plane
715 2643 815 2687 quod
844 2644 1029 2688 hodieque
1061 2644 1300 2679 BIcticriciZien
1331 2643 1581 2688 appellamus,
1613 2655 1671 2679 res
1702 2644 1888 2689 praecipue
1920 2645 1958 2678 in

336 2698 522 2732 medicina
545 2699 716 2733 facienda
741 2699 979 2734 adhibendas.

292 2753 330 2787 in
353 2754 642 2799 medicinalibus]
669 2755 716 2789 ad
740 2755 1012 2791 medicamenta
1036 2756 1218 2798 facienda,
1245 2756 1519 2800 componenda,
1545 2768 1619 2791 non
1645 2756 1699 2790 ‘in
1724 2757 1858 2791 nostris
1882 2768 1956 2791 me-

335 2808 554 2843 dicinalibus
576 2810 741 2844 tabernis
765 2811 841 2846 sive
867 2812 1078 2856 apothecis⁷
1105 2814 1170 2847 aut
1183 2809 1251 2846 “in
1275 2812 1558 2846 medicinalibus
1583 2812 1755 2847 artibus’.

248 2867 288 2897 14
312 2865 486 2909 apotecis]
514 2865 720 2909 ‘Apotheca
738 2867 768 2900 .i.
784 2868 1094 2911 reconditorium,
1115 2870 1170 2903 ein
1189 2880 1335 2913 specery
1351 2869 1483 2913 graden,
1497 2869 1583 2903 oder
1599 2868 1783 2912 apoteckf‘
1800 2867 1957 2903 Gemma

334 2931 368 2963 g.
395 2919 446 2953 Cf.
463 2919 639 2965 Ducange
664 2922 699 2956 h.
717 2934 750 2956 v.
770 2924 807 2957 et
823 2934 922 2958 vocc.
939 2923 1082 2966 Butica,
1108 2924 1268 2970 Butigia.
1295 2925 1389 2959 Diez
1410 2923 1503 2959 WB.
1522 2935 1600 2959 voc.
1617 2924 1787 2969 Bottega.

284 2976 444 3019 peryere]
472 2975 600 3009 Crotus
625 2979 827 3021 scripsisset
853 2980 940 3013 ‘ire’
967 2980 1028 3013 vel
1055 2980 1292 3014 ‘ambulare'.
1773 3012 1779 3018 .

246 3035 287 3066 15
306 3031 619 3076 pradicationem]
653 3035 712 3075 (eu.
745 3034 840 3068 ihrer
863 3035 1031 3078 Praxis).
1079 3034 1304 3070 Substantiv.
1322 3047 1396 3070 non
1426 3036 1568 3070 habent
1591 3035 1855 3079 Vocabularia‚
1889 3036 1954 3071 sed
