<?xml version="1.0" encoding="UTF-8"?>
<!DOCTYPE html PUBLIC "-//W3C//DTD XHTML 1.0 Transitional//EN"
    "http://www.w3.org/TR/xhtml1/DTD/xhtml1-transitional.dtd">
<html xmlns="http://www.w3.org/1999/xhtml" xml:lang="en" lang="en">
 <head>
  <title>
</title>
<meta http-equiv="Content-Type" content="text/html;charset=utf-8" />
  <meta name='ocr-system' content='tesseract 3.04.00' />
  <meta name='ocr-capabilities' content='ocr_page ocr_carea ocr_par ocr_line ocrx_word'/>
</head>
<body>
  <div class='ocr_page' id='page_1' title='image "./operaquaereperir02huttuoft/operaquaereperir02huttuoft_0543.png"; bbox 0 0 2119 3522; ppageno 0'>
   <div class='ocr_carea' id='block_1_1' title="bbox 424 195 1842 240">
    <p class='ocr_par' dir='ltr' id='par_1_1' title="bbox 424 195 1842 240">
     <span class='ocr_line' id='line_1_1' title="bbox 424 195 1842 240; baseline 0.004 -6"><span class='ocrx_word' id='word_1_1' title='bbox 424 213 495 235; x_wconf 85' lang='lat' dir='ltr'>EPP.</span> <span class='ocrx_word' id='word_1_2' title='bbox 510 211 535 235; x_wconf 90' lang='lat'>3.</span> <span class='ocrx_word' id='word_1_3' title='bbox 553 211 579 235; x_wconf 83' lang='lat'>4.</span> <span class='ocrx_word' id='word_1_4' title='bbox 604 212 822 236; x_wconf 84' lang='lat' dir='ltr'>PLVMILEGVS</span> <span class='ocrx_word' id='word_1_5' title='bbox 846 213 1004 236; x_wconf 86' lang='lat' dir='ltr'><strong>ORTVINO.</strong></span> <span class='ocrx_word' id='word_1_6' title='bbox 1030 226 1072 229; x_wconf 92' lang='lat'>—</span> <span class='ocrx_word' id='word_1_7' title='bbox 1097 213 1363 237; x_wconf 74' lang='lat' dir='ltr'>CANTRIFVSORIS</span> <span class='ocrx_word' id='word_1_8' title='bbox 1388 213 1546 237; x_wconf 88' lang='lat' dir='ltr'>ORTVINO.</span> <span class='ocrx_word' id='word_1_9' title='bbox 1747 195 1842 240; x_wconf 74' lang='lat'>529</span> 
     </span>
    </p>
   </div>
   <div class='ocr_carea' id='block_1_2' title="bbox 122 269 1846 3043">
    <p class='ocr_par' dir='ltr' id='par_1_2' title="bbox 126 269 1844 313">
     <span class='ocr_line' id='line_1_2' title="bbox 126 269 1844 313; baseline 0.001 -12"><span class='ocrx_word' id='word_1_10' title='bbox 126 270 212 312; x_wconf 85' lang='lat' dir='ltr'>Pag.</span> <span class='ocrx_word' id='word_1_11' title='bbox 231 269 267 305; x_wconf 89' lang='grc'>8.</span> <span class='ocrx_word' id='word_1_12' title='bbox 1306 272 1392 313; x_wconf 81' lang='lat' dir='ltr'>Pag.</span> <span class='ocrx_word' id='word_1_13' title='bbox 1408 274 1438 305; x_wconf 87' lang='grc'>7.</span> <span class='ocrx_word' id='word_1_14' title='bbox 1456 283 1486 304; x_wconf 88' lang='grc' dir='ltr'>ν.</span> <span class='ocrx_word' id='word_1_15' title='bbox 1499 279 1532 304; x_wconf 88' lang='grc' dir='ltr'><strong>2ο</strong></span> <span class='ocrx_word' id='word_1_16' title='bbox 1608 272 1694 312; x_wconf 84' lang='lat' dir='ltr'>Pag.</span> <span class='ocrx_word' id='word_1_17' title='bbox 1708 272 1739 304; x_wconf 78' lang='lat'>8.</span> <span class='ocrx_word' id='word_1_18' title='bbox 1757 282 1787 303; x_wconf 93' lang='lat' dir='ltr'>v.</span> <span class='ocrx_word' id='word_1_19' title='bbox 1801 278 1844 303; x_wconf 83' lang='grc'><strong>26.</strong></span> 
     </span>
    </p>

    <p class='ocr_par' dir='ltr' id='par_1_3' title="bbox 128 323 1844 422">
     <span class='ocr_line' id='line_1_3' title="bbox 128 323 1844 369; baseline 0.001 -12"><span class='ocrx_word' id='word_1_20' title='bbox 128 327 169 358; x_wconf 91' lang='grc'>10</span> <span class='ocrx_word' id='word_1_21' title='bbox 194 323 527 368; x_wconf 72' lang='lat' dir='ltr'><em>quoniamquidem]</em></span> <span class='ocrx_word' id='word_1_22' title='bbox 554 325 612 358; x_wconf 83' lang='lat' dir='ltr'>lta</span> <span class='ocrx_word' id='word_1_23' title='bbox 635 335 708 358; x_wconf 88' lang='lat' dir='ltr'>non</span> <span class='ocrx_word' id='word_1_24' title='bbox 733 325 852 359; x_wconf 87' lang='lat' dir='ltr'>solum</span> <span class='ocrx_word' id='word_1_25' title='bbox 876 324 1046 369; x_wconf 83' lang='lat' dir='ltr'>Magistri</span> <span class='ocrx_word' id='word_1_26' title='bbox 1070 325 1186 359; x_wconf 89' lang='lat' dir='ltr'>nostri</span> <span class='ocrx_word' id='word_1_27' title='bbox 1211 325 1349 369; x_wconf 83' lang='lat' dir='ltr'>scripta</span> <span class='ocrx_word' id='word_1_28' title='bbox 1372 336 1438 360; x_wconf 85' lang='lat' dir='ltr'>sua</span> <span class='ocrx_word' id='word_1_29' title='bbox 1460 326 1624 369; x_wconf 80' lang='lat' dir='ltr'>incipere</span> <span class='ocrx_word' id='word_1_30' title='bbox 1649 325 1726 359; x_wconf 85' lang='lat' dir='ltr'>sere</span> <span class='ocrx_word' id='word_1_31' title='bbox 1752 324 1844 359; x_wconf 86' lang='lat' dir='ltr'>sole-</span> 
     </span>
     <span class='ocr_line' id='line_1_4' title="bbox 217 379 1029 422; baseline 0.002 -10"><span class='ocrx_word' id='word_1_32' title='bbox 217 379 318 421; x_wconf 84' lang='lat' dir='ltr'>bant,</span> <span class='ocrx_word' id='word_1_33' title='bbox 345 380 387 413; x_wconf 87' lang='lat' dir='ltr'>ut</span> <span class='ocrx_word' id='word_1_34' title='bbox 411 380 500 414; x_wconf 91' lang='lat' dir='ltr'>olim</span> <span class='ocrx_word' id='word_1_35' title='bbox 524 381 708 414; x_wconf 71' lang='lat' dir='ltr'>nostrates</span> <span class='ocrx_word' id='word_1_36' title='bbox 732 379 1029 422; x_wconf 54' lang='lat' dir='ltr'>„Sintemalen‘z</span> 
     </span>
    </p>

    <p class='ocr_par' dir='ltr' id='par_1_4' title="bbox 128 435 1844 583">
     <span class='ocr_line' id='line_1_5' title="bbox 128 435 1843 480; baseline 0.001 -12"><span class='ocrx_word' id='word_1_37' title='bbox 128 438 167 468; x_wconf 87' lang='lat'>11</span> <span class='ocrx_word' id='word_1_38' title='bbox 194 437 298 469; x_wconf 79' lang='lat' dir='ltr'>tract.</span> <span class='ocrx_word' id='word_1_39' title='bbox 317 435 481 470; x_wconf 77' lang='lat' dir='ltr'>levitates</span> <span class='ocrx_word' id='word_1_40' title='bbox 504 436 554 470; x_wconf 77' lang='lat' dir='ltr'>ad</span> <span class='ocrx_word' id='word_1_41' title='bbox 578 437 700 480; x_wconf 64' lang='lat' dir='ltr'>invia]</span> <span class='ocrx_word' id='word_1_42' title='bbox 726 449 772 478; x_wconf 88' lang='lat' dir='ltr'>sq.</span> <span class='ocrx_word' id='word_1_43' title='bbox 788 449 817 471; x_wconf 87' lang='lat' dir='ltr'>v.</span> <span class='ocrx_word' id='word_1_44' title='bbox 832 446 874 471; x_wconf 83' lang='grc'><strong>23.</strong></span> <span class='ocrx_word' id='word_1_45' title='bbox 893 436 1020 479; x_wconf 82' lang='lat' dir='ltr'>docet,</span> <span class='ocrx_word' id='word_1_46' title='bbox 1053 436 1342 471; x_wconf 85' lang='lat' dir='ltr'>Cantrifusorem</span> <span class='ocrx_word' id='word_1_47' title='bbox 1372 437 1526 471; x_wconf 89' lang='lat' dir='ltr'>innuere</span> <span class='ocrx_word' id='word_1_48' title='bbox 1558 448 1630 471; x_wconf 91' lang='lat' dir='ltr'>non</span> <span class='ocrx_word' id='word_1_49' title='bbox 1663 437 1781 471; x_wconf 90' lang='lat' dir='ltr'>solum</span> <span class='ocrx_word' id='word_1_50' title='bbox 1806 438 1843 470; x_wconf 90' lang='lat' dir='ltr'>in</span> 
     </span>
     <span class='ocr_line' id='line_1_6' title="bbox 217 491 1844 535; baseline 0.001 -11"><span class='ocrx_word' id='word_1_51' title='bbox 217 491 473 534; x_wconf 72' lang='lat' dir='ltr'>petulantibus</span> <span class='ocrx_word' id='word_1_52' title='bbox 502 491 591 526; x_wconf 88' lang='lat' dir='ltr'>iocis</span> <span class='ocrx_word' id='word_1_53' title='bbox 618 492 834 535; x_wconf 85' lang='lat' dir='ltr'>lusibusque</span> <span class='ocrx_word' id='word_1_54' title='bbox 864 492 1140 534; x_wconf 81' lang='lat' dir='ltr'>innocentibus,</span> <span class='ocrx_word' id='word_1_55' title='bbox 1176 493 1240 527; x_wconf 88' lang='lat' dir='ltr'>sed</span> <span class='ocrx_word' id='word_1_56' title='bbox 1269 493 1456 527; x_wconf 84' lang='lat' dir='ltr'>dissolutis</span> <span class='ocrx_word' id='word_1_57' title='bbox 1487 494 1599 527; x_wconf 84' lang='lat' dir='ltr'>etiam</span> <span class='ocrx_word' id='word_1_58' title='bbox 1629 493 1844 528; x_wconf 75' lang='lat' dir='ltr'>exercendis</span> 
     </span>
     <span class='ocr_line' id='line_1_7' title="bbox 217 545 1462 583; baseline 0.002 -3"><span class='ocrx_word' id='word_1_59' title='bbox 217 546 306 580; x_wconf 88' lang='lat' dir='ltr'>olim</span> <span class='ocrx_word' id='word_1_60' title='bbox 332 545 528 580; x_wconf 88' lang='lat' dir='ltr'>Ortvinum</span> <span class='ocrx_word' id='word_1_61' title='bbox 552 548 691 582; x_wconf 85' lang='lat' dir='ltr'>socium</span> <span class='ocrx_word' id='word_1_62' title='bbox 717 558 754 581; x_wconf 84' lang='lat' dir='ltr'>se</span> <span class='ocrx_word' id='word_1_63' title='bbox 779 547 962 582; x_wconf 82' lang='lat' dir='ltr'>habuisse.</span> <span class='ocrx_word' id='word_1_64' title='bbox 1011 548 1054 582; x_wconf 87' lang='lat' dir='ltr'>cf.</span> <span class='ocrx_word' id='word_1_65' title='bbox 1075 550 1194 583; x_wconf 82' lang='lat'>14⁹·10.</span> <span class='ocrx_word' id='word_1_66' title='bbox 1212 549 1462 583; x_wconf 66' lang='lat' dir='ltr'>20²³-S‘1‘1·.&amp;c.</span> 
     </span>
    </p>

    <p class='ocr_par' dir='ltr' id='par_1_5' title="bbox 170 599 1215 647">
     <span class='ocr_line' id='line_1_8' title="bbox 170 599 1215 647; baseline 0.001 -11"><span class='ocrx_word' id='word_1_67' title='bbox 170 611 244 636; x_wconf 70' lang='lat' dir='ltr'>‘non</span> <span class='ocrx_word' id='word_1_68' title='bbox 269 605 318 636; x_wconf 82' lang='lat' dir='ltr'>est</span> <span class='ocrx_word' id='word_1_69' title='bbox 343 613 431 636; x_wconf 36' lang='lat' dir='ltr'>carra</span> <span class='ocrx_word' id='word_1_70' title='bbox 455 603 566 647; x_wconf 76' lang='lat' dir='ltr'>vobis]</span> <span class='ocrx_word' id='word_1_71' title='bbox 591 614 665 637; x_wconf 91' lang='lat' dir='ltr'>non</span> <span class='ocrx_word' id='word_1_72' title='bbox 689 599 845 637; x_wconf 68' lang='lat' dir='ltr'>mole&#39;ste</span> <span class='ocrx_word' id='word_1_73' title='bbox 871 603 956 645; x_wconf 88' lang='lat' dir='ltr'>fers,</span> <span class='ocrx_word' id='word_1_74' title='bbox 981 604 1074 637; x_wconf 90' lang='lat' dir='ltr'>nihil</span> <span class='ocrx_word' id='word_1_75' title='bbox 1099 615 1215 638; x_wconf 84' lang='lat' dir='ltr'>curas.</span> 
     </span>
    </p>

    <p class='ocr_par' dir='ltr' id='par_1_6' title="bbox 128 658 1846 749">
     <span class='ocr_line' id='line_1_9' title="bbox 128 658 1846 704; baseline 0.002 -13"><span class='ocrx_word' id='word_1_76' title='bbox 128 661 168 691; x_wconf 88' lang='grc'>12</span> <span class='ocrx_word' id='word_1_77' title='bbox 193 658 352 692; x_wconf 82' lang='lat' dir='ltr'>fantasia</span> <span class='ocrx_word' id='word_1_78' title='bbox 375 658 409 692; x_wconf 88' lang='lat' dir='ltr'>h.</span> <span class='ocrx_word' id='word_1_79' title='bbox 427 658 462 700; x_wconf 93' lang='lat' dir='ltr'>l.,</span> <span class='ocrx_word' id='word_1_80' title='bbox 489 659 531 692; x_wconf 88' lang='lat' dir='ltr'>ut</span> <span class='ocrx_word' id='word_1_81' title='bbox 558 662 636 700; x_wconf 78' lang='lat'>12⁷,</span> <span class='ocrx_word' id='word_1_82' title='bbox 672 660 728 693; x_wconf 87' lang='lat' dir='ltr'>est</span> <span class='ocrx_word' id='word_1_83' title='bbox 759 660 918 694; x_wconf 77' lang='lat' dir='ltr'>clammes</span> <span class='ocrx_word' id='word_1_84' title='bbox 941 660 1060 704; x_wconf 74' lang='lat' dir='ltr'>Zeuy,</span> <span class='ocrx_word' id='word_1_85' title='bbox 1092 660 1282 694; x_wconf 77' lang='lat' dir='ltr'>schlechtcr</span> <span class='ocrx_word' id='word_1_86' title='bbox 1312 660 1358 694; x_wconf 89' lang='lat' dir='ltr'><em>W</em></span> <span class='ocrx_word' id='word_1_87' title='bbox 1360 661 1427 703; x_wconf 68' lang='lat' dir='ltr'>itz,</span> <span class='ocrx_word' id='word_1_88' title='bbox 1456 661 1659 695; x_wconf 47' lang='lat' dir='ltr'>verli-ehrter</span> <span class='ocrx_word' id='word_1_89' title='bbox 1683 661 1846 704; x_wconf 70' lang='lat' dir='ltr'>Eiozfall,</span> 
     </span>
     <span class='ocr_line' id='line_1_10' title="bbox 216 713 823 749; baseline 0.002 -1"><span class='ocrx_word' id='word_1_90' title='bbox 216 714 320 748; x_wconf 75' lang='lat' dir='ltr'>toller</span> <span class='ocrx_word' id='word_1_91' title='bbox 343 713 494 748; x_wconf 77' lang='lat' dir='ltr'>Strez‘ch.</span> <span class='ocrx_word' id='word_1_92' title='bbox 544 714 588 748; x_wconf 87' lang='lat' dir='ltr'>cf.</span> <span class='ocrx_word' id='word_1_93' title='bbox 609 716 694 749; x_wconf 70' lang='lat'><strong>17²⁶.</strong></span> <span class='ocrx_word' id='word_1_94' title='bbox 713 716 823 749; x_wconf 76' lang='lat'>29927.</span> 
     </span>
    </p>

    <p class='ocr_par' dir='ltr' id='par_1_7' title="bbox 170 770 853 814">
     <span class='ocr_line' id='line_1_11' title="bbox 170 770 853 814; baseline -0.001 -10"><span class='ocrx_word' id='word_1_95' title='bbox 170 771 243 804; x_wconf 86' lang='lat' dir='ltr'>toll.</span> <span class='ocrx_word' id='word_1_96' title='bbox 261 771 303 803; x_wconf 76' lang='lat' dir='ltr'>in</span> <span class='ocrx_word' id='word_1_97' title='bbox 326 770 460 804; x_wconf 82' lang='lat' dir='ltr'>malam</span> <span class='ocrx_word' id='word_1_98' title='bbox 478 771 636 814; x_wconf 75' lang='lat' dir='ltr'>partem]</span> <span class='ocrx_word' id='word_1_99' title='bbox 662 770 706 804; x_wconf 87' lang='lat' dir='ltr'>cf.</span> <span class='ocrx_word' id='word_1_100' title='bbox 722 770 768 804; x_wconf 83' lang='lat' dir='ltr'>ad</span> <span class='ocrx_word' id='word_1_101' title='bbox 787 775 806 804; x_wconf 88' lang='lat'>5</span> <span class='ocrx_word' id='word_1_102' title='bbox 820 771 853 803; x_wconf 71' lang='lat'>¹⁴.</span> 
     </span>
    </p>

    <p class='ocr_par' dir='ltr' id='par_1_8' title="bbox 127 825 1012 869">
     <span class='ocr_line' id='line_1_12' title="bbox 127 825 1012 869; baseline 0 -9"><span class='ocrx_word' id='word_1_103' title='bbox 127 831 166 860; x_wconf 86' lang='lat'>13</span> <span class='ocrx_word' id='word_1_104' title='bbox 191 825 472 869; x_wconf 70' lang='lat' dir='ltr'>cavillationem]</span> <span class='ocrx_word' id='word_1_105' title='bbox 498 825 802 867; x_wconf 80' lang='lat' dir='ltr'>ludificationem,</span> <span class='ocrx_word' id='word_1_106' title='bbox 829 826 1012 861; x_wconf 75' lang='lat' dir='ltr'>Neckcree&#39;.</span> 
     </span>
    </p>

    <p class='ocr_par' dir='ltr' id='par_1_9' title="bbox 126 881 532 925">
     <span class='ocr_line' id='line_1_13' title="bbox 126 881 532 925; baseline -0.005 -9"><span class='ocrx_word' id='word_1_107' title='bbox 126 886 167 916; x_wconf 72' lang='lat'>14</span> <span class='ocrx_word' id='word_1_108' title='bbox 191 882 327 925; x_wconf 68' lang='lat' dir='ltr'>taliter]</span> <span class='ocrx_word' id='word_1_109' title='bbox 354 881 532 915; x_wconf 89' lang='lat' dir='ltr'>similiter.</span> 
     </span>
    </p>

    <p class='ocr_par' dir='ltr' id='par_1_10' title="bbox 126 937 1618 983">
     <span class='ocr_line' id='line_1_14' title="bbox 126 937 1618 983; baseline 0.001 -11"><span class='ocrx_word' id='word_1_110' title='bbox 126 942 256 972; x_wconf 82' lang='lat'>15...17</span> <span class='ocrx_word' id='word_1_111' title='bbox 281 938 338 972; x_wconf 74' lang='lat' dir='ltr'>hic</span> <span class='ocrx_word' id='word_1_112' title='bbox 364 964 369 970; x_wconf 93' lang='lat'>.</span> <span class='ocrx_word' id='word_1_113' title='bbox 390 964 419 970; x_wconf 92' lang='lat'>..</span> <span class='ocrx_word' id='word_1_114' title='bbox 440 937 629 981; x_wconf 74' lang='lat' dir='ltr'>Georyius]</span> <span class='ocrx_word' id='word_1_115' title='bbox 655 937 894 982; x_wconf 83' lang='lat' dir='ltr'>Vitenbergae</span> <span class='ocrx_word' id='word_1_116' title='bbox 921 965 927 971; x_wconf 94' lang='lat'><em>.</em></span> <span class='ocrx_word' id='word_1_117' title='bbox 948 965 953 971; x_wconf 94' lang='lat'>.</span> <span class='ocrx_word' id='word_1_118' title='bbox 973 965 979 971; x_wconf 90' lang='lat'>.</span> <span class='ocrx_word' id='word_1_119' title='bbox 1000 938 1182 983; x_wconf 83' lang='lat' dir='ltr'>Georgius</span> <span class='ocrx_word' id='word_1_120' title='bbox 1208 938 1368 973; x_wconf 87' lang='lat' dir='ltr'>Sibutus.</span> <span class='ocrx_word' id='word_1_121' title='bbox 1417 940 1460 973; x_wconf 89' lang='lat' dir='ltr'>cf.</span> <span class='ocrx_word' id='word_1_122' title='bbox 1480 940 1526 973; x_wconf 80' lang='lat' dir='ltr'>ad</span> <span class='ocrx_word' id='word_1_123' title='bbox 1552 941 1618 974; x_wconf 80' lang='lat'><strong>7¹².</strong></span> 
     </span>
    </p>

    <p class='ocr_par' dir='ltr' id='par_1_11' title="bbox 127 993 640 1037">
     <span class='ocr_line' id='line_1_15' title="bbox 127 993 640 1037; baseline -0.002 -10"><span class='ocrx_word' id='word_1_124' title='bbox 127 998 167 1028; x_wconf 84' lang='lat'>15</span> <span class='ocrx_word' id='word_1_125' title='bbox 185 993 411 1037; x_wconf 65' lang='lat' dir='ltr'>profundas]</span> <span class='ocrx_word' id='word_1_126' title='bbox 438 993 482 1027; x_wconf 87' lang='lat' dir='ltr'>cf.</span> <span class='ocrx_word' id='word_1_127' title='bbox 501 993 547 1027; x_wconf 84' lang='lat' dir='ltr'>ad</span> <span class='ocrx_word' id='word_1_128' title='bbox 573 994 640 1027; x_wconf 79' lang='lat'><strong>6²⁷.</strong></span> 
     </span>
    </p>

    <p class='ocr_par' dir='ltr' id='par_1_12' title="bbox 125 1049 1842 1150">
     <span class='ocr_line' id='line_1_16' title="bbox 125 1049 1842 1096; baseline 0.002 -13"><span class='ocrx_word' id='word_1_129' title='bbox 125 1053 165 1083; x_wconf 88' lang='grc'>16</span> <span class='ocrx_word' id='word_1_130' title='bbox 190 1050 446 1093; x_wconf 61' lang='lat' dir='ltr'>speculativam]</span> <span class='ocrx_word' id='word_1_131' title='bbox 473 1050 685 1093; x_wconf 66' lang='lat' dir='ltr'>mmcslmlc&#39;y.</span> <span class='ocrx_word' id='word_1_132' title='bbox 709 1049 865 1084; x_wconf 82' lang='lat' dir='ltr'>Gemma</span> <span class='ocrx_word' id='word_1_133' title='bbox 882 1062 916 1094; x_wconf 89' lang='lat' dir='ltr'>g.</span> <span class='ocrx_word' id='word_1_134' title='bbox 947 1050 969 1084; x_wconf 89' lang='lat' dir='ltr'>i.</span> <span class='ocrx_word' id='word_1_135' title='bbox 989 1061 1018 1084; x_wconf 92' lang='lat' dir='ltr'>e.</span> <span class='ocrx_word' id='word_1_136' title='bbox 1037 1051 1101 1094; x_wconf 87' lang='lat' dir='ltr'>qui</span> <span class='ocrx_word' id='word_1_137' title='bbox 1126 1062 1241 1086; x_wconf 80' lang='lat' dir='ltr'>novas</span> <span class='ocrx_word' id='word_1_138' title='bbox 1270 1051 1492 1095; x_wconf 85' lang='lat' dir='ltr'>quaestiones</span> <span class='ocrx_word' id='word_1_139' title='bbox 1518 1063 1720 1096; x_wconf 85' lang='lat' dir='ltr'>earumque</span> <span class='ocrx_word' id='word_1_140' title='bbox 1746 1064 1842 1087; x_wconf 86' lang='lat' dir='ltr'>reso-</span> 
     </span>
     <span class='ocr_line' id='line_1_17' title="bbox 213 1099 1241 1150; baseline -0.001 -11"><span class='ocrx_word' id='word_1_141' title='bbox 213 1105 376 1140; x_wconf 88' lang='lat' dir='ltr'>lutiones</span> <span class='ocrx_word' id='word_1_142' title='bbox 400 1105 509 1139; x_wconf 82' lang='lat' dir='ltr'>facile</span> <span class='ocrx_word' id='word_1_143' title='bbox 536 1106 733 1150; x_wconf 79' lang='lat' dir='ltr'>excogitat.</span> <span class='ocrx_word' id='word_1_144' title='bbox 1236 1099 1241 1101; x_wconf 50' lang='grc'><strong><em>’</em></strong></span> 
     </span>
    </p>

    <p class='ocr_par' dir='ltr' id='par_1_13' title="bbox 126 1161 1845 1980">
     <span class='ocr_line' id='line_1_18' title="bbox 126 1161 1842 1210; baseline 0.001 -14"><span class='ocrx_word' id='word_1_145' title='bbox 126 1166 166 1196; x_wconf 86' lang='grc'>19</span> <span class='ocrx_word' id='word_1_146' title='bbox 191 1161 349 1206; x_wconf 75' lang='lat' dir='ltr'>collatio]</span> <span class='ocrx_word' id='word_1_147' title='bbox 375 1161 525 1206; x_wconf 83' lang='lat' dir='ltr'>proprie</span> <span class='ocrx_word' id='word_1_148' title='bbox 552 1162 607 1195; x_wconf 88' lang='lat' dir='ltr'>est</span> <span class='ocrx_word' id='word_1_149' title='bbox 631 1161 731 1205; x_wconf 86' lang='lat' dir='ltr'>quod</span> <span class='ocrx_word' id='word_1_150' title='bbox 755 1161 865 1195; x_wconf 90' lang='lat' dir='ltr'>hodie</span> <span class='ocrx_word' id='word_1_151' title='bbox 883 1162 1080 1196; x_wconf 39' lang='lat' dir='ltr'>Pieli-emeli·</span> <span class='ocrx_word' id='word_1_152' title='bbox 1106 1162 1253 1205; x_wconf 84' lang='lat' dir='ltr'>dicitur,</span> <span class='ocrx_word' id='word_1_153' title='bbox 1280 1164 1492 1198; x_wconf 87' lang='lat' dir='ltr'>convivium</span> <span class='ocrx_word' id='word_1_154' title='bbox 1518 1165 1564 1199; x_wconf 84' lang='lat' dir='ltr'>ad</span> <span class='ocrx_word' id='word_1_155' title='bbox 1590 1165 1689 1208; x_wconf 89' lang='lat' dir='ltr'>quod</span> <span class='ocrx_word' id='word_1_156' title='bbox 1713 1176 1842 1210; x_wconf 83' lang='lat' dir='ltr'>paran-</span> 
     </span>
     <span class='ocr_line' id='line_1_19' title="bbox 215 1217 1845 1263; baseline 0.003 -13"><span class='ocrx_word' id='word_1_157' title='bbox 215 1217 303 1251; x_wconf 87' lang='lat' dir='ltr'>dum</span> <span class='ocrx_word' id='word_1_158' title='bbox 333 1228 427 1251; x_wconf 87' lang='lat' dir='ltr'>unus</span> <span class='ocrx_word' id='word_1_159' title='bbox 460 1217 616 1261; x_wconf 84' lang='lat' dir='ltr'>quisque</span> <span class='ocrx_word' id='word_1_160' title='bbox 648 1217 831 1251; x_wconf 86' lang='lat' dir='ltr'>sociorum</span> <span class='ocrx_word' id='word_1_161' title='bbox 856 1218 998 1262; x_wconf 82' lang='lat' dir='ltr'>aliquid</span> <span class='ocrx_word' id='word_1_162' title='bbox 1031 1218 1197 1252; x_wconf 87' lang='lat' dir='ltr'>ciborum</span> <span class='ocrx_word' id='word_1_163' title='bbox 1228 1220 1384 1263; x_wconf 87' lang='lat' dir='ltr'>potusve</span> <span class='ocrx_word' id='word_1_164' title='bbox 1411 1220 1571 1263; x_wconf 81' lang='lat' dir='ltr'>confert,</span> <span class='ocrx_word' id='word_1_165' title='bbox 1605 1221 1670 1255; x_wconf 88' lang='lat' dir='ltr'>sed</span> <span class='ocrx_word' id='word_1_166' title='bbox 1694 1221 1729 1255; x_wconf 89' lang='lat' dir='ltr'>h.</span> <span class='ocrx_word' id='word_1_167' title='bbox 1746 1221 1769 1255; x_wconf 93' lang='lat' dir='ltr'>l.</span> <span class='ocrx_word' id='word_1_168' title='bbox 1788 1224 1845 1256; x_wconf 85' lang='lat' dir='ltr'>est</span> 
     </span>
     <span class='ocr_line' id='line_1_20' title="bbox 213 1266 1843 1320; baseline 0.003 -14"><span class='ocrx_word' id='word_1_169' title='bbox 213 1273 333 1317; x_wconf 85' lang='lat' dir='ltr'>ipsum</span> <span class='ocrx_word' id='word_1_170' title='bbox 357 1273 560 1307; x_wconf 86' lang='lat' dir='ltr'>serotinum</span> <span class='ocrx_word' id='word_1_171' title='bbox 585 1266 848 1307; x_wconf 84' lang='lat' dir='ltr'>monachorum</span> <span class='ocrx_word' id='word_1_172' title='bbox 867 1274 1089 1308; x_wconf 89' lang='lat' dir='ltr'>convivium.</span> <span class='ocrx_word' id='word_1_173' title='bbox 1116 1285 1227 1318; x_wconf 83' lang='lat' dir='ltr'>quam</span> <span class='ocrx_word' id='word_1_174' title='bbox 1245 1275 1571 1320; x_wconf 78' lang='lat' dir='ltr'>significationem,</span> <span class='ocrx_word' id='word_1_175' title='bbox 1598 1276 1627 1310; x_wconf 88' lang='lat' dir='ltr'>si</span> <span class='ocrx_word' id='word_1_176' title='bbox 1651 1277 1843 1311; x_wconf 79' lang='lat' dir='ltr'>historiam</span> 
     </span>
     <span class='ocr_line' id='line_1_21' title="bbox 212 1329 1843 1377; baseline 0.003 -15"><span class='ocrx_word' id='word_1_177' title='bbox 212 1330 370 1371; x_wconf 86' lang='lat' dir='ltr'>tantum,</span> <span class='ocrx_word' id='word_1_178' title='bbox 390 1340 463 1363; x_wconf 89' lang='lat' dir='ltr'>non</span> <span class='ocrx_word' id='word_1_179' title='bbox 479 1329 745 1373; x_wconf 76' lang='lat' dir='ltr'>etymologiam</span> <span class='ocrx_word' id='word_1_180' title='bbox 763 1330 990 1373; x_wconf 84' lang='lat' dir='ltr'>respicimus,</span> <span class='ocrx_word' id='word_1_181' title='bbox 1010 1332 1110 1364; x_wconf 86' lang='lat' dir='ltr'>recte</span> <span class='ocrx_word' id='word_1_182' title='bbox 1129 1330 1179 1364; x_wconf 85' lang='lat' dir='ltr'>sic</span> <span class='ocrx_word' id='word_1_183' title='bbox 1198 1331 1360 1374; x_wconf 81' lang='lat' dir='ltr'>explicat</span> <span class='ocrx_word' id='word_1_184' title='bbox 1372 1332 1586 1377; x_wconf 78' lang='lat' dir='ltr'>Duc-angius</span> <span class='ocrx_word' id='word_1_185' title='bbox 1603 1334 1670 1367; x_wconf 82' lang='lat' dir='ltr'>art.</span> <span class='ocrx_word' id='word_1_186' title='bbox 1688 1333 1843 1368; x_wconf 68' lang='lat' dir='ltr'>Collatio</span> 
     </span>
     <span class='ocr_line' id='line_1_22' title="bbox 215 1384 1843 1432; baseline 0.004 -15"><span class='ocrx_word' id='word_1_187' title='bbox 215 1384 346 1428; x_wconf 83' lang='lat' dir='ltr'>„apud</span> <span class='ocrx_word' id='word_1_188' title='bbox 363 1385 563 1418; x_wconf 83' lang='lat' dir='ltr'>monachos</span> <span class='ocrx_word' id='word_1_189' title='bbox 580 1385 785 1428; x_wconf 71' lang='lat' dir='ltr'>praesertim</span> <span class='ocrx_word' id='word_1_190' title='bbox 805 1386 940 1419; x_wconf 87' lang='lat' dir='ltr'>dicitur</span> <span class='ocrx_word' id='word_1_191' title='bbox 957 1396 1143 1419; x_wconf 78' lang='lat' dir='ltr'>sacrorum</span> <span class='ocrx_word' id='word_1_192' title='bbox 1162 1387 1340 1420; x_wconf 87' lang='lat' dir='ltr'>librorum</span> <span class='ocrx_word' id='word_1_193' title='bbox 1358 1387 1481 1430; x_wconf 85' lang='lat' dir='ltr'>lectio,</span> <span class='ocrx_word' id='word_1_194' title='bbox 1508 1400 1589 1432; x_wconf 82' lang='lat' dir='ltr'>quae</span> <span class='ocrx_word' id='word_1_195' title='bbox 1612 1390 1716 1423; x_wconf 80' lang='lat' dir='ltr'>statis</span> <span class='ocrx_word' id='word_1_196' title='bbox 1733 1390 1843 1432; x_wconf 84' lang='lat' dir='ltr'>horis,</span> 
     </span>
     <span class='ocr_line' id='line_1_23' title="bbox 213 1441 1844 1487; baseline 0.004 -14"><span class='ocrx_word' id='word_1_197' title='bbox 213 1441 372 1474; x_wconf 81' lang='lat' dir='ltr'>maxime</span> <span class='ocrx_word' id='word_1_198' title='bbox 404 1442 487 1485; x_wconf 87' lang='lat' dir='ltr'>post</span> <span class='ocrx_word' id='word_1_199' title='bbox 511 1452 651 1475; x_wconf 81' lang='lat' dir='ltr'>caenam</span> <span class='ocrx_word' id='word_1_200' title='bbox 677 1451 800 1475; x_wconf 85' lang='lat' dir='ltr'>coram</span> <span class='ocrx_word' id='word_1_201' title='bbox 824 1441 868 1474; x_wconf 88' lang='lat' dir='ltr'>iis</span> <span class='ocrx_word' id='word_1_202' title='bbox 894 1441 1017 1475; x_wconf 82' lang='lat' dir='ltr'>fiebat.</span> <span class='ocrx_word' id='word_1_203' title='bbox 1073 1441 1132 1475; x_wconf 79' lang='lat' dir='ltr'>Sic</span> <span class='ocrx_word' id='word_1_204' title='bbox 1164 1443 1289 1476; x_wconf 78' lang='lat' dir='ltr'>autem</span> <span class='ocrx_word' id='word_1_205' title='bbox 1321 1443 1422 1477; x_wconf 86' lang='lat' dir='ltr'>dicta</span> <span class='ocrx_word' id='word_1_206' title='bbox 1444 1444 1549 1487; x_wconf 81' lang='lat' dir='ltr'>quasi</span> <span class='ocrx_word' id='word_1_207' title='bbox 1573 1445 1759 1479; x_wconf 73' lang='lat' dir='ltr'>collocutio</span> <span class='ocrx_word' id='word_1_208' title='bbox 1783 1446 1844 1479; x_wconf 86' lang='lat' dir='ltr'>vel</span> 
     </span>
     <span class='ocr_line' id='line_1_24' title="bbox 212 1496 1843 1543; baseline 0.002 -13"><span class='ocrx_word' id='word_1_209' title='bbox 212 1496 473 1539; x_wconf 65' lang='lat' dir='ltr'>confabulatio,</span> <span class='ocrx_word' id='word_1_210' title='bbox 494 1497 616 1540; x_wconf 86' lang='lat' dir='ltr'>inquit</span> <span class='ocrx_word' id='word_1_211' title='bbox 634 1496 858 1541; x_wconf 79' lang='lat' dir='ltr'>Smaragdus</span> <span class='ocrx_word' id='word_1_212' title='bbox 876 1524 883 1531; x_wconf 90' lang='lat'><strong>.</strong></span> <span class='ocrx_word' id='word_1_213' title='bbox 903 1525 910 1531; x_wconf 89' lang='lat'><strong><em>.</em></strong></span> <span class='ocrx_word' id='word_1_214' title='bbox 929 1524 936 1531; x_wconf 90' lang='lat'><strong>.</strong></span> <span class='ocrx_word' id='word_1_215' title='bbox 956 1525 963 1531; x_wconf 93' lang='lat'>.</span> <span class='ocrx_word' id='word_1_216' title='bbox 1002 1498 1034 1530; x_wconf 92' lang='lat' dir='ltr'><strong>A</strong></span> <span class='ocrx_word' id='word_1_217' title='bbox 1052 1497 1311 1532; x_wconf 83' lang='lat' dir='ltr'>collationibus</span> <span class='ocrx_word' id='word_1_218' title='bbox 1328 1500 1552 1542; x_wconf 86' lang='lat' dir='ltr'>monasticis,</span> <span class='ocrx_word' id='word_1_219' title='bbox 1579 1500 1713 1543; x_wconf 86' lang='lat' dir='ltr'>quibus</span> <span class='ocrx_word' id='word_1_220' title='bbox 1730 1499 1843 1534; x_wconf 87' lang='lat' dir='ltr'>finitis</span> 
     </span>
     <span class='ocr_line' id='line_1_25' title="bbox 213 1552 1841 1598; baseline 0.002 -11"><span class='ocrx_word' id='word_1_221' title='bbox 213 1553 260 1587; x_wconf 83' lang='lat' dir='ltr'>ad</span> <span class='ocrx_word' id='word_1_222' title='bbox 285 1552 505 1586; x_wconf 85' lang='lat' dir='ltr'>bibitionem</span> <span class='ocrx_word' id='word_1_223' title='bbox 522 1552 664 1595; x_wconf 83' lang='lat' dir='ltr'>ibatur,</span> <span class='ocrx_word' id='word_1_224' title='bbox 697 1554 867 1588; x_wconf 73' lang='lat' dir='ltr'>serotinae</span> <span class='ocrx_word' id='word_1_225' title='bbox 886 1564 985 1588; x_wconf 81' lang='lat' dir='ltr'>cenae</span> <span class='ocrx_word' id='word_1_226' title='bbox 1003 1553 1238 1588; x_wconf 72' lang='lat' dir='ltr'>collationum</span> <span class='ocrx_word' id='word_1_227' title='bbox 1256 1554 1548 1598; x_wconf 85' lang='lat' dir='ltr'>appellationem</span> <span class='ocrx_word' id='word_1_228' title='bbox 1566 1556 1703 1590; x_wconf 86' lang='lat' dir='ltr'>sortitae</span> <span class='ocrx_word' id='word_1_229' title='bbox 1721 1558 1841 1590; x_wconf 79' lang='lat' dir='ltr'>sunt.“</span> 
     </span>
     <span class='ocr_line' id='line_1_26' title="bbox 215 1608 1841 1655; baseline 0.002 -13"><span class='ocrx_word' id='word_1_230' title='bbox 215 1608 288 1643; x_wconf 85' lang='lat' dir='ltr'>Sed</span> <span class='ocrx_word' id='word_1_231' title='bbox 313 1608 441 1643; x_wconf 84' lang='lat' dir='ltr'>adicit:</span> <span class='ocrx_word' id='word_1_232' title='bbox 469 1608 597 1651; x_wconf 77' lang='lat' dir='ltr'>„Nam</span> <span class='ocrx_word' id='word_1_233' title='bbox 622 1609 684 1643; x_wconf 80' lang='lat' dir='ltr'>vix</span> <span class='ocrx_word' id='word_1_234' title='bbox 702 1610 758 1643; x_wconf 90' lang='lat' dir='ltr'>est</span> <span class='ocrx_word' id='word_1_235' title='bbox 773 1610 816 1643; x_wconf 87' lang='lat' dir='ltr'>ut</span> <span class='ocrx_word' id='word_1_236' title='bbox 830 1610 1003 1654; x_wconf 85' lang='lat' dir='ltr'>probem,</span> <span class='ocrx_word' id='word_1_237' title='bbox 1031 1609 1130 1653; x_wconf 86' lang='lat' dir='ltr'>quod</span> <span class='ocrx_word' id='word_1_238' title='bbox 1153 1610 1305 1654; x_wconf 83' lang='lat' dir='ltr'>quidam</span> <span class='ocrx_word' id='word_1_239' title='bbox 1323 1610 1468 1653; x_wconf 88' lang='lat' dir='ltr'>volunt,</span> <span class='ocrx_word' id='word_1_240' title='bbox 1495 1611 1667 1646; x_wconf 87' lang='lat' dir='ltr'>vocabuli</span> <span class='ocrx_word' id='word_1_241' title='bbox 1691 1613 1841 1655; x_wconf 88' lang='lat' dir='ltr'>etymon</span> 
     </span>
     <span class='ocr_line' id='line_1_27' title="bbox 213 1664 1843 1710; baseline 0.002 -12"><span class='ocrx_word' id='word_1_242' title='bbox 213 1664 353 1698; x_wconf 84' lang='lat' dir='ltr'>hauriri</span> <span class='ocrx_word' id='word_1_243' title='bbox 376 1664 512 1699; x_wconf 87' lang='lat' dir='ltr'>debere</span> <span class='ocrx_word' id='word_1_244' title='bbox 538 1676 559 1699; x_wconf 85' lang='lat' dir='ltr'>a</span> <span class='ocrx_word' id='word_1_245' title='bbox 583 1676 771 1700; x_wconf 84' lang='lat' dir='ltr'>coenarum</span> <span class='ocrx_word' id='word_1_246' title='bbox 797 1666 951 1710; x_wconf 86' lang='lat' dir='ltr'>antiqua</span> <span class='ocrx_word' id='word_1_247' title='bbox 975 1665 1191 1708; x_wconf 84' lang='lat' dir='ltr'>collatione,</span> <span class='ocrx_word' id='word_1_248' title='bbox 1225 1677 1336 1709; x_wconf 80' lang='lat' dir='ltr'>quam</span> <span class='ocrx_word' id='word_1_249' title='bbox 1363 1666 1567 1701; x_wconf 87' lang='lat' dir='ltr'>Concilium</span> <span class='ocrx_word' id='word_1_250' title='bbox 1591 1666 1843 1702; x_wconf 84' lang='lat' dir='ltr'>Laodicenum</span> 
     </span>
     <span class='ocr_line' id='line_1_28' title="bbox 214 1718 1843 1766; baseline 0.002 -11"><span class='ocrx_word' id='word_1_251' title='bbox 214 1718 255 1755; x_wconf 79' lang='grc' dir='ltr'>ἐκ</span> <span class='ocrx_word' id='word_1_252' title='bbox 279 1721 469 1765; x_wconf 79' lang='grc' dir='ltr'><strong><em>συμβολῆς</em></strong></span> <span class='ocrx_word' id='word_1_253' title='bbox 493 1718 683 1766; x_wconf 84' lang='grc' dir='ltr'><em>συμπόσια</em></span> <span class='ocrx_word' id='word_1_254' title='bbox 708 1723 827 1756; x_wconf 86' lang='lat' dir='ltr'>vocat.</span> <span class='ocrx_word' id='word_1_255' title='bbox 875 1721 1036 1756; x_wconf 85' lang='lat' dir='ltr'>Udalric.</span> <span class='ocrx_word' id='word_1_256' title='bbox 1054 1722 1077 1756; x_wconf 95' lang='lat' dir='ltr'>l.</span> <span class='ocrx_word' id='word_1_257' title='bbox 1096 1722 1121 1755; x_wconf 91' lang='lat' dir='ltr'>I.</span> <span class='ocrx_word' id='word_1_258' title='bbox 1138 1721 1309 1756; x_wconf 85' lang='lat' dir='ltr'>Consuet.</span> <span class='ocrx_word' id='word_1_259' title='bbox 1328 1722 1491 1757; x_wconf 81' lang='lat' dir='ltr'>Cluniae.</span> <span class='ocrx_word' id='word_1_260' title='bbox 1516 1750 1523 1757; x_wconf 93' lang='lat'><strong><em>.</em></strong></span> <span class='ocrx_word' id='word_1_261' title='bbox 1542 1750 1548 1757; x_wconf 92' lang='lat'>.</span> <span class='ocrx_word' id='word_1_262' title='bbox 1569 1750 1576 1757; x_wconf 91' lang='lat'><strong>.</strong></span> <span class='ocrx_word' id='word_1_263' title='bbox 1599 1734 1627 1757; x_wconf 88' lang='lat' dir='ltr'>c.</span> <span class='ocrx_word' id='word_1_264' title='bbox 1648 1727 1700 1758; x_wconf 88' lang='lat'>18.</span> <span class='ocrx_word' id='word_1_265' title='bbox 1753 1724 1843 1758; x_wconf 82' lang='lat' dir='ltr'>Post</span> 
     </span>
     <span class='ocr_line' id='line_1_29' title="bbox 217 1779 1843 1824; baseline 0.003 -14"><span class='ocrx_word' id='word_1_266' title='bbox 217 1787 379 1820; x_wconf 74' lang='lat' dir='ltr'>resperas</span> <span class='ocrx_word' id='word_1_267' title='bbox 403 1788 522 1820; x_wconf 76' lang='lat' dir='ltr'>coena,</span> <span class='ocrx_word' id='word_1_268' title='bbox 542 1780 626 1820; x_wconf 75' lang='lat' dir='ltr'>post</span> <span class='ocrx_word' id='word_1_269' title='bbox 649 1788 785 1811; x_wconf 72' lang='lat' dir='ltr'>coenam</span> <span class='ocrx_word' id='word_1_270' title='bbox 810 1789 910 1812; x_wconf 65' lang='lat' dir='ltr'>cama</span> <span class='ocrx_word' id='word_1_271' title='bbox 933 1779 1165 1820; x_wconf 72' lang='lat' dir='ltr'>servitormn,</span> <span class='ocrx_word' id='word_1_272' title='bbox 1185 1781 1269 1820; x_wconf 76' lang='lat' dir='ltr'>post</span> <span class='ocrx_word' id='word_1_273' title='bbox 1292 1789 1426 1813; x_wconf 73' lang='lat' dir='ltr'>coenam</span> <span class='ocrx_word' id='word_1_274' title='bbox 1448 1779 1664 1814; x_wconf 74' lang='lat' dir='ltr'>servitorum</span> <span class='ocrx_word' id='word_1_275' title='bbox 1681 1780 1843 1824; x_wconf 67' lang='lat' dir='ltr'>officiam</span> 
     </span>
     <span class='ocr_line' id='line_1_30' title="bbox 206 1833 1841 1878; baseline 0.002 -11"><span class='ocrx_word' id='word_1_276' title='bbox 206 1843 276 1876; x_wconf 74' lang='lat' dir='ltr'>pro</span> <span class='ocrx_word' id='word_1_277' title='bbox 301 1834 502 1875; x_wconf 64' lang='lat' dir='ltr'>clcftmctis,</span> <span class='ocrx_word' id='word_1_278' title='bbox 529 1836 611 1876; x_wconf 76' lang='lat' dir='ltr'>post</span> <span class='ocrx_word' id='word_1_279' title='bbox 627 1834 789 1877; x_wconf 71' lang='lat' dir='ltr'>offlcz&#39;mn</span> <span class='ocrx_word' id='word_1_280' title='bbox 810 1833 986 1876; x_wconf 76' lang='lat' dir='ltr'>CollatiO,</span> <span class='ocrx_word' id='word_1_281' title='bbox 1012 1838 1044 1868; x_wconf 80' lang='lat' dir='ltr'>et</span> <span class='ocrx_word' id='word_1_282' title='bbox 1060 1835 1115 1868; x_wconf 73' lang='lat' dir='ltr'>ita</span> <span class='ocrx_word' id='word_1_283' title='bbox 1138 1834 1189 1868; x_wconf 75' lang='lat' dir='ltr'>acl</span> <span class='ocrx_word' id='word_1_284' title='bbox 1210 1834 1500 1878; x_wconf 63' lang='lat' dir='ltr'>Completortum.</span> <span class='ocrx_word' id='word_1_285' title='bbox 1519 1835 1562 1869; x_wconf 92' lang='lat' dir='ltr'>V.</span> <span class='ocrx_word' id='word_1_286' title='bbox 1582 1846 1610 1869; x_wconf 92' lang='lat' dir='ltr'>c.</span> <span class='ocrx_word' id='word_1_287' title='bbox 1628 1839 1681 1870; x_wconf 85' lang='lat'>41.</span> <span class='ocrx_word' id='word_1_288' title='bbox 1714 1835 1841 1870; x_wconf 73' lang='lat' dir='ltr'>Mona-</span> 
     </span>
     <span class='ocr_line' id='line_1_31' title="bbox 214 1889 1843 1936; baseline 0.002 -13"><span class='ocrx_word' id='word_1_289' title='bbox 214 1889 347 1924; x_wconf 87' lang='lat' dir='ltr'>sticum</span> <span class='ocrx_word' id='word_1_290' title='bbox 365 1889 614 1934; x_wconf 77' lang='lat' dir='ltr'>Anglicanum</span> <span class='ocrx_word' id='word_1_291' title='bbox 632 1890 657 1923; x_wconf 89' lang='lat' dir='ltr'>t.</span> <span class='ocrx_word' id='word_1_292' title='bbox 675 1894 706 1924; x_wconf 85' lang='lat'>2.</span> <span class='ocrx_word' id='word_1_293' title='bbox 724 1901 758 1934; x_wconf 88' lang='lat' dir='ltr'>p.</span> <span class='ocrx_word' id='word_1_294' title='bbox 778 1894 852 1924; x_wconf 83' lang='lat'><strong>370.</strong></span> <span class='ocrx_word' id='word_1_295' title='bbox 902 1890 965 1924; x_wconf 78' lang='lat' dir='ltr'>‘Et</span> <span class='ocrx_word' id='word_1_296' title='bbox 991 1891 1084 1934; x_wconf 75' lang='lat' dir='ltr'>leyat</span> <span class='ocrx_word' id='word_1_297' title='bbox 1101 1901 1199 1924; x_wconf 63' lang='lat' dir='ltr'>uatus</span> <span class='ocrx_word' id='word_1_298' title='bbox 1215 1890 1333 1931; x_wconf 73' lang='lat' dir='ltr'>frater</span> <span class='ocrx_word' id='word_1_299' title='bbox 1349 1894 1423 1925; x_wconf 84' lang='lat' dir='ltr'>tam</span> <span class='ocrx_word' id='word_1_300' title='bbox 1440 1891 1482 1924; x_wconf 74' lang='lat' dir='ltr'>in</span> <span class='ocrx_word' id='word_1_301' title='bbox 1493 1891 1658 1935; x_wconf 76' lang='lat' dir='ltr'>prandio</span> <span class='ocrx_word' id='word_1_302' title='bbox 1675 1903 1783 1936; x_wconf 77' lang='lat' dir='ltr'>quam</span> <span class='ocrx_word' id='word_1_303' title='bbox 1800 1893 1843 1927; x_wconf 70' lang='lat' dir='ltr'>in</span> 
     </span>
     <span class='ocr_line' id='line_1_32' title="bbox 212 1946 643 1980; baseline 0 -1"><span class='ocrx_word' id='word_1_304' title='bbox 212 1956 312 1980; x_wconf 72' lang='lat' dir='ltr'>coena</span> <span class='ocrx_word' id='word_1_305' title='bbox 337 1949 368 1980; x_wconf 86' lang='lat' dir='ltr'>et</span> <span class='ocrx_word' id='word_1_306' title='bbox 393 1946 584 1980; x_wconf 71' lang='lat' dir='ltr'>collatione</span> <span class='ocrx_word' id='word_1_307' title='bbox 597 1947 643 1978; x_wconf 82' lang='lat'>&#39;.“</span> 
     </span>
    </p>

    <p class='ocr_par' dir='ltr' id='par_1_14' title="bbox 123 2001 1839 2102">
     <span class='ocr_line' id='line_1_33' title="bbox 123 2001 1839 2047; baseline 0.002 -13"><span class='ocrx_word' id='word_1_308' title='bbox 123 2005 165 2035; x_wconf 87' lang='grc'><strong>20</strong></span> <span class='ocrx_word' id='word_1_309' title='bbox 190 2001 344 2042; x_wconf 81' lang='lat' dir='ltr'>socialis,</span> <span class='ocrx_word' id='word_1_310' title='bbox 371 2002 526 2046; x_wconf 72' lang='lat' dir='ltr'>yeselle&#39;gy.</span> <span class='ocrx_word' id='word_1_311' title='bbox 554 2001 709 2035; x_wconf 77' lang='lat' dir='ltr'>Gemma</span> <span class='ocrx_word' id='word_1_312' title='bbox 727 2014 760 2046; x_wconf 86' lang='lat' dir='ltr'>g.</span> <span class='ocrx_word' id='word_1_313' title='bbox 793 2001 845 2036; x_wconf 84' lang='lat' dir='ltr'>Cf.</span> <span class='ocrx_word' id='word_1_314' title='bbox 864 2002 976 2036; x_wconf 80' lang='lat' dir='ltr'>cti-am</span> <span class='ocrx_word' id='word_1_315' title='bbox 996 2002 1173 2036; x_wconf 79' lang='lat' dir='ltr'>Catholic.</span> <span class='ocrx_word' id='word_1_316' title='bbox 1192 2002 1225 2036; x_wconf 87' lang='lat' dir='ltr'>h.</span> <span class='ocrx_word' id='word_1_317' title='bbox 1244 2014 1277 2036; x_wconf 91' lang='lat' dir='ltr'>v.</span> <span class='ocrx_word' id='word_1_318' title='bbox 1326 2002 1499 2037; x_wconf 88' lang='lat' dir='ltr'>Latinum</span> <span class='ocrx_word' id='word_1_319' title='bbox 1526 2004 1581 2037; x_wconf 87' lang='lat' dir='ltr'>est</span> <span class='ocrx_word' id='word_1_320' title='bbox 1605 2004 1839 2047; x_wconf 80' lang='lat' dir='ltr'>vocabulum,</span> 
     </span>
     <span class='ocr_line' id='line_1_34' title="bbox 212 2056 891 2102; baseline 0.003 -12"><span class='ocrx_word' id='word_1_321' title='bbox 212 2057 276 2091; x_wconf 83' lang='lat' dir='ltr'>sed</span> <span class='ocrx_word' id='word_1_322' title='bbox 301 2068 375 2092; x_wconf 90' lang='lat' dir='ltr'>non</span> <span class='ocrx_word' id='word_1_323' title='bbox 400 2056 532 2091; x_wconf 81' lang='lat' dir='ltr'>Latina</span> <span class='ocrx_word' id='word_1_324' title='bbox 556 2058 632 2092; x_wconf 80' lang='lat' dir='ltr'>haec</span> <span class='ocrx_word' id='word_1_325' title='bbox 659 2058 891 2102; x_wconf 85' lang='lat' dir='ltr'>significatio.</span> 
     </span>
    </p>

    <p class='ocr_par' dir='ltr' id='par_1_15' title="bbox 169 2113 1841 2259">
     <span class='ocr_line' id='line_1_35' title="bbox 169 2113 1065 2158; baseline 0 -10"><span class='ocrx_word' id='word_1_326' title='bbox 169 2114 256 2148; x_wconf 77' lang='lat' dir='ltr'>laetcc</span> <span class='ocrx_word' id='word_1_327' title='bbox 281 2113 422 2156; x_wconf 73' lang='lat' dir='ltr'>mentis]</span> <span class='ocrx_word' id='word_1_328' title='bbox 448 2117 554 2157; x_wconf 47' lang='lat' dir='ltr'>,auter</span> <span class='ocrx_word' id='word_1_329' title='bbox 579 2114 724 2155; x_wconf 64' lang='lat' dir='ltr'>Latmo,</span> <span class='ocrx_word' id='word_1_330' title='bbox 750 2114 897 2158; x_wconf 65' lang='lat' dir='ltr'>lastiqes</span> <span class='ocrx_word' id='word_1_331' title='bbox 922 2114 1065 2148; x_wconf 52' lang='lat' dir='ltr'>sames.</span> 
     </span>
     <span class='ocr_line' id='line_1_36' title="bbox 169 2169 1841 2214; baseline 0.004 -12"><span class='ocrx_word' id='word_1_332' title='bbox 169 2170 219 2204; x_wconf 82' lang='lat' dir='ltr'>acl</span> <span class='ocrx_word' id='word_1_333' title='bbox 245 2169 417 2203; x_wconf 68' lang='lat' dir='ltr'>dimidios</span> <span class='ocrx_word' id='word_1_334' title='bbox 442 2173 472 2204; x_wconf 82' lang='lat' dir='ltr'>et</span> <span class='ocrx_word' id='word_1_335' title='bbox 498 2170 547 2204; x_wconf 75' lang='lat' dir='ltr'>aa</span> <span class='ocrx_word' id='word_1_336' title='bbox 571 2170 673 2213; x_wconf 77' lang='lat' dir='ltr'>totos]</span> <span class='ocrx_word' id='word_1_337' title='bbox 702 2170 776 2211; x_wconf 72' lang='lat' dir='ltr'>(ms</span> <span class='ocrx_word' id='word_1_338' title='bbox 793 2170 896 2204; x_wconf 75' lang='lat' dir='ltr'>lzalbc</span> <span class='ocrx_word' id='word_1_339' title='bbox 919 2171 998 2204; x_wconf 71' lang='lat' dir='ltr'>mccl</span> <span class='ocrx_word' id='word_1_340' title='bbox 1023 2171 1098 2212; x_wconf 82' lang='lat' dir='ltr'>auf</span> <span class='ocrx_word' id='word_1_341' title='bbox 1115 2180 1246 2214; x_wconf 65' lang='lat' dir='ltr'>yanze,</span> <span class='ocrx_word' id='word_1_342' title='bbox 1277 2171 1299 2204; x_wconf 91' lang='lat' dir='ltr'>i.</span> <span class='ocrx_word' id='word_1_343' title='bbox 1319 2182 1347 2205; x_wconf 87' lang='lat' dir='ltr'>e.</span> <span class='ocrx_word' id='word_1_344' title='bbox 1366 2172 1504 2206; x_wconf 75' lang='lat' dir='ltr'>Becher</span> <span class='ocrx_word' id='word_1_345' title='bbox 1528 2183 1554 2206; x_wconf 88' lang='lat' dir='ltr'>s.</span> <span class='ocrx_word' id='word_1_346' title='bbox 1572 2172 1746 2207; x_wconf 71' lang='lat' dir='ltr'>chmcn.</span> <span class='ocrx_word' id='word_1_347' title='bbox 1795 2174 1841 2210; x_wconf 84' lang='lat' dir='ltr'>cf.</span> 
     </span>
     <span class='ocr_line' id='line_1_37' title="bbox 215 2225 353 2259; baseline -0.007 0"><span class='ocrx_word' id='word_1_348' title='bbox 215 2225 261 2259; x_wconf 82' lang='lat' dir='ltr'>ad</span> <span class='ocrx_word' id='word_1_349' title='bbox 287 2229 306 2259; x_wconf 85' lang='lat'><strong>7</strong></span> <span class='ocrx_word' id='word_1_350' title='bbox 319 2227 353 2258; x_wconf 78' lang='lat'>¹⁹.</span> 
     </span>
    </p>

    <p class='ocr_par' dir='ltr' id='par_1_16' title="bbox 124 2281 979 2327">
     <span class='ocr_line' id='line_1_38' title="bbox 124 2281 979 2327; baseline 0 -12"><span class='ocrx_word' id='word_1_351' title='bbox 124 2286 163 2316; x_wconf 78' lang='lat'>21</span> <span class='ocrx_word' id='word_1_352' title='bbox 193 2281 235 2316; x_wconf 79' lang='lat' dir='ltr'>(le</span> <span class='ocrx_word' id='word_1_353' title='bbox 258 2291 336 2315; x_wconf 79' lang='lat' dir='ltr'>sero</span> <span class='ocrx_word' id='word_1_354' title='bbox 354 2300 395 2305; x_wconf 90' lang='lat'>—</span> <span class='ocrx_word' id='word_1_355' title='bbox 415 2282 459 2316; x_wconf 78' lang='lat' dir='ltr'>cle</span> <span class='ocrx_word' id='word_1_356' title='bbox 483 2282 600 2325; x_wconf 48' lang='lat' dir='ltr'>mcm&#39;ze]</span> <span class='ocrx_word' id='word_1_357' title='bbox 627 2282 781 2324; x_wconf 69' lang='lat' dir='ltr'>abenas,</span> <span class='ocrx_word' id='word_1_358' title='bbox 806 2293 979 2327; x_wconf 70' lang='lat' dir='ltr'>morycws.</span> 
     </span>
    </p>

    <p class='ocr_par' dir='ltr' id='par_1_17' title="bbox 125 2337 1374 2381">
     <span class='ocr_line' id='line_1_39' title="bbox 125 2337 1374 2381; baseline 0.001 -9"><span class='ocrx_word' id='word_1_359' title='bbox 125 2342 167 2372; x_wconf 91' lang='grc'><strong>23</strong></span> <span class='ocrx_word' id='word_1_360' title='bbox 193 2337 260 2381; x_wconf 82' lang='lat' dir='ltr'>eos]</span> <span class='ocrx_word' id='word_1_361' title='bbox 285 2337 308 2371; x_wconf 85' lang='lat' dir='ltr'>i.</span> <span class='ocrx_word' id='word_1_362' title='bbox 328 2348 357 2372; x_wconf 91' lang='lat' dir='ltr'>e.</span> <span class='ocrx_word' id='word_1_363' title='bbox 376 2338 492 2372; x_wconf 89' lang='lat' dir='ltr'>socios</span> <span class='ocrx_word' id='word_1_364' title='bbox 516 2349 610 2380; x_wconf 86' lang='lat' dir='ltr'>suos,</span> <span class='ocrx_word' id='word_1_365' title='bbox 638 2349 721 2379; x_wconf 89' lang='lat' dir='ltr'>non,</span> <span class='ocrx_word' id='word_1_366' title='bbox 750 2339 791 2372; x_wconf 89' lang='lat' dir='ltr'>ut</span> <span class='ocrx_word' id='word_1_367' title='bbox 815 2338 870 2372; x_wconf 89' lang='lat' dir='ltr'>ed.</span> <span class='ocrx_word' id='word_1_368' title='bbox 890 2350 936 2372; x_wconf 89' lang='grc'>111.</span> <span class='ocrx_word' id='word_1_369' title='bbox 956 2350 986 2373; x_wconf 77' lang='lat' dir='ltr'>a.</span> <span class='ocrx_word' id='word_1_370' title='bbox 1007 2343 1103 2374; x_wconf 84' lang='lat'><strong>1858.</strong></span> <span class='ocrx_word' id='word_1_371' title='bbox 1121 2340 1244 2381; x_wconf 80' lang='lat' dir='ltr'>habet,</span> <span class='ocrx_word' id='word_1_372' title='bbox 1272 2341 1374 2374; x_wconf 75' lang='lat' dir='ltr'>alios.</span> 
     </span>
    </p>

    <p class='ocr_par' dir='ltr' id='par_1_18' title="bbox 122 2393 1838 2439">
     <span class='ocr_line' id='line_1_40' title="bbox 122 2393 1838 2439; baseline 0.002 -11"><span class='ocrx_word' id='word_1_373' title='bbox 122 2398 166 2428; x_wconf 84' lang='grc'><strong>24</strong></span> <span class='ocrx_word' id='word_1_374' title='bbox 191 2393 234 2428; x_wconf 81' lang='lat' dir='ltr'>(le</span> <span class='ocrx_word' id='word_1_375' title='bbox 260 2394 395 2428; x_wconf 73' lang='lat' dir='ltr'>talibus</span> <span class='ocrx_word' id='word_1_376' title='bbox 419 2394 620 2438; x_wconf 70' lang='lat' dir='ltr'>emendare]</span> <span class='ocrx_word' id='word_1_377' title='bbox 648 2394 844 2438; x_wconf 82' lang='lat' dir='ltr'>corrigere,</span> <span class='ocrx_word' id='word_1_378' title='bbox 871 2395 1095 2439; x_wconf 80' lang='lat' dir='ltr'>vituperare,</span> <span class='ocrx_word' id='word_1_379' title='bbox 1123 2396 1321 2430; x_wconf 79' lang='lat' dir='ltr'>emendare</span> <span class='ocrx_word' id='word_1_380' title='bbox 1347 2397 1412 2430; x_wconf 89' lang='lat' dir='ltr'>hos</span> <span class='ocrx_word' id='word_1_381' title='bbox 1430 2396 1546 2430; x_wconf 80' lang='lat' dir='ltr'>malos</span> <span class='ocrx_word' id='word_1_382' title='bbox 1565 2407 1691 2431; x_wconf 84' lang='lat' dir='ltr'>eorum</span> <span class='ocrx_word' id='word_1_383' title='bbox 1709 2408 1838 2432; x_wconf 77' lang='lat' dir='ltr'>mores.</span> 
     </span>
    </p>

    <p class='ocr_par' dir='ltr' id='par_1_19' title="bbox 167 2450 1839 2540">
     <span class='ocr_line' id='line_1_41' title="bbox 167 2450 1839 2497; baseline 0.002 -13"><span class='ocrx_word' id='word_1_384' title='bbox 167 2453 255 2485; x_wconf 74' lang='lat' dir='ltr'>tanc</span> <span class='ocrx_word' id='word_1_385' title='bbox 284 2451 358 2494; x_wconf 73' lang='lat' dir='ltr'>ipsi</span> <span class='ocrx_word' id='word_1_386' title='bbox 387 2450 592 2494; x_wconf 67' lang='lat' dir='ltr'>incipiunt]</span> <span class='ocrx_word' id='word_1_387' title='bbox 623 2451 645 2484; x_wconf 87' lang='lat' dir='ltr'>i.</span> <span class='ocrx_word' id='word_1_388' title='bbox 664 2462 694 2484; x_wconf 93' lang='lat' dir='ltr'>e.</span> <span class='ocrx_word' id='word_1_389' title='bbox 720 2452 848 2485; x_wconf 85' lang='lat' dir='ltr'>contra</span> <span class='ocrx_word' id='word_1_390' title='bbox 884 2462 971 2485; x_wconf 81' lang='lat' dir='ltr'>vero</span> <span class='ocrx_word' id='word_1_391' title='bbox 1010 2452 1080 2495; x_wconf 88' lang='lat' dir='ltr'>ipsi</span> <span class='ocrx_word' id='word_1_392' title='bbox 1117 2452 1286 2495; x_wconf 64' lang='lat' dir='ltr'>praeeunt</span> <span class='ocrx_word' id='word_1_393' title='bbox 1316 2452 1548 2486; x_wconf 83' lang='lat' dir='ltr'>heluationes</span> <span class='ocrx_word' id='word_1_394' title='bbox 1586 2453 1623 2486; x_wconf 87' lang='lat' dir='ltr'>et</span> <span class='ocrx_word' id='word_1_395' title='bbox 1657 2453 1839 2497; x_wconf 85' lang='lat' dir='ltr'>intempe-</span> 
     </span>
     <span class='ocr_line' id='line_1_42' title="bbox 211 2506 381 2540; baseline 0 -1"><span class='ocrx_word' id='word_1_396' title='bbox 211 2506 381 2540; x_wconf 86' lang='lat' dir='ltr'>rantiam.</span> 
     </span>
    </p>

    <p class='ocr_par' dir='ltr' id='par_1_20' title="bbox 169 2562 1839 2664">
     <span class='ocr_line' id='line_1_43' title="bbox 169 2562 1839 2608; baseline 0.002 -13"><span class='ocrx_word' id='word_1_397' title='bbox 169 2562 399 2606; x_wconf 58' lang='lat' dir='ltr'>veo-emmelim]</span> <span class='ocrx_word' id='word_1_398' title='bbox 432 2563 509 2596; x_wconf 80' lang='lat' dir='ltr'>haec</span> <span class='ocrx_word' id='word_1_399' title='bbox 541 2564 596 2597; x_wconf 86' lang='lat' dir='ltr'>est</span> <span class='ocrx_word' id='word_1_400' title='bbox 619 2563 858 2605; x_wconf 82' lang='lat' dir='ltr'>stomachari,</span> <span class='ocrx_word' id='word_1_401' title='bbox 892 2563 991 2607; x_wconf 86' lang='lat' dir='ltr'>quod</span> <span class='ocrx_word' id='word_1_402' title='bbox 1019 2564 1240 2607; x_wconf 60' lang='lat' dir='ltr'>praedicator</span> <span class='ocrx_word' id='word_1_403' title='bbox 1265 2564 1389 2598; x_wconf 85' lang='lat' dir='ltr'>sordes</span> <span class='ocrx_word' id='word_1_404' title='bbox 1414 2564 1674 2608; x_wconf 82' lang='lat' dir='ltr'>magistrorum</span> <span class='ocrx_word' id='word_1_405' title='bbox 1699 2566 1839 2599; x_wconf 87' lang='lat' dir='ltr'>nostro-</span> 
     </span>
     <span class='ocr_line' id='line_1_44' title="bbox 213 2617 1839 2664; baseline 0.003 -14"><span class='ocrx_word' id='word_1_406' title='bbox 213 2629 295 2651; x_wconf 85' lang='lat' dir='ltr'>rum</span> <span class='ocrx_word' id='word_1_407' title='bbox 319 2617 467 2662; x_wconf 87' lang='lat' dir='ltr'>publice</span> <span class='ocrx_word' id='word_1_408' title='bbox 484 2618 701 2662; x_wconf 83' lang='lat' dir='ltr'>prodiderit.</span> <span class='ocrx_word' id='word_1_409' title='bbox 718 2619 936 2663; x_wconf 87' lang='lat' dir='ltr'>scriptorem</span> <span class='ocrx_word' id='word_1_410' title='bbox 953 2629 1026 2653; x_wconf 87' lang='lat' dir='ltr'>non</span> <span class='ocrx_word' id='word_1_411' title='bbox 1044 2620 1218 2662; x_wconf 83' lang='lat' dir='ltr'>sordium,</span> <span class='ocrx_word' id='word_1_412' title='bbox 1245 2620 1310 2654; x_wconf 88' lang='lat' dir='ltr'>sed</span> <span class='ocrx_word' id='word_1_413' title='bbox 1331 2630 1458 2653; x_wconf 86' lang='lat' dir='ltr'>earum</span> <span class='ocrx_word' id='word_1_414' title='bbox 1476 2619 1695 2654; x_wconf 85' lang='lat' dir='ltr'>detectionis</span> <span class='ocrx_word' id='word_1_415' title='bbox 1711 2620 1839 2664; x_wconf 86' lang='lat' dir='ltr'>pudet.</span> 
     </span>
    </p>

    <p class='ocr_par' dir='ltr' id='par_1_21' title="bbox 125 2673 1330 2719">
     <span class='ocr_line' id='line_1_45' title="bbox 125 2673 1330 2719; baseline 0.001 -12"><span class='ocrx_word' id='word_1_416' title='bbox 125 2678 167 2707; x_wconf 79' lang='grc'><strong>25</strong></span> <span class='ocrx_word' id='word_1_417' title='bbox 192 2684 300 2716; x_wconf 66' lang='lat' dir='ltr'>super</span> <span class='ocrx_word' id='word_1_418' title='bbox 326 2673 417 2716; x_wconf 79' lang='lat' dir='ltr'>eum]</span> <span class='ocrx_word' id='word_1_419' title='bbox 442 2673 465 2706; x_wconf 90' lang='lat' dir='ltr'>i.</span> <span class='ocrx_word' id='word_1_420' title='bbox 484 2684 514 2707; x_wconf 85' lang='lat' dir='ltr'>e.</span> <span class='ocrx_word' id='word_1_421' title='bbox 533 2674 576 2707; x_wconf 87' lang='lat' dir='ltr'>ei.</span> <span class='ocrx_word' id='word_1_422' title='bbox 618 2675 676 2709; x_wconf 81' lang='lat' dir='ltr'>ich</span> <span class='ocrx_word' id='word_1_423' title='bbox 700 2675 763 2709; x_wconf 76' lang='lat' dir='ltr'>bin</span> <span class='ocrx_word' id='word_1_424' title='bbox 786 2675 912 2718; x_wconf 74' lang='lat' dir='ltr'>zomiy</span> <span class='ocrx_word' id='word_1_425' title='bbox 935 2675 1022 2709; x_wconf 73' lang='lat' dir='ltr'>aber</span> <span class='ocrx_word' id='word_1_426' title='bbox 1046 2675 1110 2709; x_wconf 75' lang='lat' dir='ltr'>ilm</span> <span class='ocrx_word' id='word_1_427' title='bbox 1133 2675 1330 2719; x_wconf 70' lang='lat' dir='ltr'>yeworden.</span> 
     </span>
    </p>

    <p class='ocr_par' dir='ltr' id='par_1_22' title="bbox 124 2729 1838 2829">
     <span class='ocr_line' id='line_1_46' title="bbox 124 2729 1838 2778; baseline 0.003 -16"><span class='ocrx_word' id='word_1_428' title='bbox 124 2733 166 2763; x_wconf 87' lang='grc'><strong>26</strong></span> <span class='ocrx_word' id='word_1_429' title='bbox 190 2729 407 2773; x_wconf 68' lang='lat' dir='ltr'>imaqinarc]</span> <span class='ocrx_word' id='word_1_430' title='bbox 434 2729 456 2762; x_wconf 92' lang='lat' dir='ltr'>i.</span> <span class='ocrx_word' id='word_1_431' title='bbox 475 2740 506 2763; x_wconf 90' lang='lat' dir='ltr'>e.</span> <span class='ocrx_word' id='word_1_432' title='bbox 524 2729 748 2774; x_wconf 81' lang='lat' dir='ltr'>excogitare.</span> <span class='ocrx_word' id='word_1_433' title='bbox 775 2730 894 2764; x_wconf 84' lang='lat' dir='ltr'>active</span> <span class='ocrx_word' id='word_1_434' title='bbox 920 2740 1041 2774; x_wconf 79' lang='lat' dir='ltr'>neque</span> <span class='ocrx_word' id='word_1_435' title='bbox 1073 2731 1110 2764; x_wconf 92' lang='lat' dir='ltr'>in</span> <span class='ocrx_word' id='word_1_436' title='bbox 1135 2730 1391 2766; x_wconf 84' lang='lat' dir='ltr'>Vocabulariis</span> <span class='ocrx_word' id='word_1_437' title='bbox 1415 2741 1536 2775; x_wconf 89' lang='lat' dir='ltr'>neque</span> <span class='ocrx_word' id='word_1_438' title='bbox 1561 2731 1599 2765; x_wconf 89' lang='lat' dir='ltr'>in</span> <span class='ocrx_word' id='word_1_439' title='bbox 1625 2731 1780 2767; x_wconf 84' lang='lat' dir='ltr'>Gemma</span> <span class='ocrx_word' id='word_1_440' title='bbox 1804 2746 1838 2778; x_wconf 87' lang='lat' dir='ltr'>g.</span> 
     </span>
     <span class='ocr_line' id='line_1_47' title="bbox 213 2785 362 2829; baseline 0 -11"><span class='ocrx_word' id='word_1_441' title='bbox 213 2785 362 2829; x_wconf 85' lang='lat' dir='ltr'>legitur.</span> 
     </span>
    </p>

    <p class='ocr_par' dir='ltr' id='par_1_23' title="bbox 167 2840 1837 2940">
     <span class='ocr_line' id='line_1_48' title="bbox 167 2840 1837 2885; baseline 0.002 -10"><span class='ocrx_word' id='word_1_442' title='bbox 167 2841 271 2875; x_wconf 83' lang='lat' dir='ltr'>semel</span> <span class='ocrx_word' id='word_1_443' title='bbox 297 2841 370 2885; x_wconf 62' lang='lat' dir='ltr'>cta]</span> <span class='ocrx_word' id='word_1_444' title='bbox 397 2840 491 2874; x_wconf 85' lang='lat' dir='ltr'>forte</span> <span class='ocrx_word' id='word_1_445' title='bbox 517 2841 669 2884; x_wconf 84' lang='lat' dir='ltr'>quidam</span> <span class='ocrx_word' id='word_1_446' title='bbox 694 2841 785 2874; x_wconf 87' lang='lat' dir='ltr'>mihi</span> <span class='ocrx_word' id='word_1_447' title='bbox 810 2841 966 2876; x_wconf 87' lang='lat' dir='ltr'>rettulit.</span> <span class='ocrx_word' id='word_1_448' title='bbox 993 2862 1034 2865; x_wconf 90' lang='lat'><strong>—</strong></span> <span class='ocrx_word' id='word_1_449' title='bbox 1060 2841 1227 2876; x_wconf 84' lang='lat' dir='ltr'>Similem</span> <span class='ocrx_word' id='word_1_450' title='bbox 1251 2842 1416 2877; x_wconf 84' lang='lat' dir='ltr'>fabulam</span> <span class='ocrx_word' id='word_1_451' title='bbox 1441 2842 1661 2878; x_wconf 85' lang='lat' dir='ltr'>Boccacium</span> <span class='ocrx_word' id='word_1_452' title='bbox 1686 2856 1837 2880; x_wconf 81' lang='lat' dir='ltr'>narrare</span> 
     </span>
     <span class='ocr_line' id='line_1_49' title="bbox 213 2897 659 2940; baseline 0 -10"><span class='ocrx_word' id='word_1_453' title='bbox 213 2897 275 2930; x_wconf 83' lang='lat' dir='ltr'>vix</span> <span class='ocrx_word' id='word_1_454' title='bbox 301 2907 392 2940; x_wconf 87' lang='lat' dir='ltr'>opus</span> <span class='ocrx_word' id='word_1_455' title='bbox 418 2897 474 2930; x_wconf 84' lang='lat' dir='ltr'>est</span> <span class='ocrx_word' id='word_1_456' title='bbox 497 2907 659 2931; x_wconf 86' lang='lat' dir='ltr'>monere.</span> 
     </span>
    </p>

    <p class='ocr_par' dir='ltr' id='par_1_24' title="bbox 170 2952 1838 3043">
     <span class='ocr_line' id='line_1_50' title="bbox 170 2952 1838 3002; baseline 0.004 -16"><span class='ocrx_word' id='word_1_457' title='bbox 170 2952 355 2996; x_wconf 75' lang='lat' dir='ltr'>quomodo]</span> <span class='ocrx_word' id='word_1_458' title='bbox 381 2953 424 2986; x_wconf 87' lang='lat' dir='ltr'>ut</span> <span class='ocrx_word' id='word_1_459' title='bbox 447 2953 485 2986; x_wconf 92' lang='lat' dir='ltr'>in</span> <span class='ocrx_word' id='word_1_460' title='bbox 510 2963 584 2987; x_wconf 92' lang='lat' dir='ltr'>non</span> <span class='ocrx_word' id='word_1_461' title='bbox 608 2952 719 2986; x_wconf 89' lang='lat' dir='ltr'>nullis</span> <span class='ocrx_word' id='word_1_462' title='bbox 745 2953 953 2988; x_wconf 71' lang='lat' dir='ltr'>Germaniae</span> <span class='ocrx_word' id='word_1_463' title='bbox 978 2954 1179 2998; x_wconf 87' lang='lat' dir='ltr'>provinciis</span> <span class='ocrx_word' id='word_1_464' title='bbox 1201 2956 1268 2990; x_wconf 73' lang='lat' dir='ltr'>wie</span> <span class='ocrx_word' id='word_1_465' title='bbox 1291 2966 1358 2999; x_wconf 86' lang='lat' dir='ltr'>pro</span> <span class='ocrx_word' id='word_1_466' title='bbox 1386 2956 1471 2996; x_wconf 61' lang='lat' dir='ltr'>(lalj.</span> <span class='ocrx_word' id='word_1_467' title='bbox 1490 2957 1589 3000; x_wconf 85' lang='lat' dir='ltr'>quod</span> <span class='ocrx_word' id='word_1_468' title='bbox 1615 2956 1746 2991; x_wconf 82' lang='lat' dir='ltr'>Latine</span> <span class='ocrx_word' id='word_1_469' title='bbox 1771 2969 1838 3002; x_wconf 86' lang='lat' dir='ltr'>per</span> 
     </span>
     <span class='ocr_line' id='line_1_51' title="bbox 213 3008 780 3043; baseline 0.002 -1"><span class='ocrx_word' id='word_1_470' title='bbox 213 3019 286 3042; x_wconf 86' lang='lat' dir='ltr'>acc.</span> <span class='ocrx_word' id='word_1_471' title='bbox 305 3019 334 3042; x_wconf 87' lang='lat' dir='ltr'>c.</span> <span class='ocrx_word' id='word_1_472' title='bbox 351 3008 414 3042; x_wconf 86' lang='lat' dir='ltr'>inf.</span> <span class='ocrx_word' id='word_1_473' title='bbox 432 3008 665 3042; x_wconf 79' lang='lat' dir='ltr'>reddendum</span> <span class='ocrx_word' id='word_1_474' title='bbox 691 3010 780 3043; x_wconf 84' lang='lat' dir='ltr'>erat.</span> 
     </span>
    </p>
   </div>
   <div class='ocr_carea' id='block_1_3' title="bbox 173 3073 1571 3103">
    <p class='ocr_par' dir='ltr' id='par_1_25' title="bbox 173 3073 1571 3103">
     <span class='ocr_line' id='line_1_52' title="bbox 173 3073 1571 3103; baseline 0.006 -8"><span class='ocrx_word' id='word_1_475' title='bbox 173 3077 261 3096; x_wconf 67' lang='lat' dir='ltr'>uv&#39;rrr.</span> <span class='ocrx_word' id='word_1_476' title='bbox 282 3078 346 3096; x_wconf 81' lang='lat' dir='ltr'>OPP.</span> <span class='ocrx_word' id='word_1_477' title='bbox 366 3078 467 3096; x_wconf 77' lang='lat' dir='ltr'>SVPPL.</span> <span class='ocrx_word' id='word_1_478' title='bbox 486 3078 516 3097; x_wconf 80' lang='lat'>11.</span> <span class='ocrx_word' id='word_1_479' title='bbox 1528 3073 1571 3103; x_wconf 89' lang='lat'>34</span> 
     </span>
    </p>
   </div>
  </div>
 </body>
</html>
