2119 3522
257 200 351 244 552
772 213 1035 235 comffixTAfflvs
1063 212 1108 233 AD
1134 213 1204 233 EPP.
1223 213 1253 234 o.
1273 213 1305 234 v.
1331 212 1406 234 von.
1425 213 1448 234 1.

256 277 340 315 Pag.
361 274 423 309 20.

345 328 405 361 vel
435 327 553 360 adhuc
585 335 768 368 exponere
800 323 936 357 debeat
965 334 1032 366 pro
1062 323 1129 357 lite
1161 323 1199 356 et
1228 323 1363 356 caussis
1385 323 1496 356 antea.
1518 322 1643 365 dictis,
1676 324 1862 357 communi
1885 336 1963 358 sen-

345 383 463 416 tentia.
479 380 741 414 Hochstratum
766 378 1059 412 condemnarunt
1075 378 1121 412 ad
1146 390 1327 412 summam
1345 378 1423 412 CXI
1445 378 1667 412 florenorum
1693 379 1772 412 auri
1795 379 1964 413 Rhenen—

345 438 407 477 sis,
434 437 562 470 addita
584 434 861 480 proscriptionis
884 446 1010 478 pcenu,
1043 435 1072 475 si
1100 434 1138 467 id
1163 434 1284 468 facere
1308 435 1523 468 recusarent
1540 434 1779 468 Hoehstratus
1811 436 1849 469 et
1873 446 1966 469 asse-

346 493 421 526 01110.
469 491 563 525 Acta
586 492 663 525 haec
687 491 772 524 sunt
793 489 906 534 Spirae
934 490 973 523 in
995 489 1205 534 Episcopali
1229 490 1314 523 aula
1337 501 1367 524 a.
1388 494 1483 523 1514.
1501 489 1703 524 indictione
1728 490 1905 533 secunda,
1932 491 1965 524 d.

345 552 398 581 24.
415 547 549 581 mensis
573 547 727 591 Aprilis,
753 546 996 590 praesentibus
1021 546 1089 579 etc.

260 609 297 638 17
323 614 449 646 capere
473 603 676 646 consilizmz]
703 602 772 635 sibi
798 602 999 636 consulere.

486 736 715 771 EPISTOLA
744 739 804 775 13.
851 735 1111 771 CONRADVS
1136 735 1199 769 DE
1224 735 1483 770 ZVICCAVIA
1510 735 1740 770 ORTVINO.

253 833 294 863 23
321 839 449 862 curare
480 828 659 871 levitates]
697 827 773 861 sich
802 838 863 860 um
894 826 1250 870 Leichtfertiylceiten
1281 826 1524 868 beleelmmern,
1560 826 1746 870 praecipue
1779 826 1824 860 de
1856 828 1973 861 vetita

343 896 426 918 011111
450 884 597 918 feminis
623 883 888 917 consuetudine
915 884 1122 927 usurpatur.
1154 882 1265 915 etiam
1292 886 1331 916 51
1346 883 1371 903 ¹⁷
1395 883 1485 917 613⁴.

254 945 297 974 21
322 941 363 974 in
386 941 516 984 11101130]
542 940 696 984 singulis
720 939 919 973 mensibus.

254 1000 298 1030 26
322 997 451 1040 socius]
485 996 572 1038 Quis
597 1007 641 1030 ex
668 995 813 1029 Ortvini
838 994 981 1037 amieis,
1015 995 1078 1038 qui
1103 1005 1222 1038 nuper
1248 996 1308 1028 ‘ex
1335 993 1488 1028 Colonia
1511 993 1674 1038 Lipsiam
1699 996 1872 1028 venerat'
1899 996 1933 1029 h.
1949 996 1972 1029 1.

347 1051 576 1097 significatur
584 1055 599 1085 ἱ)

255 1114 297 1144 27
321 1120 424 1152 supp.
443 1109 566 1152 moon]
607 1107 659 1142 Cf.
682 1108 779 1141 infru.
808 1119 842 1151 p.
862 1111 914 1141 35.
933 1111 984 1141 53.
1004 1110 1056 1140 55.
1075 1110 1126 1140 57.
1146 1110 1197 1140 61.
1217 1109 1292 1139 216.
1310 1109 1384 1139 249.
1403 1109 1479 1139 285.
1497 1108 1572 1139 293.
1617 1105 1785 1139 Hochstr.
1805 1117 1860 1140 ov.
1884 1110 1903 1148 ξ
1922 1111 1973 1141 72.

346 1165 423 1208 (ed.
442 1176 488 1197 m.
507 1176 541 1208 p.
560 1168 635 1197 483.
654 1165 736 1206 sq).
782 1162 1016 1206 Pepericorn.
1035 1161 1183 1195 Defens.
1207 1174 1242 1206 p.
1263 1165 1336 1195 167.
1356 1161 1411 1195 cd.
1430 1173 1476 1195 m.
1524 1161 1724 1204 „Itemque
1743 1161 1975 1197 adversarius

344 1222 470 1254 noster
499 1221 537 1253 in
562 1231 627 1253 sua
650 1218 850 1253 offensione
875 1218 1065 1251 insinmlat
1088 1218 1270 1262 implicite
1286 1218 1328 1262 [2³]
1354 1228 1507 1252 uxorem
1533 1228 1655 1252 meam
1678 1219 1973 1254 honestissimam

347 1278 442 1319 (una
472 1288 554 1310 011111
586 1287 652 1309 sua
682 1276 800 1308 matre
832 1286 872 1308 ac
904 1274 1070 1318 prolibus
1102 1274 1148 1307 ad
1172 1274 1283 1308 fidem
1309 1274 1527 1308 catholicam
1552 1274 1711 1309 feliciter
1734 1276 1975 1321 translatam)

347 1333 464 1376 turpis
490 1332 556 1365 sub
581 1331 772 1365 involucro
799 1330 990 1371 adulterii,
1023 1332 1060 1364 et
1090 1330 1251 1374 idipsum
1282 1330 1399 1364 multo
1424 1331 1569 1374 turpius
1593 1331 1630 1364 in
1657 1331 1822 1375 epistolis
1847 1333 1974 1366 obscu-

352 1400 475 1421 rorum
501 1388 729 1432 exprimitur.
779 1387 858 1429 Qua
882 1387 1037 1431 propter
1060 1397 1104 1420 ex
1123 1386 1254 1420 eodem
1271 1386 1337 1420 illa
1358 1386 1460 1420 fonte
1487 1386 1647 1421 derivari
1673 1387 1795 1422 dicere
1821 1388 1975 1422 forsitan

352 1455 424 1478 non
450 1444 585 1478 iniuria
609 1446 791 1488 posseinf‘

258 1505 299 1535 28
324 1501 515 1544 veraciter]
542 1500 563 1533 i.
583 1512 613 1534 e.
633 1512 716 1534 011111
742 1510 913 1543 expressa
938 1499 1107 1533 veritatis
1131 1498 1402 1533 adfirmatione.

256 1560 298 1590 29
323 1557 544 1601 commeabilis]
578 1556 767 1598 frzmtlz'ch.
795 1556 951 1589 Gemma
980 1567 1014 1600 g.
1045 1555 1173 1589 Gratio
1205 1554 1327 1588 dicere
1358 1554 1482 1598 potuit
1518 1554 1722 1599 gratiosum
1761 1566 1838 1589 esse
1878 1556 1978 1601 apud

346 1613 529 1646 mulieres.

306 1669 394 1703 clare
419 1669 511 1702 bomo
536 1670 661 1713 verba]
691 1668 864 1702 blandiri.

305 1736 385 1759 cnm
408 1726 490 1769 hoc]
515 1726 706 1769 praeterea.

258 1785 310 1815 31.
329 1793 380 1824 sq.
398 1781 588 1815 Arnoldns
606 1809 611 1814 .
629 1809 635 1814 .
656 1781 780 1824 etiam]
814 1780 865 1814 Cf.
884 1780 980 1813 infra
1005 1790 1061 1823 ep.
1079 1782 1131 1812 45.
1151 1779 1221 1813 vol.
1240 1779 1266 1812 I.
1292 1780 1329 1812 ct
1352 1791 1386 1823 p.
1407 1783 1470 1813 226
1483 1782 1555 1808 ²⁵4
1582 1780 1737 1815 Arnoldi
1763 1781 1888 1815 tamen
1913 1793 1978 1826 pu-

350 1837 517 1871 dic-itiam
542 1837 682 1881 pariter
707 1838 819 1880 atque
846 1835 1094 1869 eruditionem
1112 1846 1331 1879 morumque
1351 1835 1549 1869 candorem
1568 1835 1684 1880 (Eleg.
1702 1837 1829 1870 moral.
1849 1837 1893 1871 II.
1913 1839 1980 1881 14.)

351 1893 486 1927 extulit
501 1893 733 1927 Murmellius
750 1892 917 1926 versibus
935 1903 1025 1935 quos
1042 1892 1128 1936 post
1144 1891 1328 1925 Lamentt.
1348 1890 1388 1925 O.
1403 1891 1447 1925 V.
1465 1891 1618 1936 repetiit
1636 1892 1828 1935 Ortvinus,
1856 1894 1894 1927 et
1916 1904 1980 1927 no-

353 1950 469 1983 strum
493 1949 565 1983 vol.
584 1949 645 1982 VI.
669 1961 703 1992 p.
723 1952 798 1983 392.

260 2010 301 2040 33
330 2006 587 2049 &sentit-w]
621 2004 737 2049 Virgo
768 2015 835 2048 1110
866 2005 1029 2038 masculo
1061 2004 1115 2038 rei
1145 2014 1314 2038 venereae
1345 2003 1509 2038 nondum
1541 2005 1693 2048 experto
1720 2005 1777 2048 (ut
1800 2006 1980 2040 recentio-

350 2074 431 2095 rum
457 2072 604 2105 quoque
623 2060 834 2105 linguarum
852 2061 929 2094 fere
948 2072 1027 2094 mos
1045 2062 1113 2104 est)
1131 2060 1270 2105 legitur
1287 2072 1345 2104 ap.
1363 2060 1515 2094 Hieron.
1535 2071 1591 2104 ep.
1610 2060 1656 2094 ad
1675 2059 1886 2094 Salvianam
1906 2061 1980 2095 Gil-

350 2118 456 2151 donis
480 2117 617 2150 filiam:
645 2118 718 2158 „ut
742 2116 978 2160 [Nebridius]
999 2117 1102 2160 virgo
1129 2116 1322 2150 sortiretur
1352 2119 1554 2158 uxorem“;
1584 2116 1677 2150 item
1701 2127 1759 2160 ap.
1778 2116 1886 2151 eund.
1904 2117 1983 2151 vita

349 2173 509 2207 Malchi:
553 2173 689 2217 „virgo
720 2173 875 2206 maritus
898 2172 1073 2214 fieren1“‚
1113 2173 1151 2206 et
1175 2183 1231 2215 ap.
1254 2171 1418 2206 Marcell.
1442 2172 1616 2217 Empiric.
1641 2183 1670 2206 0.
1688 2176 1718 2207 8.
1750 2173 1887 2217 „pueri
1910 2173 1981 2207 vir-

351 2229 489 2273 ginis“.
538 2228 803 2271 (Kirchmaieri
826 2239 970 2273 opuscc.
995 2227 1077 2262 Hal.
1098 2233 1193 2262 1772.
1219 2230 1264 2263 8⁰.
1293 2241 1327 2272 p.
1349 2232 1423 2263 131.
1441 2230 1524 2272 sq.).
1579 2228 1733 2263 Tertull.
1752 2228 1844 2273 virg.
1863 2228 1932 2263 vel.
1951 2233 1982 2263 8.

352 2285 501 2318 Hieron.
523 2289 550 2318 1.
576 2284 658 2318 adv.
683 2284 800 2318 Iovin.
823 2296 858 2318 n.
876 2289 907 2318 4.
932 2295 988 2328 ep.
1007 2288 1060 2318 22.
1084 2296 1119 2318 11.
1137 2288 1189 2318 21.
1233 2283 1338 2318 Paul.
1355 2284 1488 2318 Nolan.
1507 2295 1617 2318 carm.
1635 2288 1695 2326 22,
1720 2293 1746 2318 2.
1794 2284 1904 2318 Inscr.
1923 2295 1982 2328 ap.

354 2341 464 2384 Spon.
483 2340 528 2374 de
546 2340 622 2374 reb.
640 2339 809 2384 Lugdun.
828 2352 856 2374 0.
872 2345 901 2374 3.
921 2339 1129 2383 (Forcellin.
1148 2352 1181 2373 v.
1199 2339 1341 2384 Virgo).
1383 2339 1438 2373 De
1456 2340 1566 2374 rebus
1582 2351 1655 2374 non
1674 2339 1895 2374 animalibus
1912 2340 1982 2384 ipsi

352 2397 498 2430 veteres
522 2395 663 2439 pariter
687 2396 797 2439 atque
821 2395 1046 2430 recentiores
1068 2395 1205 2440 linguae
1230 2395 1411 2429 vocabulo
1436 2396 1607 2438 utuntur,
1634 2397 1677 2430 ut
1699 2395 1782 2429 illas
1805 2395 1980 2441 integras,

355 2452 513 2485 intactas
538 2452 825 2485 intemeratasve
851 2451 1071 2496 significent.

264 2512 306 2543 36
333 2509 464 2542 nmltas
488 2509 572 2552 sein]
612 2507 731 2542 Sacrae
761 2508 951 2552 scripturae
980 2508 1090 2544 locos.
1110 2519 1139 2542 e.
1157 2520 1210 2553 gr.
1228 2508 1254 2541 Ι.
1275 2508 1353 2543 Cor.
1371 2521 1418 2542 VI.
1438 2512 1489 2542 18.
1507 2521 1539 2542 v.
1556 2512 1606 2542 11.
1625 2508 1673 2542 ad
1696 2508 1830 2553 Ephes.
1843 2521 1876 2543 v.
1891 2512 1921 2543 5.
1935 2508 1982 2543 ad

353 2564 465 2598 Hebr.
483 2577 543 2598 ΧΠ.
563 2567 614 2598 16.
632 2576 683 2608 sq.
706 2577 781 2598 xm.
799 2568 829 2598 4.
855 2563 1007 2608 Apocal.
1025 2576 1095 2597 xxx.
1114 2567 1144 2598 8.
1502 2573 1506 2576 ’

265 2623 349 2663 Pag.
370 2621 433 2657 21.
927 2641 1329 2645 *ffjff-

266 2681 285 2709 2
309 2679 394 2710 sunt
417 2676 569 2721 sah-att]
595 2676 718 2710 Etiam
742 2676 890 2711 biblico.

267 2737 286 2765 3
311 2731 481 2776 Samson]
508 2732 677 2766 Iudicum
701 2743 779 2777 cap.
797 2745 868 2767 mv.

355 2787 510 2829 spiritus
528 2816 533 2821 .
550 2816 555 2821 .
572 2816 578 2821 .
599 2790 690 2833 eum]
716 2788 794 2822 Iud.
812 2788 835 2822 1.
855 2800 883 2822 c.
902 2800 995 2823 vers.
1013 2793 1044 2823 6.

268 2847 286 2875 6
312 2843 485 2885 scriptum
512 2845 572 2887 est]
599 2844 762 2888 Sapient.
781 2844 808 2879 Ι.
825 2849 855 2878 4.

272 2903 314 2932 10
339 2899 472 2942 Iegyz'tm·
489 2926 496 2932 .
516 2926 522 2932 .
543 2927 548 2932 .
568 2901 724 2944 concub]
758 2901 874 2935 Immo
900 2900 959 2934 ΙΠ.
977 2901 1069 2945 Reg.
1085 2900 1146 2935 XI.
1165 2907 1195 2936 3.
1215 2903 1270 2936 est
1294 2901 1557 2944 „Fueruntque
1584 2901 1617 2935 ei
1643 2911 1774 2934 uxores
1799 2900 1904 2944 quasi
1928 2911 1982 2934 10-

359 2954 454 2998 ginae
480 2955 724 2999 septingentae
751 2958 789 2990 et
813 2957 1027 2990 concubinae
1052 2958 1247 2999 trecentae⁷
1283 2958 1320 2991 et
1345 2958 1561 2991 averterunt
1584 2957 1758 2990 mulieres
1783 2967 1844 2990 001·
1869 2956 1982 2990 eius.“

272 3013 311 3043 11
337 3019 410 3043 non
433 3009 508 3052 fait
524 3012 708 3054 numerus]
736 3011 848 3045 etia-m
872 3012 1009 3046 biblice
1037 3013 1082 3055 (e.
1101 3024 1153 3056 gr.
1173 3013 1216 3046 H.
1234 3012 1395 3056 Paralip.
1412 3012 1507 3055 XII.)
1525 3023 1591 3056 pro
1619 3012 1870 3048 ‘innumffl-ae’,
