<?xml version="1.0" encoding="UTF-8"?>
<!DOCTYPE html PUBLIC "-//W3C//DTD XHTML 1.0 Transitional//EN"
    "http://www.w3.org/TR/xhtml1/DTD/xhtml1-transitional.dtd">
<html xmlns="http://www.w3.org/1999/xhtml" xml:lang="en" lang="en">
 <head>
  <title>
</title>
<meta http-equiv="Content-Type" content="text/html;charset=utf-8" />
  <meta name='ocr-system' content='tesseract 3.04.00' />
  <meta name='ocr-capabilities' content='ocr_page ocr_carea ocr_par ocr_line ocrx_word'/>
</head>
<body>
  <div class='ocr_page' id='page_1' title='image "./operaquaereperir02huttuoft/operaquaereperir02huttuoft_0621.png"; bbox 0 0 2119 3522; ppageno 0'>
   <div class='ocr_carea' id='block_1_1' title="bbox 115 228 1828 460">
    <p class='ocr_par' dir='ltr' id='par_1_1' title="bbox 116 228 1825 274">
     <span class='ocr_line' id='line_1_1' title="bbox 116 228 1825 274; baseline -0.001 -4"><span class='ocrx_word' id='word_1_1' title='bbox 116 246 188 270; x_wconf 74' lang='grc' dir='ltr'><strong>ΕΡΡ.</strong></span> <span class='ocrx_word' id='word_1_2' title='bbox 202 244 244 270; x_wconf 78' lang='grc'>36.</span> <span class='ocrx_word' id='word_1_3' title='bbox 258 245 300 270; x_wconf 79' lang='grc'>37.</span> <span class='ocrx_word' id='word_1_4' title='bbox 326 247 578 271; x_wconf 77' lang='lat' dir='ltr'>EITELNARRAB.</span> <span class='ocrx_word' id='word_1_5' title='bbox 595 248 640 270; x_wconf 80' lang='lat' dir='ltr'>DE</span> <span class='ocrx_word' id='word_1_6' title='bbox 658 248 851 270; x_wconf 69' lang='lat' dir='ltr'>Pnssmsscx</span> <span class='ocrx_word' id='word_1_7' title='bbox 869 247 1026 271; x_wconf 79' lang='lat' dir='ltr'>ORTvmo.</span> <span class='ocrx_word' id='word_1_8' title='bbox 1045 261 1088 265; x_wconf 90' lang='lat'>—</span> <span class='ocrx_word' id='word_1_9' title='bbox 1106 248 1249 271; x_wconf 73' lang='lat' dir='ltr'>vaom.</span> <span class='ocrx_word' id='word_1_10' title='bbox 1267 248 1498 271; x_wconf 70' lang='lat' dir='ltr'>rEDERrvsws</span> <span class='ocrx_word' id='word_1_11' title='bbox 1514 247 1672 271; x_wconf 73' lang='lat' dir='ltr'>onrvmo.</span> <span class='ocrx_word' id='word_1_12' title='bbox 1732 228 1825 274; x_wconf 77' lang='grc'>607</span> 
     </span>
    </p>

    <p class='ocr_par' dir='ltr' id='par_1_2' title="bbox 115 305 1828 348">
     <span class='ocr_line' id='line_1_2' title="bbox 115 305 1828 348; baseline 0 -11"><span class='ocrx_word' id='word_1_13' title='bbox 115 306 202 346; x_wconf 86' lang='lat' dir='ltr'>Pag.</span> <span class='ocrx_word' id='word_1_14' title='bbox 218 305 281 341; x_wconf 89' lang='lat'>55.</span> <span class='ocrx_word' id='word_1_15' title='bbox 1236 308 1320 348; x_wconf 83' lang='lat' dir='ltr'>Pag.</span> <span class='ocrx_word' id='word_1_16' title='bbox 1337 308 1388 338; x_wconf 83' lang='lat'>55.</span> <span class='ocrx_word' id='word_1_17' title='bbox 1407 318 1437 338; x_wconf 93' lang='lat' dir='ltr'>v.</span> <span class='ocrx_word' id='word_1_18' title='bbox 1451 314 1483 338; x_wconf 72' lang='lat'>20</span> <span class='ocrx_word' id='word_1_19' title='bbox 1501 331 1508 338; x_wconf 94' lang='lat'><strong>.</strong></span> <span class='ocrx_word' id='word_1_20' title='bbox 1523 332 1529 337; x_wconf 91' lang='lat'><strong>.</strong></span> <span class='ocrx_word' id='word_1_21' title='bbox 1545 332 1551 337; x_wconf 94' lang='lat'>.</span> <span class='ocrx_word' id='word_1_22' title='bbox 1570 307 1656 347; x_wconf 75' lang='lat' dir='ltr'>Pag.</span> <span class='ocrx_word' id='word_1_23' title='bbox 1671 307 1723 337; x_wconf 82' lang='lat'>56.</span> <span class='ocrx_word' id='word_1_24' title='bbox 1741 317 1772 337; x_wconf 91' lang='lat' dir='ltr'>v.</span> <span class='ocrx_word' id='word_1_25' title='bbox 1786 313 1828 338; x_wconf 87' lang='grc'>19.</span> 
     </span>
    </p>

    <p class='ocr_par' dir='ltr' id='par_1_3' title="bbox 116 359 1828 460">
     <span class='ocr_line' id='line_1_3' title="bbox 116 359 1828 405; baseline -0.001 -12"><span class='ocrx_word' id='word_1_26' title='bbox 116 363 158 393; x_wconf 83' lang='grc'>32</span> <span class='ocrx_word' id='word_1_27' title='bbox 183 360 403 404; x_wconf 70' lang='lat' dir='ltr'>qratiabilis]</span> <span class='ocrx_word' id='word_1_28' title='bbox 432 360 635 404; x_wconf 83' lang='lat' dir='ltr'>‘gratialis’</span> <span class='ocrx_word' id='word_1_29' title='bbox 654 371 721 404; x_wconf 92' lang='lat' dir='ltr'>pro</span> <span class='ocrx_word' id='word_1_30' title='bbox 742 361 959 405; x_wconf 83' lang='lat' dir='ltr'>‘gratiosus&#39;</span> <span class='ocrx_word' id='word_1_31' title='bbox 979 361 1094 394; x_wconf 86' lang='lat' dir='ltr'>habet</span> <span class='ocrx_word' id='word_1_32' title='bbox 1109 360 1298 405; x_wconf 85' lang='lat' dir='ltr'>Ducange.</span> <span class='ocrx_word' id='word_1_33' title='bbox 1326 360 1398 394; x_wconf 84' lang='lat' dir='ltr'>Sed</span> <span class='ocrx_word' id='word_1_34' title='bbox 1417 360 1656 405; x_wconf 82' lang='lat' dir='ltr'>‘gratiabilis’</span> <span class='ocrx_word' id='word_1_35' title='bbox 1675 359 1828 393; x_wconf 82' lang='lat' dir='ltr'>fortasse</span> 
     </span>
     <span class='ocr_line' id='line_1_4' title="bbox 205 416 843 460; baseline 0.002 -12"><span class='ocrx_word' id='word_1_36' title='bbox 205 426 279 449; x_wconf 88' lang='lat' dir='ltr'>non</span> <span class='ocrx_word' id='word_1_37' title='bbox 303 416 373 449; x_wconf 86' lang='lat' dir='ltr'>nisi</span> <span class='ocrx_word' id='word_1_38' title='bbox 397 416 466 450; x_wconf 98' lang='grc'>1100</span> <span class='ocrx_word' id='word_1_39' title='bbox 491 427 563 450; x_wconf 88' lang='grc'>11110</span> <span class='ocrx_word' id='word_1_40' title='bbox 589 416 670 450; x_wconf 88' lang='grc'>1000</span> <span class='ocrx_word' id='word_1_41' title='bbox 694 416 843 460; x_wconf 83' lang='lat' dir='ltr'>legitur.</span> 
     </span>
    </p>
   </div>
   <div class='ocr_carea' id='block_1_2' title="bbox 115 471 1828 681">
    <p class='ocr_par' dir='ltr' id='par_1_4' title="bbox 115 471 1828 681">
     <span class='ocr_line' id='line_1_5' title="bbox 115 471 1828 517; baseline 0 -13"><span class='ocrx_word' id='word_1_42' title='bbox 115 474 158 505; x_wconf 80' lang='lat'>36</span> <span class='ocrx_word' id='word_1_43' title='bbox 182 471 237 504; x_wconf 71' lang='lat' dir='ltr'>ita</span> <span class='ocrx_word' id='word_1_44' title='bbox 261 499 268 505; x_wconf 91' lang='lat'><strong>.</strong></span> <span class='ocrx_word' id='word_1_45' title='bbox 287 499 320 505; x_wconf 90' lang='lat'>..</span> <span class='ocrx_word' id='word_1_46' title='bbox 346 472 457 516; x_wconf 73' lang='lat' dir='ltr'>sicut]</span> <span class='ocrx_word' id='word_1_47' title='bbox 489 472 566 505; x_wconf 90' lang='lat' dir='ltr'>tam</span> <span class='ocrx_word' id='word_1_48' title='bbox 678 483 800 516; x_wconf 85' lang='lat' dir='ltr'>quam.</span> <span class='ocrx_word' id='word_1_49' title='bbox 835 473 1043 506; x_wconf 83' lang='lat' dir='ltr'>‘matrona’</span> <span class='ocrx_word' id='word_1_50' title='bbox 1075 473 1230 517; x_wconf 88' lang='lat' dir='ltr'>propter</span> <span class='ocrx_word' id='word_1_51' title='bbox 1261 472 1483 516; x_wconf 84' lang='lat' dir='ltr'>dignitatem</span> <span class='ocrx_word' id='word_1_52' title='bbox 1515 471 1737 516; x_wconf 87' lang='lat' dir='ltr'>appellatur.</span> <span class='ocrx_word' id='word_1_53' title='bbox 1784 471 1828 505; x_wconf 85' lang='lat' dir='ltr'>cf.</span> 
     </span>
     <span class='ocr_line' id='line_1_6' title="bbox 207 528 390 561; baseline 0.005 -1"><span class='ocrx_word' id='word_1_54' title='bbox 207 530 249 560; x_wconf 82' lang='lat'>56</span> <span class='ocrx_word' id='word_1_55' title='bbox 257 528 281 560; x_wconf 80' lang='lat'>³.</span> <span class='ocrx_word' id='word_1_56' title='bbox 300 531 342 561; x_wconf 82' lang='lat'>57</span> <span class='ocrx_word' id='word_1_57' title='bbox 354 529 390 560; x_wconf 66' lang='lat'>¹5.</span> 
     </span>
     <span class='ocr_line' id='line_1_7' title="bbox 162 582 704 628; baseline 0.006 -13"><span class='ocrx_word' id='word_1_58' title='bbox 162 582 265 616; x_wconf 69' lang='lat' dir='ltr'>vellet</span> <span class='ocrx_word' id='word_1_59' title='bbox 291 583 475 628; x_wconf 74' lang='lat' dir='ltr'>libentius]</span> <span class='ocrx_word' id='word_1_60' title='bbox 501 583 704 627; x_wconf 69' lang='lat' dir='ltr'>praeferret.</span> 
     </span>
     <span class='ocr_line' id='line_1_8' title="bbox 116 640 286 681; baseline 0.006 -10"><span class='ocrx_word' id='word_1_61' title='bbox 116 640 202 681; x_wconf 84' lang='lat' dir='ltr'>Pag.</span> <span class='ocrx_word' id='word_1_62' title='bbox 221 640 286 676; x_wconf 81' lang='lat'>56.</span> 
     </span>
    </p>
   </div>
   <div class='ocr_carea' id='block_1_3' title="bbox 91 689 1832 2028">
    <p class='ocr_par' dir='ltr' id='par_1_5' title="bbox 91 689 1832 850">
     <span class='ocr_line' id='line_1_9' title="bbox 91 689 1830 740; baseline 0.003 -14"><span class='ocrx_word' id='word_1_63' title='bbox 91 689 98 696; x_wconf 71' lang='lat'><strong><em>⁴</em></strong></span> <span class='ocrx_word' id='word_1_64' title='bbox 117 697 132 726; x_wconf 97' lang='lat'>1</span> <span class='ocrx_word' id='word_1_65' title='bbox 159 694 294 728; x_wconf 77' lang='lat' dir='ltr'>audivi</span> <span class='ocrx_word' id='word_1_66' title='bbox 318 695 362 729; x_wconf 75' lang='lat' dir='ltr'>ab</span> <span class='ocrx_word' id='word_1_67' title='bbox 387 706 428 729; x_wconf 72' lang='lat' dir='ltr'>eccv</span> <span class='ocrx_word' id='word_1_68' title='bbox 452 696 524 740; x_wconf 66' lang='grc' dir='ltr'>(ι’-0.]</span> <span class='ocrx_word' id='word_1_69' title='bbox 551 696 572 729; x_wconf 91' lang='lat' dir='ltr'>i.</span> <span class='ocrx_word' id='word_1_70' title='bbox 593 707 622 730; x_wconf 90' lang='lat' dir='ltr'>e.</span> <span class='ocrx_word' id='word_1_71' title='bbox 643 707 687 730; x_wconf 81' lang='lat' dir='ltr'>ex</span> <span class='ocrx_word' id='word_1_72' title='bbox 719 706 779 738; x_wconf 84' lang='lat' dir='ltr'>ea;</span> <span class='ocrx_word' id='word_1_73' title='bbox 820 696 947 730; x_wconf 84' lang='lat' dir='ltr'>audivi</span> <span class='ocrx_word' id='word_1_74' title='bbox 979 707 1060 730; x_wconf 83' lang='lat' dir='ltr'>eam</span> <span class='ocrx_word' id='word_1_75' title='bbox 1093 697 1279 730; x_wconf 83' lang='lat' dir='ltr'>dicentem</span> <span class='ocrx_word' id='word_1_76' title='bbox 1311 707 1348 730; x_wconf 88' lang='lat' dir='ltr'>se</span> <span class='ocrx_word' id='word_1_77' title='bbox 1381 696 1524 730; x_wconf 77' lang='lat' dir='ltr'><strong>audisse</strong></span> <span class='ocrx_word' id='word_1_78' title='bbox 1557 707 1576 730; x_wconf 91' lang='lat' dir='ltr'>e</span> <span class='ocrx_word' id='word_1_79' title='bbox 1607 698 1724 731; x_wconf 83' lang='lat' dir='ltr'>matre</span> <span class='ocrx_word' id='word_1_80' title='bbox 1755 708 1830 731; x_wconf 85' lang='lat' dir='ltr'>sua.</span> 
     </span>
     <span class='ocr_line' id='line_1_10' title="bbox 205 751 1832 796; baseline 0.001 -12"><span class='ocrx_word' id='word_1_81' title='bbox 205 751 347 785; x_wconf 87' lang='lat' dir='ltr'>scilicet</span> <span class='ocrx_word' id='word_1_82' title='bbox 369 751 450 795; x_wconf 87' lang='lat' dir='ltr'>ipsa</span> <span class='ocrx_word' id='word_1_83' title='bbox 475 753 513 785; x_wconf 90' lang='lat' dir='ltr'>et</span> <span class='ocrx_word' id='word_1_84' title='bbox 542 752 698 785; x_wconf 86' lang='lat' dir='ltr'>maritus</span> <span class='ocrx_word' id='word_1_85' title='bbox 730 752 804 785; x_wconf 88' lang='lat' dir='ltr'>iam</span> <span class='ocrx_word' id='word_1_86' title='bbox 830 751 1028 785; x_wconf 72' lang='lat' dir='ltr'>Christiani</span> <span class='ocrx_word' id='word_1_87' title='bbox 1059 753 1160 793; x_wconf 82' lang='lat' dir='ltr'>sunt,</span> <span class='ocrx_word' id='word_1_88' title='bbox 1190 763 1310 795; x_wconf 84' lang='lat' dir='ltr'>neque</span> <span class='ocrx_word' id='word_1_89' title='bbox 1343 763 1387 785; x_wconf 85' lang='lat' dir='ltr'>ex</span> <span class='ocrx_word' id='word_1_90' title='bbox 1418 752 1569 796; x_wconf 83' lang='lat' dir='ltr'>propria</span> <span class='ocrx_word' id='word_1_91' title='bbox 1600 753 1832 796; x_wconf 73' lang='lat' dir='ltr'>experientia</span> 
     </span>
     <span class='ocr_line' id='line_1_11' title="bbox 204 807 1413 850; baseline 0.002 -11"><span class='ocrx_word' id='word_1_92' title='bbox 204 807 459 840; x_wconf 85' lang='lat' dir='ltr'>testimonium</span> <span class='ocrx_word' id='word_1_93' title='bbox 485 807 608 841; x_wconf 81' lang='lat' dir='ltr'>dicere</span> <span class='ocrx_word' id='word_1_94' title='bbox 633 807 934 850; x_wconf 85' lang='lat' dir='ltr'>Pepericorniam</span> <span class='ocrx_word' id='word_1_95' title='bbox 958 807 1040 841; x_wconf 82' lang='lat' dir='ltr'>vult</span> <span class='ocrx_word' id='word_1_96' title='bbox 1062 807 1413 841; x_wconf 83' lang='lat' dir='ltr'>Eitelnarrabianus.</span> 
     </span>
    </p>

    <p class='ocr_par' dir='ltr' id='par_1_6' title="bbox 115 862 1830 1121">
     <span class='ocr_line' id='line_1_12' title="bbox 115 862 1830 907; baseline 0.001 -12"><span class='ocrx_word' id='word_1_97' title='bbox 115 866 134 895; x_wconf 76' lang='lat'>‘2</span> <span class='ocrx_word' id='word_1_98' title='bbox 154 863 326 907; x_wconf 71' lang='lat' dir='ltr'>proeput.]</span> <span class='ocrx_word' id='word_1_99' title='bbox 352 862 463 906; x_wconf 86' lang='lat' dir='ltr'>Apud</span> <span class='ocrx_word' id='word_1_100' title='bbox 481 862 635 896; x_wconf 85' lang='lat' dir='ltr'>Tertull.</span> <span class='ocrx_word' id='word_1_101' title='bbox 654 863 899 907; x_wconf 72' lang='lat' dir='ltr'>praeputiatus</span> <span class='ocrx_word' id='word_1_102' title='bbox 917 864 973 896; x_wconf 88' lang='lat' dir='ltr'>est</span> <span class='ocrx_word' id='word_1_103' title='bbox 988 863 1214 907; x_wconf 83' lang='lat' dir='ltr'>praeputium</span> <span class='ocrx_word' id='word_1_104' title='bbox 1231 863 1389 905; x_wconf 84' lang='lat' dir='ltr'>habens,</span> <span class='ocrx_word' id='word_1_105' title='bbox 1416 864 1479 907; x_wconf 88' lang='lat' dir='ltr'>qui</span> <span class='ocrx_word' id='word_1_106' title='bbox 1503 875 1577 897; x_wconf 90' lang='lat' dir='ltr'>non</span> <span class='ocrx_word' id='word_1_107' title='bbox 1596 864 1830 897; x_wconf 77' lang='lat' dir='ltr'>circumcisus</span> 
     </span>
     <span class='ocr_line' id='line_1_13' title="bbox 205 918 1829 963; baseline 0.001 -12"><span class='ocrx_word' id='word_1_108' title='bbox 205 920 269 952; x_wconf 88' lang='lat' dir='ltr'>est.</span> <span class='ocrx_word' id='word_1_109' title='bbox 301 918 364 952; x_wconf 89' lang='lat' dir='ltr'>sed</span> <span class='ocrx_word' id='word_1_110' title='bbox 394 918 454 952; x_wconf 90' lang='lat' dir='ltr'>hic</span> <span class='ocrx_word' id='word_1_111' title='bbox 486 919 629 952; x_wconf 86' lang='lat' dir='ltr'>contra:</span> <span class='ocrx_word' id='word_1_112' title='bbox 670 919 911 963; x_wconf 79' lang='lat' dir='ltr'>‘praeputiare</span> <span class='ocrx_word' id='word_1_113' title='bbox 948 918 1172 963; x_wconf 84' lang='lat' dir='ltr'>praeputium</span> <span class='ocrx_word' id='word_1_114' title='bbox 1208 919 1419 962; x_wconf 67' lang='lat' dir='ltr'>praecidere.</span> <span class='ocrx_word' id='word_1_115' title='bbox 1459 918 1615 953; x_wconf 82' lang='lat' dir='ltr'>Glossar.</span> <span class='ocrx_word' id='word_1_116' title='bbox 1634 921 1719 953; x_wconf 61' lang='lat' dir='ltr'>vet!</span> <span class='ocrx_word' id='word_1_117' title='bbox 1757 920 1829 953; x_wconf 89' lang='lat' dir='ltr'>Du-</span> 
     </span>
     <span class='ocr_line' id='line_1_14' title="bbox 205 973 1830 1021; baseline 0.001 -13"><span class='ocrx_word' id='word_1_118' title='bbox 205 985 331 1019; x_wconf 84' lang='lat' dir='ltr'>cange.</span> <span class='ocrx_word' id='word_1_119' title='bbox 358 975 397 1008; x_wconf 90' lang='lat' dir='ltr'>et</span> <span class='ocrx_word' id='word_1_120' title='bbox 414 973 571 1008; x_wconf 82' lang='lat' dir='ltr'>Gemma</span> <span class='ocrx_word' id='word_1_121' title='bbox 587 986 641 1019; x_wconf 85' lang='lat' dir='ltr'>g.:</span> <span class='ocrx_word' id='word_1_122' title='bbox 669 975 914 1021; x_wconf 71' lang='lat' dir='ltr'>„Preputium</span> <span class='ocrx_word' id='word_1_123' title='bbox 940 975 1076 1008; x_wconf 87' lang='lat' dir='ltr'>dicitur</span> <span class='ocrx_word' id='word_1_124' title='bbox 1099 975 1263 1008; x_wconf 85' lang='lat' dir='ltr'>anterior</span> <span class='ocrx_word' id='word_1_125' title='bbox 1286 985 1371 1018; x_wconf 88' lang='lat' dir='ltr'>pars</span> <span class='ocrx_word' id='word_1_126' title='bbox 1395 974 1503 1019; x_wconf 82' lang='lat' dir='ltr'>pellis</span> <span class='ocrx_word' id='word_1_127' title='bbox 1526 975 1564 1008; x_wconf 89' lang='lat' dir='ltr'>in</span> <span class='ocrx_word' id='word_1_128' title='bbox 1589 975 1757 1009; x_wconf 87' lang='lat' dir='ltr'>membro</span> <span class='ocrx_word' id='word_1_129' title='bbox 1779 975 1830 1009; x_wconf 83' lang='lat' dir='ltr'>vi-</span> 
     </span>
     <span class='ocr_line' id='line_1_15' title="bbox 205 1029 1830 1077; baseline 0.001 -14"><span class='ocrx_word' id='word_1_130' title='bbox 205 1029 280 1072; x_wconf 77' lang='lat' dir='ltr'>rili,</span> <span class='ocrx_word' id='word_1_131' title='bbox 308 1041 379 1076; x_wconf 70' lang='lat' dir='ltr'>que</span> <span class='ocrx_word' id='word_1_132' title='bbox 405 1031 638 1076; x_wconf 68' lang='lat' dir='ltr'>preputatur.</span> <span class='ocrx_word' id='word_1_133' title='bbox 657 1032 695 1065; x_wconf 90' lang='lat' dir='ltr'>et</span> <span class='ocrx_word' id='word_1_134' title='bbox 717 1030 923 1077; x_wconf 70' lang='lat' dir='ltr'>preciditur</span> <span class='ocrx_word' id='word_1_135' title='bbox 946 1030 1070 1076; x_wconf 69' lang='lat' dir='ltr'>Iudeis</span> <span class='ocrx_word' id='word_1_136' title='bbox 1089 1058 1095 1063; x_wconf 91' lang='lat'><strong>.</strong></span> <span class='ocrx_word' id='word_1_137' title='bbox 1113 1030 1332 1076; x_wconf 76' lang='lat' dir='ltr'>Preputiare</span> <span class='ocrx_word' id='word_1_138' title='bbox 1359 1031 1390 1064; x_wconf 85' lang='lat' dir='ltr'>.i.</span> <span class='ocrx_word' id='word_1_139' title='bbox 1408 1030 1512 1064; x_wconf 90' lang='lat' dir='ltr'>illam</span> <span class='ocrx_word' id='word_1_140' title='bbox 1544 1031 1682 1074; x_wconf 89' lang='lat' dir='ltr'>pellem</span> <span class='ocrx_word' id='word_1_141' title='bbox 1712 1031 1830 1076; x_wconf 74' lang='lat' dir='ltr'>preci-</span> 
     </span>
     <span class='ocr_line' id='line_1_16' title="bbox 204 1085 1080 1121; baseline 0.001 -2"><span class='ocrx_word' id='word_1_142' title='bbox 204 1086 334 1120; x_wconf 88' lang='lat' dir='ltr'>dere“.</span> <span class='ocrx_word' id='word_1_143' title='bbox 384 1085 563 1120; x_wconf 84' lang='lat' dir='ltr'>Similiter</span> <span class='ocrx_word' id='word_1_144' title='bbox 587 1086 651 1120; x_wconf 92' lang='lat' dir='ltr'>sed</span> <span class='ocrx_word' id='word_1_145' title='bbox 674 1086 790 1120; x_wconf 88' lang='lat' dir='ltr'>fusius</span> <span class='ocrx_word' id='word_1_146' title='bbox 814 1086 864 1121; x_wconf 89' lang='lat' dir='ltr'>Io.</span> <span class='ocrx_word' id='word_1_147' title='bbox 883 1087 928 1121; x_wconf 91' lang='lat' dir='ltr'>de</span> <span class='ocrx_word' id='word_1_148' title='bbox 954 1086 1080 1120; x_wconf 88' lang='lat' dir='ltr'>Ianua.</span> 
     </span>
    </p>

    <p class='ocr_par' dir='ltr' id='par_1_7' title="bbox 113 1141 1830 1242">
     <span class='ocr_line' id='line_1_17' title="bbox 113 1141 1830 1187; baseline 0.001 -12"><span class='ocrx_word' id='word_1_149' title='bbox 113 1146 133 1175; x_wconf 88' lang='lat'><strong>3</strong></span> <span class='ocrx_word' id='word_1_150' title='bbox 159 1141 250 1175; x_wconf 75' lang='lat' dir='ltr'>dicit</span> <span class='ocrx_word' id='word_1_151' title='bbox 274 1142 353 1185; x_wconf 52' lang='lat' dir='ltr'>etex]</span> <span class='ocrx_word' id='word_1_152' title='bbox 391 1141 528 1176; x_wconf 88' lang='lat' dir='ltr'>Mirum</span> <span class='ocrx_word' id='word_1_153' title='bbox 558 1142 628 1176; x_wconf 88' lang='grc'>1100</span> <span class='ocrx_word' id='word_1_154' title='bbox 658 1142 838 1176; x_wconf 87' lang='lat' dir='ltr'>castitatis</span> <span class='ocrx_word' id='word_1_155' title='bbox 869 1142 1193 1186; x_wconf 82' lang='lat' dir='ltr'>sanctimoniaeque</span> <span class='ocrx_word' id='word_1_156' title='bbox 1218 1143 1396 1176; x_wconf 82' lang='lat' dir='ltr'>matronae</span> <span class='ocrx_word' id='word_1_157' title='bbox 1422 1143 1537 1177; x_wconf 83' lang='lat' dir='ltr'>Annae</span> <span class='ocrx_word' id='word_1_158' title='bbox 1562 1143 1830 1187; x_wconf 75' lang='lat' dir='ltr'>Pepericorniae</span> 
     </span>
     <span class='ocr_line' id='line_1_18' title="bbox 205 1198 478 1242; baseline 0.004 -11"><span class='ocrx_word' id='word_1_159' title='bbox 205 1198 478 1242; x_wconf 72' lang='lat' dir='ltr'>argumentum.</span> 
     </span>
    </p>

    <p class='ocr_par' dir='ltr' id='par_1_8' title="bbox 113 1253 936 1299">
     <span class='ocr_line' id='line_1_19' title="bbox 113 1253 936 1299; baseline 0.004 -13"><span class='ocrx_word' id='word_1_160' title='bbox 113 1256 133 1286; x_wconf 84' lang='lat'>8</span> <span class='ocrx_word' id='word_1_161' title='bbox 158 1253 384 1298; x_wconf 68' lang='lat' dir='ltr'>sturmqloclc]</span> <span class='ocrx_word' id='word_1_162' title='bbox 411 1254 454 1287; x_wconf 86' lang='lat' dir='ltr'>cf.</span> <span class='ocrx_word' id='word_1_163' title='bbox 475 1254 553 1288; x_wconf 87' lang='lat' dir='ltr'>Iud.</span> <span class='ocrx_word' id='word_1_164' title='bbox 572 1266 656 1288; x_wconf 80' lang='lat' dir='ltr'>serr.</span> <span class='ocrx_word' id='word_1_165' title='bbox 674 1266 710 1299; x_wconf 88' lang='lat' dir='ltr'>p.</span> <span class='ocrx_word' id='word_1_166' title='bbox 728 1259 780 1289; x_wconf 84' lang='lat'>83.</span> <span class='ocrx_word' id='word_1_167' title='bbox 800 1266 833 1288; x_wconf 90' lang='lat' dir='ltr'>n.</span> <span class='ocrx_word' id='word_1_168' title='bbox 851 1268 936 1289; x_wconf 80' lang='lat' dir='ltr'>xvu.</span> 
     </span>
    </p>

    <p class='ocr_par' dir='ltr' id='par_1_9' title="bbox 157 1309 948 1355">
     <span class='ocr_line' id='line_1_20' title="bbox 157 1309 948 1355; baseline 0.004 -13"><span class='ocrx_word' id='word_1_169' title='bbox 157 1310 265 1343; x_wconf 67' lang='lat' dir='ltr'>istam</span> <span class='ocrx_word' id='word_1_170' title='bbox 291 1309 447 1354; x_wconf 69' lang='lat' dir='ltr'>literam]</span> <span class='ocrx_word' id='word_1_171' title='bbox 473 1309 568 1343; x_wconf 85' lang='lat' dir='ltr'>hanc</span> <span class='ocrx_word' id='word_1_172' title='bbox 593 1321 715 1344; x_wconf 84' lang='lat' dir='ltr'>meam</span> <span class='ocrx_word' id='word_1_173' title='bbox 742 1311 948 1355; x_wconf 85' lang='lat' dir='ltr'>epistolam.</span> 
     </span>
    </p>

    <p class='ocr_par' dir='ltr' id='par_1_10' title="bbox 114 1365 1830 1522">
     <span class='ocr_line' id='line_1_21' title="bbox 114 1365 1829 1412; baseline 0.002 -14"><span class='ocrx_word' id='word_1_174' title='bbox 114 1370 155 1399; x_wconf 90' lang='lat'>10</span> <span class='ocrx_word' id='word_1_175' title='bbox 180 1365 304 1399; x_wconf 77' lang='lat' dir='ltr'>Herm.</span> <span class='ocrx_word' id='word_1_176' title='bbox 322 1366 469 1410; x_wconf 61' lang='lat' dir='ltr'>Busch]</span> <span class='ocrx_word' id='word_1_177' title='bbox 503 1366 697 1408; x_wconf 86' lang='lat' dir='ltr'>Buschius,</span> <span class='ocrx_word' id='word_1_178' title='bbox 728 1370 848 1410; x_wconf 67' lang='grc' dir='ltr'>ί1133110</span> <span class='ocrx_word' id='word_1_179' title='bbox 875 1368 1040 1401; x_wconf 79' lang='lat' dir='ltr'>coactus&#39;</span> <span class='ocrx_word' id='word_1_180' title='bbox 1069 1368 1127 1411; x_wconf 85' lang='lat' dir='ltr'>(cf.</span> <span class='ocrx_word' id='word_1_181' title='bbox 1146 1368 1193 1401; x_wconf 82' lang='lat' dir='ltr'>ad</span> <span class='ocrx_word' id='word_1_182' title='bbox 1218 1371 1260 1402; x_wconf 83' lang='grc'>49</span> <span class='ocrx_word' id='word_1_183' title='bbox 1272 1369 1312 1411; x_wconf 72' lang='lat'>³5)</span> <span class='ocrx_word' id='word_1_184' title='bbox 1339 1368 1503 1412; x_wconf 84' lang='lat' dir='ltr'>elogium</span> <span class='ocrx_word' id='word_1_185' title='bbox 1535 1369 1664 1402; x_wconf 80' lang='lat' dir='ltr'>contra</span> <span class='ocrx_word' id='word_1_186' title='bbox 1687 1367 1829 1402; x_wconf 80' lang='lat' dir='ltr'>Iudaeos</span> 
     </span>
     <span class='ocr_line' id='line_1_22' title="bbox 204 1422 1830 1469; baseline 0.002 -14"><span class='ocrx_word' id='word_1_187' title='bbox 204 1423 476 1466; x_wconf 71' lang='lat' dir='ltr'>composuerat,</span> <span class='ocrx_word' id='word_1_188' title='bbox 510 1422 609 1465; x_wconf 87' lang='lat' dir='ltr'>quod</span> <span class='ocrx_word' id='word_1_189' title='bbox 634 1423 671 1455; x_wconf 85' lang='lat' dir='ltr'>in</span> <span class='ocrx_word' id='word_1_190' title='bbox 696 1422 853 1457; x_wconf 86' lang='lat' dir='ltr'>Arnoldi</span> <span class='ocrx_word' id='word_1_191' title='bbox 877 1423 922 1457; x_wconf 90' lang='lat' dir='ltr'>de</span> <span class='ocrx_word' id='word_1_192' title='bbox 948 1423 1131 1468; x_wconf 81' lang='lat' dir='ltr'>Tungaris</span> <span class='ocrx_word' id='word_1_193' title='bbox 1156 1423 1407 1457; x_wconf 74' lang='lat' dir='ltr'>Articulorum</span> <span class='ocrx_word' id='word_1_194' title='bbox 1433 1425 1553 1468; x_wconf 84' lang='lat' dir='ltr'>prima</span> <span class='ocrx_word' id='word_1_195' title='bbox 1577 1424 1715 1468; x_wconf 82' lang='lat' dir='ltr'>pagina</span> <span class='ocrx_word' id='word_1_196' title='bbox 1740 1424 1830 1469; x_wconf 84' lang='lat' dir='ltr'>legi-</span> 
     </span>
     <span class='ocr_line' id='line_1_23' title="bbox 202 1477 830 1522; baseline 0.002 -10"><span class='ocrx_word' id='word_1_197' title='bbox 202 1479 271 1512; x_wconf 85' lang='lat' dir='ltr'>tur.</span> <span class='ocrx_word' id='word_1_198' title='bbox 298 1478 383 1512; x_wconf 82' lang='lat' dir='ltr'>vide</span> <span class='ocrx_word' id='word_1_199' title='bbox 409 1477 487 1511; x_wconf 87' lang='lat' dir='ltr'>Iud.</span> <span class='ocrx_word' id='word_1_200' title='bbox 506 1489 590 1513; x_wconf 86' lang='lat' dir='ltr'>scrr.</span> <span class='ocrx_word' id='word_1_201' title='bbox 608 1490 642 1522; x_wconf 89' lang='lat' dir='ltr'>p.</span> <span class='ocrx_word' id='word_1_202' title='bbox 662 1483 715 1513; x_wconf 84' lang='lat'>78.</span> <span class='ocrx_word' id='word_1_203' title='bbox 732 1491 766 1513; x_wconf 90' lang='lat' dir='ltr'>n.</span> <span class='ocrx_word' id='word_1_204' title='bbox 784 1492 830 1513; x_wconf 81' lang='lat' dir='ltr'>xr.</span> 
     </span>
    </p>

    <p class='ocr_par' dir='ltr' id='par_1_11' title="bbox 156 1533 866 1578">
     <span class='ocr_line' id='line_1_24' title="bbox 156 1533 866 1578; baseline 0.003 -11"><span class='ocrx_word' id='word_1_205' title='bbox 156 1534 245 1578; x_wconf 75' lang='lat' dir='ltr'>ipse]</span> <span class='ocrx_word' id='word_1_206' title='bbox 271 1533 550 1578; x_wconf 78' lang='lat' dir='ltr'>PepericornuS,</span> <span class='ocrx_word' id='word_1_207' title='bbox 578 1546 651 1568; x_wconf 89' lang='lat' dir='ltr'>non</span> <span class='ocrx_word' id='word_1_208' title='bbox 676 1534 866 1569; x_wconf 84' lang='lat' dir='ltr'>Buschius.</span> 
     </span>
    </p>

    <p class='ocr_par' dir='ltr' id='par_1_12' title="bbox 116 1590 1132 1637">
     <span class='ocr_line' id='line_1_25' title="bbox 116 1590 1132 1637; baseline 0.003 -14"><span class='ocrx_word' id='word_1_209' title='bbox 116 1594 153 1623; x_wconf 92' lang='grc'>11</span> <span class='ocrx_word' id='word_1_210' title='bbox 180 1591 377 1634; x_wconf 71' lang='lat' dir='ltr'>mutuavit]</span> <span class='ocrx_word' id='word_1_211' title='bbox 404 1590 532 1632; x_wconf 89' lang='lat' dir='ltr'>Immo,</span> <span class='ocrx_word' id='word_1_212' title='bbox 560 1592 688 1625; x_wconf 89' lang='lat' dir='ltr'>mutuo</span> <span class='ocrx_word' id='word_1_213' title='bbox 715 1591 830 1634; x_wconf 82' lang='lat' dir='ltr'>dedit,</span> <span class='ocrx_word' id='word_1_214' title='bbox 858 1603 927 1637; x_wconf 83' lang='lat' dir='ltr'>ego</span> <span class='ocrx_word' id='word_1_215' title='bbox 953 1592 1132 1626; x_wconf 82' lang='lat' dir='ltr'>mutuavi.</span> 
     </span>
    </p>

    <p class='ocr_par' dir='ltr' id='par_1_13' title="bbox 115 1645 1830 2028">
     <span class='ocr_line' id='line_1_26' title="bbox 115 1645 1829 1694; baseline 0.003 -15"><span class='ocrx_word' id='word_1_216' title='bbox 115 1650 165 1679; x_wconf 77' lang='grc'>1-2.</span> <span class='ocrx_word' id='word_1_217' title='bbox 186 1650 235 1680; x_wconf 88' lang='grc'>13.</span> <span class='ocrx_word' id='word_1_218' title='bbox 268 1645 408 1680; x_wconf 76' lang='lat' dir='ltr'>Verona</span> <span class='ocrx_word' id='word_1_219' title='bbox 431 1646 657 1691; x_wconf 33' lang='lat' dir='ltr'>A‘qrippina]</span> <span class='ocrx_word' id='word_1_220' title='bbox 685 1647 744 1681; x_wconf 81' lang='lat' dir='ltr'>Sic</span> <span class='ocrx_word' id='word_1_221' title='bbox 769 1647 938 1682; x_wconf 87' lang='lat' dir='ltr'>Bonnam</span> <span class='ocrx_word' id='word_1_222' title='bbox 963 1649 1100 1683; x_wconf 88' lang='lat' dir='ltr'>alicubi</span> <span class='ocrx_word' id='word_1_223' title='bbox 1127 1650 1214 1691; x_wconf 90' lang='lat' dir='ltr'>(non</span> <span class='ocrx_word' id='word_1_224' title='bbox 1239 1649 1327 1683; x_wconf 87' lang='lat' dir='ltr'>satis</span> <span class='ocrx_word' id='word_1_225' title='bbox 1345 1651 1446 1683; x_wconf 80' lang='lat' dir='ltr'>certo</span> <span class='ocrx_word' id='word_1_226' title='bbox 1472 1649 1638 1692; x_wconf 87' lang='lat' dir='ltr'>memini)</span> <span class='ocrx_word' id='word_1_227' title='bbox 1666 1650 1829 1694; x_wconf 81' lang='lat' dir='ltr'>appella-</span> 
     </span>
     <span class='ocr_line' id='line_1_27' title="bbox 203 1701 1830 1749; baseline 0.003 -14"><span class='ocrx_word' id='word_1_228' title='bbox 203 1703 308 1736; x_wconf 87' lang='lat' dir='ltr'>verat</span> <span class='ocrx_word' id='word_1_229' title='bbox 338 1701 524 1736; x_wconf 81' lang='lat' dir='ltr'>Ortvinus.</span> <span class='ocrx_word' id='word_1_230' title='bbox 578 1702 662 1747; x_wconf 88' lang='lat' dir='ltr'>Ipse</span> <span class='ocrx_word' id='word_1_231' title='bbox 700 1704 832 1748; x_wconf 85' lang='lat' dir='ltr'>saepius</span> <span class='ocrx_word' id='word_1_232' title='bbox 869 1705 1127 1748; x_wconf 82' lang='lat' dir='ltr'>superbientes</span> <span class='ocrx_word' id='word_1_233' title='bbox 1157 1705 1450 1749; x_wconf 79' lang='lat' dir='ltr'>Agrippinenses</span> <span class='ocrx_word' id='word_1_234' title='bbox 1487 1705 1610 1740; x_wconf 79' lang='lat' dir='ltr'>dicere</span> <span class='ocrx_word' id='word_1_235' title='bbox 1643 1705 1830 1740; x_wconf 77' lang='lat' dir='ltr'>Veronam</span> 
     </span>
     <span class='ocr_line' id='line_1_28' title="bbox 202 1758 1830 1804; baseline 0.002 -13"><span class='ocrx_word' id='word_1_236' title='bbox 202 1758 436 1800; x_wconf 77' lang='lat' dir='ltr'>Rhenanam,</span> <span class='ocrx_word' id='word_1_237' title='bbox 470 1758 508 1792; x_wconf 91' lang='lat' dir='ltr'>id</span> <span class='ocrx_word' id='word_1_238' title='bbox 540 1760 596 1793; x_wconf 89' lang='lat' dir='ltr'>est</span> <span class='ocrx_word' id='word_1_239' title='bbox 619 1759 803 1802; x_wconf 88' lang='lat' dir='ltr'>Bonnam,</span> <span class='ocrx_word' id='word_1_240' title='bbox 831 1760 1116 1804; x_wconf 81' lang='lat' dir='ltr'>Agrippinensis</span> <span class='ocrx_word' id='word_1_241' title='bbox 1147 1760 1309 1795; x_wconf 83' lang='lat' dir='ltr'>civitatis</span> <span class='ocrx_word' id='word_1_242' title='bbox 1341 1772 1417 1795; x_wconf 87' lang='lat' dir='ltr'>esse</span> <span class='ocrx_word' id='word_1_243' title='bbox 1449 1761 1667 1795; x_wconf 87' lang='lat' dir='ltr'>suburbium</span> <span class='ocrx_word' id='word_1_244' title='bbox 1692 1761 1830 1795; x_wconf 76' lang='lat' dir='ltr'>audivi.</span> 
     </span>
     <span class='ocr_line' id='line_1_29' title="bbox 202 1814 1829 1862; baseline 0.003 -15"><span class='ocrx_word' id='word_1_245' title='bbox 202 1814 280 1848; x_wconf 88' lang='lat' dir='ltr'>Nec</span> <span class='ocrx_word' id='word_1_246' title='bbox 305 1825 463 1858; x_wconf 88' lang='lat' dir='ltr'>sequens</span> <span class='ocrx_word' id='word_1_247' title='bbox 490 1814 637 1859; x_wconf 82' lang='lat' dir='ltr'>‘pingui</span> <span class='ocrx_word' id='word_1_248' title='bbox 663 1815 708 1849; x_wconf 90' lang='lat' dir='ltr'>de</span> <span class='ocrx_word' id='word_1_249' title='bbox 734 1816 891 1860; x_wconf 84' lang='lat' dir='ltr'>gallina&#39;</span> <span class='ocrx_word' id='word_1_250' title='bbox 919 1816 966 1850; x_wconf 89' lang='lat' dir='ltr'>ad</span> <span class='ocrx_word' id='word_1_251' title='bbox 991 1816 1214 1860; x_wconf 80' lang='lat' dir='ltr'>particulam</span> <span class='ocrx_word' id='word_1_252' title='bbox 1241 1816 1418 1859; x_wconf 82' lang='lat' dir='ltr'>Coloniae,</span> <span class='ocrx_word' id='word_1_253' title='bbox 1445 1829 1526 1861; x_wconf 81' lang='lat' dir='ltr'>quae</span> <span class='ocrx_word' id='word_1_254' title='bbox 1551 1818 1736 1862; x_wconf 85' lang='lat' dir='ltr'>hodieque</span> <span class='ocrx_word' id='word_1_255' title='bbox 1761 1830 1829 1852; x_wconf 77' lang='lat' dir='ltr'>mz-</span> 
     </span>
     <span class='ocr_line' id='line_1_30' title="bbox 202 1870 1829 1917; baseline 0.002 -13"><span class='ocrx_word' id='word_1_256' title='bbox 202 1874 256 1904; x_wconf 81' lang='lat' dir='ltr'>ter</span> <span class='ocrx_word' id='word_1_257' title='bbox 285 1870 558 1905; x_wconf 68' lang='lat' dir='ltr'>Fettenhemzen</span> <span class='ocrx_word' id='word_1_258' title='bbox 591 1871 819 1915; x_wconf 84' lang='lat' dir='ltr'>appellatur,</span> <span class='ocrx_word' id='word_1_259' title='bbox 857 1872 1041 1906; x_wconf 86' lang='lat' dir='ltr'>trahenda</span> <span class='ocrx_word' id='word_1_260' title='bbox 1072 1883 1149 1906; x_wconf 90' lang='lat' dir='ltr'>esse</span> <span class='ocrx_word' id='word_1_261' title='bbox 1182 1872 1339 1907; x_wconf 85' lang='lat' dir='ltr'>videtur.</span> <span class='ocrx_word' id='word_1_262' title='bbox 1387 1872 1684 1917; x_wconf 79' lang='lat' dir='ltr'>Explicationem</span> <span class='ocrx_word' id='word_1_263' title='bbox 1721 1874 1829 1908; x_wconf 86' lang='lat' dir='ltr'>huius</span> 
     </span>
     <span class='ocr_line' id='line_1_31' title="bbox 200 1926 1828 1971; baseline 0.002 -11"><span class='ocrx_word' id='word_1_264' title='bbox 200 1926 301 1960; x_wconf 88' lang='lat' dir='ltr'>lusus</span> <span class='ocrx_word' id='word_1_265' title='bbox 338 1926 444 1960; x_wconf 87' lang='lat' dir='ltr'>dabit</span> <span class='ocrx_word' id='word_1_266' title='bbox 478 1926 633 1962; x_wconf 86' lang='lat' dir='ltr'>fortasse</span> <span class='ocrx_word' id='word_1_267' title='bbox 669 1928 802 1971; x_wconf 86' lang='lat' dir='ltr'>aliquis</span> <span class='ocrx_word' id='word_1_268' title='bbox 833 1939 855 1962; x_wconf 86' lang='lat' dir='ltr'>a</span> <span class='ocrx_word' id='word_1_269' title='bbox 884 1939 942 1961; x_wconf 91' lang='lat' dir='ltr'>me</span> <span class='ocrx_word' id='word_1_270' title='bbox 973 1939 1045 1962; x_wconf 91' lang='lat' dir='ltr'>non</span> <span class='ocrx_word' id='word_1_271' title='bbox 1077 1928 1294 1962; x_wconf 84' lang='lat' dir='ltr'>observatus</span> <span class='ocrx_word' id='word_1_272' title='bbox 1324 1928 1428 1962; x_wconf 87' lang='lat' dir='ltr'>locus</span> <span class='ocrx_word' id='word_1_273' title='bbox 1464 1929 1540 1963; x_wconf 85' lang='lat' dir='ltr'>sive</span> <span class='ocrx_word' id='word_1_274' title='bbox 1567 1929 1715 1963; x_wconf 88' lang='lat' dir='ltr'>Buschii</span> <span class='ocrx_word' id='word_1_275' title='bbox 1752 1930 1828 1964; x_wconf 85' lang='lat' dir='ltr'>sive</span> 
     </span>
     <span class='ocr_line' id='line_1_32' title="bbox 202 1982 1828 2028; baseline 0.002 -13"><span class='ocrx_word' id='word_1_276' title='bbox 202 1982 352 2026; x_wconf 78' lang='lat' dir='ltr'>aequalis</span> <span class='ocrx_word' id='word_1_277' title='bbox 378 1982 531 2016; x_wconf 87' lang='lat' dir='ltr'>alicuius</span> <span class='ocrx_word' id='word_1_278' title='bbox 556 1983 744 2028; x_wconf 87' lang='lat' dir='ltr'>scriptoris</span> <span class='ocrx_word' id='word_1_279' title='bbox 768 1984 926 2018; x_wconf 85' lang='lat' dir='ltr'>libellus.</span> <span class='ocrx_word' id='word_1_280' title='bbox 975 1984 1133 2018; x_wconf 91' lang='lat' dir='ltr'>Videtur</span> <span class='ocrx_word' id='word_1_281' title='bbox 1163 1986 1288 2019; x_wconf 91' lang='lat' dir='ltr'>autem</span> <span class='ocrx_word' id='word_1_282' title='bbox 1312 1984 1652 2020; x_wconf 85' lang='lat' dir='ltr'>Eitelnarrabianus</span> <span class='ocrx_word' id='word_1_283' title='bbox 1679 1986 1729 2019; x_wconf 92' lang='lat' dir='ltr'>sic</span> <span class='ocrx_word' id='word_1_284' title='bbox 1754 1997 1828 2019; x_wconf 89' lang='lat' dir='ltr'>me-</span> 
     </span>
    </p>
   </div>
   <div class='ocr_carea' id='block_1_4' title="bbox 201 2038 1089 2130">
    <p class='ocr_par' dir='ltr' id='par_1_14' title="bbox 201 2038 1089 2130">
     <span class='ocr_line' id='line_1_33' title="bbox 201 2038 379 2073; baseline 0.006 -2"><span class='ocrx_word' id='word_1_285' title='bbox 201 2038 273 2072; x_wconf 90' lang='lat' dir='ltr'>trifi</span> <span class='ocrx_word' id='word_1_286' title='bbox 279 2050 361 2073; x_wconf 88' lang='lat' dir='ltr'>care</span> <span class='ocrx_word' id='word_1_287' title='bbox 373 2053 379 2072; x_wconf 93' lang='lat'>:</span> 
     </span>
     <span class='ocr_line' id='line_1_34' title="bbox 649 2087 1089 2130; baseline 0.002 -12"><span class='ocrx_word' id='word_1_288' title='bbox 649 2098 690 2118; x_wconf 79' lang='lat' dir='ltr'>ex</span> <span class='ocrx_word' id='word_1_289' title='bbox 717 2088 856 2119; x_wconf 86' lang='lat' dir='ltr'>Verona</span> <span class='ocrx_word' id='word_1_290' title='bbox 879 2087 1089 2130; x_wconf 82' lang='lat' dir='ltr'>Agrippina,</span> 
     </span>
    </p>
   </div>
   <div class='ocr_carea' id='block_1_5' title="bbox 650 2141 1352 2242">
    <p class='ocr_par' dir='ltr' id='par_1_15' title="bbox 650 2141 1352 2242">
     <span class='ocr_line' id='line_1_35' title="bbox 718 2141 1352 2177; baseline 0.003 -2"><span class='ocrx_word' id='word_1_291' title='bbox 718 2141 778 2175; x_wconf 70' lang='lat' dir='ltr'>u‘bi</span> <span class='ocrx_word' id='word_1_292' title='bbox 802 2144 979 2176; x_wconf 87' lang='lat' dir='ltr'>Buschius</span> <span class='ocrx_word' id='word_1_293' title='bbox 1072 2149 1107 2176; x_wconf 86' lang='lat' dir='ltr'>et</span> <span class='ocrx_word' id='word_1_294' title='bbox 1132 2145 1206 2176; x_wconf 86' lang='lat' dir='ltr'>eius</span> <span class='ocrx_word' id='word_1_295' title='bbox 1233 2145 1352 2177; x_wconf 84' lang='lat' dir='ltr'>socius</span> 
     </span>
     <span class='ocr_line' id='line_1_36' title="bbox 650 2200 1270 2242; baseline 0.002 -11"><span class='ocrx_word' id='word_1_296' title='bbox 650 2200 882 2232; x_wconf 82' lang='lat' dir='ltr'>comederunt</span> <span class='ocrx_word' id='word_1_297' title='bbox 908 2200 1035 2242; x_wconf 86' lang='lat' dir='ltr'>pingui</span> <span class='ocrx_word' id='word_1_298' title='bbox 1059 2200 1101 2231; x_wconf 84' lang='lat' dir='ltr'>de</span> <span class='ocrx_word' id='word_1_299' title='bbox 1126 2200 1270 2241; x_wconf 84' lang='lat' dir='ltr'>gallina.</span> 
     </span>
    </p>
   </div>
   <div class='ocr_carea' id='block_1_6' title="bbox 200 2264 1828 2467">
    <p class='ocr_par' dir='ltr' id='par_1_16' title="bbox 200 2264 1828 2467">
     <span class='ocr_line' id='line_1_37' title="bbox 201 2264 1827 2310; baseline 0.002 -12"><span class='ocrx_word' id='word_1_300' title='bbox 201 2264 259 2298; x_wconf 89' lang='lat' dir='ltr'>Ad</span> <span class='ocrx_word' id='word_1_301' title='bbox 285 2264 497 2309; x_wconf 78' lang='lat' dir='ltr'>exemplum</span> <span class='ocrx_word' id='word_1_302' title='bbox 521 2265 629 2299; x_wconf 88' lang='lat' dir='ltr'>huius</span> <span class='ocrx_word' id='word_1_303' title='bbox 653 2265 890 2299; x_wconf 80' lang='lat' dir='ltr'>iudicationis</span> <span class='ocrx_word' id='word_1_304' title='bbox 919 2265 992 2299; x_wconf 88' lang='grc'>1001</span> <span class='ocrx_word' id='word_1_305' title='bbox 1018 2264 1193 2300; x_wconf 83' lang='lat' dir='ltr'>Ortvinus</span> <span class='ocrx_word' id='word_1_306' title='bbox 1220 2265 1423 2309; x_wconf 86' lang='lat' dir='ltr'>(Lamentt.</span> <span class='ocrx_word' id='word_1_307' title='bbox 1443 2265 1484 2300; x_wconf 90' lang='grc' dir='ltr'>Ο.</span> <span class='ocrx_word' id='word_1_308' title='bbox 1501 2265 1545 2300; x_wconf 90' lang='lat' dir='ltr'>V.</span> <span class='ocrx_word' id='word_1_309' title='bbox 1564 2265 1609 2299; x_wconf 92' lang='grc' dir='ltr'>Π.</span> <span class='ocrx_word' id='word_1_310' title='bbox 1628 2270 1680 2300; x_wconf 79' lang='lat'>23.</span> <span class='ocrx_word' id='word_1_311' title='bbox 1698 2277 1734 2310; x_wconf 88' lang='lat' dir='ltr'>p.</span> <span class='ocrx_word' id='word_1_312' title='bbox 1752 2271 1827 2301; x_wconf 84' lang='lat'>380.</span> 
     </span>
     <span class='ocr_line' id='line_1_38' title="bbox 201 2320 1827 2367; baseline 0.001 -13"><span class='ocrx_word' id='word_1_313' title='bbox 201 2320 257 2354; x_wconf 89' lang='lat' dir='ltr'>ed.</span> <span class='ocrx_word' id='word_1_314' title='bbox 275 2322 325 2365; x_wconf 86' lang='lat' dir='ltr'>n.)</span> <span class='ocrx_word' id='word_1_315' title='bbox 350 2320 445 2355; x_wconf 87' lang='lat' dir='ltr'>hanc</span> <span class='ocrx_word' id='word_1_316' title='bbox 470 2321 599 2355; x_wconf 87' lang='lat' dir='ltr'>fecisse</span> <span class='ocrx_word' id='word_1_317' title='bbox 625 2321 792 2355; x_wconf 83' lang='lat' dir='ltr'>videtur:</span> <span class='ocrx_word' id='word_1_318' title='bbox 819 2320 956 2355; x_wconf 85' lang='lat' dir='ltr'>Bonnae</span> <span class='ocrx_word' id='word_1_319' title='bbox 982 2332 1026 2355; x_wconf 81' lang='lat' dir='ltr'>ex</span> <span class='ocrx_word' id='word_1_320' title='bbox 1052 2321 1161 2356; x_wconf 91' lang='lat' dir='ltr'>domo</span> <span class='ocrx_word' id='word_1_321' title='bbox 1187 2321 1350 2366; x_wconf 81' lang='lat' dir='ltr'>antiquae</span> <span class='ocrx_word' id='word_1_322' title='bbox 1374 2322 1550 2364; x_wconf 80' lang='lat' dir='ltr'>mulieris⁷</span> <span class='ocrx_word' id='word_1_323' title='bbox 1577 2333 1690 2366; x_wconf 86' lang='lat' dir='ltr'>quam</span> <span class='ocrx_word' id='word_1_324' title='bbox 1715 2323 1827 2367; x_wconf 83' lang='lat' dir='ltr'>vulgo</span> 
     </span>
     <span class='ocr_line' id='line_1_39' title="bbox 200 2376 1828 2423; baseline 0.001 -13"><span class='ocrx_word' id='word_1_325' title='bbox 200 2376 329 2410; x_wconf 86' lang='lat' dir='ltr'>Nisam</span> <span class='ocrx_word' id='word_1_326' title='bbox 356 2377 593 2422; x_wconf 86' lang='lat' dir='ltr'>[Agnetem‘?]</span> <span class='ocrx_word' id='word_1_327' title='bbox 619 2377 829 2422; x_wconf 85' lang='lat' dir='ltr'>appellant,</span> <span class='ocrx_word' id='word_1_328' title='bbox 863 2388 944 2421; x_wconf 81' lang='lat' dir='ltr'>quae</span> <span class='ocrx_word' id='word_1_329' title='bbox 976 2388 1042 2412; x_wconf 87' lang='lat' dir='ltr'>nos</span> <span class='ocrx_word' id='word_1_330' title='bbox 1074 2377 1278 2412; x_wconf 88' lang='lat' dir='ltr'>esurientes</span> <span class='ocrx_word' id='word_1_331' title='bbox 1306 2377 1480 2423; x_wconf 86' lang='lat' dir='ltr'>implevit</span> <span class='ocrx_word' id='word_1_332' title='bbox 1508 2378 1607 2422; x_wconf 86' lang='lat' dir='ltr'>rapis</span> <span class='ocrx_word' id='word_1_333' title='bbox 1633 2380 1671 2412; x_wconf 84' lang='lat' dir='ltr'>et</span> <span class='ocrx_word' id='word_1_334' title='bbox 1695 2379 1828 2413; x_wconf 82' lang='lat' dir='ltr'>divites</span> 
     </span>
     <span class='ocr_line' id='line_1_40' title="bbox 201 2432 549 2467; baseline 0.006 -2"><span class='ocrx_word' id='word_1_335' title='bbox 201 2432 340 2466; x_wconf 88' lang='lat' dir='ltr'>dimisit</span> <span class='ocrx_word' id='word_1_336' title='bbox 363 2433 549 2467; x_wconf 81' lang='lat' dir='ltr'>invitatos.</span> 
     </span>
    </p>
   </div>
   <div class='ocr_carea' id='block_1_7' title="bbox 308 2558 1585 2607">
    <p class='ocr_par' dir='ltr' id='par_1_17' title="bbox 308 2558 1585 2607">
     <span class='ocr_line' id='line_1_41' title="bbox 308 2558 1585 2607; baseline 0.002 -6"><span class='ocrx_word' id='word_1_337' title='bbox 308 2558 311 2560; x_wconf 51' lang='grc'><strong>’</strong></span> <span class='ocrx_word' id='word_1_338' title='bbox 353 2567 588 2603; x_wconf 83' lang='lat' dir='ltr'>EPISTOLA</span> <span class='ocrx_word' id='word_1_339' title='bbox 615 2570 677 2607; x_wconf 77' lang='lat'>37.</span> <span class='ocrx_word' id='word_1_340' title='bbox 718 2568 973 2604; x_wconf 82' lang='lat' dir='ltr'>LVPOLDVS</span> <span class='ocrx_word' id='word_1_341' title='bbox 998 2568 1328 2604; x_wconf 80' lang='lat' dir='ltr'><strong>FEDERFVSIVS</strong></span> <span class='ocrx_word' id='word_1_342' title='bbox 1355 2569 1585 2603; x_wconf 84' lang='lat' dir='ltr'><strong>ORTVINO.</strong></span> 
     </span>
    </p>
   </div>
   <div class='ocr_carea' id='block_1_8' title="bbox 113 2656 1827 3095">
    <p class='ocr_par' dir='ltr' id='par_1_18' title="bbox 113 2656 1827 2870">
     <span class='ocr_line' id='line_1_42' title="bbox 113 2656 1826 2704; baseline 0.002 -13"><span class='ocrx_word' id='word_1_343' title='bbox 113 2661 154 2692; x_wconf 88' lang='lat'>15</span> <span class='ocrx_word' id='word_1_344' title='bbox 180 2656 450 2692; x_wconf 69' lang='lat' dir='ltr'>‘Federfusius’</span> <span class='ocrx_word' id='word_1_345' title='bbox 476 2658 593 2700; x_wconf 89' lang='lat' dir='ltr'>idem,</span> <span class='ocrx_word' id='word_1_346' title='bbox 626 2659 735 2702; x_wconf 89' lang='lat' dir='ltr'>puto,</span> <span class='ocrx_word' id='word_1_347' title='bbox 766 2670 902 2693; x_wconf 85' lang='lat' dir='ltr'>nomen</span> <span class='ocrx_word' id='word_1_348' title='bbox 934 2660 989 2693; x_wconf 87' lang='lat' dir='ltr'>est</span> <span class='ocrx_word' id='word_1_349' title='bbox 1014 2661 1126 2703; x_wconf 83' lang='lat' dir='ltr'>atque</span> <span class='ocrx_word' id='word_1_350' title='bbox 1158 2660 1325 2693; x_wconf 88' lang='lat' dir='ltr'>nostrum</span> <span class='ocrx_word' id='word_1_351' title='bbox 1350 2659 1628 2702; x_wconf 70' lang='lat' dir='ltr'>Feslerfiuchser,</span> <span class='ocrx_word' id='word_1_352' title='bbox 1659 2660 1826 2704; x_wconf 85' lang='lat' dir='ltr'>quamvis</span> 
     </span>
     <span class='ocr_line' id='line_1_43' title="bbox 200 2713 1827 2759; baseline 0.002 -13"><span class='ocrx_word' id='word_1_353' title='bbox 200 2713 309 2746; x_wconf 89' lang='lat' dir='ltr'>huius</span> <span class='ocrx_word' id='word_1_354' title='bbox 340 2713 602 2757; x_wconf 87' lang='lat' dir='ltr'>appellationis</span> <span class='ocrx_word' id='word_1_355' title='bbox 632 2714 841 2748; x_wconf 86' lang='lat' dir='ltr'>recentiora</span> <span class='ocrx_word' id='word_1_356' title='bbox 870 2716 1016 2748; x_wconf 84' lang='lat' dir='ltr'>tantum</span> <span class='ocrx_word' id='word_1_357' title='bbox 1047 2715 1219 2759; x_wconf 79' lang='lat' dir='ltr'>exempla</span> <span class='ocrx_word' id='word_1_358' title='bbox 1243 2715 1308 2749; x_wconf 88' lang='lat' dir='ltr'>det</span> <span class='ocrx_word' id='word_1_359' title='bbox 1333 2714 1611 2758; x_wconf 81' lang='lat' dir='ltr'>G1·imm.WB.‚</span> <span class='ocrx_word' id='word_1_360' title='bbox 1644 2715 1827 2750; x_wconf 86' lang='lat' dir='ltr'>Frischius</span> 
     </span>
     <span class='ocr_line' id='line_1_44' title="bbox 202 2769 1826 2815; baseline 0.001 -11"><span class='ocrx_word' id='word_1_361' title='bbox 202 2770 327 2804; x_wconf 84' lang='lat' dir='ltr'>autem</span> <span class='ocrx_word' id='word_1_362' title='bbox 357 2770 396 2803; x_wconf 88' lang='lat' dir='ltr'>et</span> <span class='ocrx_word' id='word_1_363' title='bbox 426 2769 643 2814; x_wconf 84' lang='lat' dir='ltr'>Adelungus</span> <span class='ocrx_word' id='word_1_364' title='bbox 675 2781 756 2804; x_wconf 83' lang='lat' dir='ltr'>eam</span> <span class='ocrx_word' id='word_1_365' title='bbox 788 2770 988 2804; x_wconf 89' lang='lat' dir='ltr'>omiserint.</span> <span class='ocrx_word' id='word_1_366' title='bbox 1047 2770 1101 2804; x_wconf 92' lang='lat' dir='ltr'>De</span> <span class='ocrx_word' id='word_1_367' title='bbox 1131 2770 1352 2815; x_wconf 87' lang='lat' dir='ltr'>Plumipede</span> <span class='ocrx_word' id='word_1_368' title='bbox 1385 2771 1548 2815; x_wconf 81' lang='lat' dir='ltr'>cogitare</span> <span class='ocrx_word' id='word_1_369' title='bbox 1579 2772 1684 2806; x_wconf 85' lang='lat' dir='ltr'>vetat</span> <span class='ocrx_word' id='word_1_370' title='bbox 1714 2773 1826 2806; x_wconf 83' lang='lat' dir='ltr'>etiam</span> 
     </span>
     <span class='ocr_line' id='line_1_45' title="bbox 201 2825 1512 2870; baseline 0.002 -12"><span class='ocrx_word' id='word_1_371' title='bbox 201 2825 455 2869; x_wconf 87' lang='lat' dir='ltr'>pronuntiatio</span> <span class='ocrx_word' id='word_1_372' title='bbox 479 2825 671 2859; x_wconf 85' lang='lat' dir='ltr'>nominum</span> <span class='ocrx_word' id='word_1_373' title='bbox 696 2825 819 2859; x_wconf 75' lang='lat' dir='ltr'>Fuchs</span> <span class='ocrx_word' id='word_1_374' title='bbox 845 2826 925 2868; x_wconf 68' lang='lat' dir='ltr'>(fiis</span> <span class='ocrx_word' id='word_1_375' title='bbox 947 2838 972 2860; x_wconf 89' lang='lat' dir='ltr'>s.</span> <span class='ocrx_word' id='word_1_376' title='bbox 990 2828 1082 2869; x_wconf 76' lang='lat' dir='ltr'>voss)</span> <span class='ocrx_word' id='word_1_377' title='bbox 1109 2828 1148 2860; x_wconf 87' lang='lat' dir='ltr'>et</span> <span class='ocrx_word' id='word_1_378' title='bbox 1171 2826 1263 2869; x_wconf 52' lang='lat' dir='ltr'>Fusa&gt;</span> <span class='ocrx_word' id='word_1_379' title='bbox 1288 2827 1379 2869; x_wconf 78' lang='lat' dir='ltr'>(fot,</span> <span class='ocrx_word' id='word_1_380' title='bbox 1403 2829 1512 2870; x_wconf 78' lang='lat' dir='ltr'>voet).</span> 
     </span>
    </p>

    <p class='ocr_par' dir='ltr' id='par_1_19' title="bbox 113 2880 712 2930">
     <span class='ocr_line' id='line_1_46' title="bbox 113 2880 712 2930; baseline 0.002 -16"><span class='ocrx_word' id='word_1_381' title='bbox 113 2884 153 2915; x_wconf 88' lang='lat'>18</span> <span class='ocrx_word' id='word_1_382' title='bbox 179 2881 286 2930; x_wconf 59' lang='lat' dir='ltr'>mccc]</span> <span class='ocrx_word' id='word_1_383' title='bbox 315 2880 446 2915; x_wconf 73' lang='lat' dir='ltr'>Gc&#39;inse.</span> <span class='ocrx_word' id='word_1_384' title='bbox 487 2881 531 2915; x_wconf 87' lang='lat' dir='ltr'>cf.</span> <span class='ocrx_word' id='word_1_385' title='bbox 550 2881 606 2915; x_wconf 89' lang='lat' dir='ltr'>ad.</span> <span class='ocrx_word' id='word_1_386' title='bbox 627 2882 712 2916; x_wconf 76' lang='lat'><strong>10¹⁹.</strong></span> 
     </span>
    </p>

    <p class='ocr_par' dir='ltr' id='par_1_20' title="bbox 115 2937 1825 3095">
     <span class='ocr_line' id='line_1_47' title="bbox 115 2937 1825 2983; baseline 0.003 -13"><span class='ocrx_word' id='word_1_387' title='bbox 115 2941 154 2971; x_wconf 83' lang='lat'>19</span> <span class='ocrx_word' id='word_1_388' title='bbox 180 2937 412 2981; x_wconf 73' lang='lat' dir='ltr'>quocllibetis]</span> <span class='ocrx_word' id='word_1_389' title='bbox 453 2937 571 2971; x_wconf 90' lang='lat' dir='ltr'>Huius</span> <span class='ocrx_word' id='word_1_390' title='bbox 602 2938 704 2971; x_wconf 90' lang='lat' dir='ltr'>modi</span> <span class='ocrx_word' id='word_1_391' title='bbox 732 2937 891 2982; x_wconf 78' lang='lat' dir='ltr'>pubhcae</span> <span class='ocrx_word' id='word_1_392' title='bbox 923 2938 1209 2983; x_wconf 82' lang='lat' dir='ltr'>disputationes,</span> <span class='ocrx_word' id='word_1_393' title='bbox 1249 2950 1322 2974; x_wconf 93' lang='lat' dir='ltr'>non</span> <span class='ocrx_word' id='word_1_394' title='bbox 1354 2940 1442 2974; x_wconf 86' lang='lat' dir='ltr'>totae</span> <span class='ocrx_word' id='word_1_395' title='bbox 1475 2939 1643 2983; x_wconf 83' lang='lat' dir='ltr'>ludicrae,</span> <span class='ocrx_word' id='word_1_396' title='bbox 1682 2940 1748 2975; x_wconf 89' lang='lat' dir='ltr'>sed</span> <span class='ocrx_word' id='word_1_397' title='bbox 1779 2941 1825 2975; x_wconf 91' lang='lat' dir='ltr'>ab</span> 
     </span>
     <span class='ocr_line' id='line_1_48' title="bbox 200 2983 1821 3040; baseline 0.003 -14"><span class='ocrx_word' id='word_1_398' title='bbox 200 2983 308 3027; x_wconf 82' lang='lat' dir='ltr'>initio</span> <span class='ocrx_word' id='word_1_399' title='bbox 339 2994 556 3036; x_wconf 67' lang='lat' dir='ltr'>(saec.X111.‘?</span> <span class='ocrx_word' id='word_1_400' title='bbox 582 2993 778 3037; x_wconf 84' lang='lat' dir='ltr'>Parisiis?)</span> <span class='ocrx_word' id='word_1_401' title='bbox 810 2994 887 3028; x_wconf 90' lang='lat' dir='ltr'>sine</span> <span class='ocrx_word' id='word_1_402' title='bbox 928 2994 1041 3029; x_wconf 87' lang='lat' dir='ltr'>dubio</span> <span class='ocrx_word' id='word_1_403' title='bbox 1081 2995 1168 3030; x_wconf 82' lang='lat' dir='ltr'>totae</span> <span class='ocrx_word' id='word_1_404' title='bbox 1201 2996 1321 3038; x_wconf 85' lang='lat' dir='ltr'>seriae,</span> <span class='ocrx_word' id='word_1_405' title='bbox 1358 2995 1397 3029; x_wconf 91' lang='lat' dir='ltr'>in</span> <span class='ocrx_word' id='word_1_406' title='bbox 1426 2995 1651 3040; x_wconf 85' lang='lat' dir='ltr'>principales</span> <span class='ocrx_word' id='word_1_407' title='bbox 1682 3008 1724 3031; x_wconf 86' lang='lat' dir='ltr'>ac</span> <span class='ocrx_word' id='word_1_408' title='bbox 1755 2998 1821 3031; x_wconf 86' lang='lat' dir='ltr'>mi-</span> 
     </span>
     <span class='ocr_line' id='line_1_49' title="bbox 200 3049 1822 3095; baseline 0.003 -12"><span class='ocrx_word' id='word_1_409' title='bbox 200 3060 268 3082; x_wconf 86' lang='lat' dir='ltr'>nus</span> <span class='ocrx_word' id='word_1_410' title='bbox 298 3050 522 3095; x_wconf 84' lang='lat' dir='ltr'>principales</span> <span class='ocrx_word' id='word_1_411' title='bbox 547 3049 878 3095; x_wconf 84' lang='lat' dir='ltr'>dispertiebantur,</span> <span class='ocrx_word' id='word_1_412' title='bbox 911 3062 1067 3095; x_wconf 86' lang='lat' dir='ltr'>quarum</span> <span class='ocrx_word' id='word_1_413' title='bbox 1093 3051 1149 3086; x_wconf 86' lang='lat' dir='ltr'>hae</span> <span class='ocrx_word' id='word_1_414' title='bbox 1180 3054 1339 3086; x_wconf 79' lang='lat' dir='ltr'>maxime</span> <span class='ocrx_word' id='word_1_415' title='bbox 1367 3053 1442 3086; x_wconf 88' lang='lat' dir='ltr'>iam</span> <span class='ocrx_word' id='word_1_416' title='bbox 1473 3054 1631 3087; x_wconf 79' lang='lat' dir='ltr'>exeunte</span> <span class='ocrx_word' id='word_1_417' title='bbox 1663 3064 1741 3087; x_wconf 84' lang='lat' dir='ltr'>saec.</span> <span class='ocrx_word' id='word_1_418' title='bbox 1765 3065 1822 3089; x_wconf 75' lang='lat' dir='ltr'>xv,</span> 
     </span>
    </p>
   </div>
  </div>
 </body>
</html>
