2119 3522
207 212 279 235 EPP.
293 211 318 236 2.
332 210 358 235 3.
383 212 531 235 IOANNES
554 211 724 234 PELLIFEx
749 212 907 234 ORTVINO.
933 224 975 227 —
1001 210 1229 234 BERNHARDVS
1253 210 1473 233 PLVMILEGVS
1498 210 1655 233 ORTVINO.
1760 190 1854 236 527

143 270 228 311 Pag.
251 270 284 306 7.
1311 269 1397 310 Pag.
1411 271 1441 301 6.
1460 280 1489 300 v.
1504 276 1535 301 13
1554 293 1561 300 .
1577 293 1584 300 .
1599 293 1606 300 .
1624 268 1709 310 Pag.
1725 269 1754 299 7.
1774 279 1803 299 v.
1820 276 1859 300 19.

145 329 160 357 1
188 325 323 358 bonam
350 324 566 358 societatem
592 324 747 358 Obscuri
772 323 948 358 dicebant
972 324 1057 358 vitae
1082 323 1289 357 libidinosae
1314 323 1584 366 luxuriosaeque
1610 322 1838 356 societatem.

144 384 162 413 2
189 380 414 415 commendat
438 390 498 414 vos
523 379 744 424 Iaudabiter]
771 381 877 414 tuum
902 391 1049 422 nomen,
1076 381 1124 422 te,
1151 390 1224 414 non
1250 379 1327 414 sine
1352 378 1461 413 laude
1488 389 1583 423 saepe
1610 379 1802 413 memorat.

372 514 607 549 EPISTOLA
634 516 668 552 3.
710 514 1040 549 BERNHARDVS
1064 513 1375 549 PLVMILEGVS
1401 512 1631 548 ORTVINO.

142 608 162 638 5
186 603 417 649 Plumilegus
443 605 665 650 (vulgariter
682 604 721 638 F
721 604 905 648 ederleser)
934 607 995 638 ‘ex
1022 603 1303 648 Wittenpurck'
1331 603 1468 645 scribit,
1495 604 1537 637 ut
1561 603 1688 647 aperte
1714 605 1780 638 6³⁵³.
1807 603 1859 637 di-

231 661 333 695 ctum
359 662 424 703 est,
451 661 551 704 quod
578 661 691 695 etiam
716 660 796 705 ipsa
821 659 987 704 epistola,
1013 660 1181 703 quamvis
1198 659 1296 693 unde
1314 659 1452 703 scripta
1468 659 1515 693 sit
1531 670 1604 693 non
1623 659 1806 693 adiciatur
1821 660 1859 693 in

231 716 322 759 fine,
348 728 416 761 per
441 727 485 751 ea
509 728 590 760 quae
608 716 653 750 de
673 716 802 750 Sibuto
820 716 944 757 habet,
971 716 1099 759 aperte
1125 715 1243 749 docet.
1270 715 1334 749 sed
1357 715 1509 759 quinam
1534 715 1712 759 magister
1734 716 1860 749 noster

233 773 299 806 sub
325 772 389 807 illo
416 772 501 807 ficto
528 772 677 807 nomine
702 771 978 815 perstringatur
1001 771 1194 805 nescimus.

141 833 161 863 8
185 828 274 863 Mus
298 829 406 863 miser
431 829 504 872 d‘·c.]
542 828 645 861 Idem
670 826 911 871 proverbium
935 827 1074 871 legitur
1098 827 1136 859 in
1155 826 1293 861 Olearii
1318 827 1534 870 quodlibeto
1560 826 1605 860 de
1631 826 1704 861 fide
1730 838 1860 862 concu-

230 885 403 919 binarum
420 883 591 918 Heidelb.
607 895 637 918 a.
655 886 751 917 1500.
766 882 894 917 habito
909 882 1102 925 (Zao-nere,
1120 882 1195 916 Die
1212 882 1368 916 (leutsch.
1388 882 1494 917 Um'v.
1513 883 1536 916 i.
1550 882 1640 916 MA.
1659 883 1747 926 LpZ.
1764 888 1859 919 1857.

230 953 266 985 p.
285 941 373 984 101).
421 940 541 974 Plaut.
560 939 666 974 Truc.
685 938 746 973 IV.
766 943 802 980 4,
829 948 869 973 15.
884 951 929 981 sq.
978 937 1182 983 „Cogitato
1208 937 1289 971 Mus
1318 937 1475 982 pusillus
1506 949 1618 982 quam
1644 938 1691 972 sit
1715 939 1861 983 sapiens

231 997 366 1038 bestia,
394 996 569 1030 Aetatem
587 995 650 1039 qui
667 995 732 1028 uni
749 994 863 1029 cubili
880 1006 1071 1039 nunquam
1090 994 1290 1028 committit
1306 997 1446 1028 suam“.
1486 993 1717 1039 Plumilegus
1734 996 1860 1029 autem

231 1052 431 1087 dicterium
454 1052 570 1086 habet
594 1063 637 1086 ex
664 1051 803 1086 Olearii
827 1051 850 1085 l.
869 1062 897 1085 c.

143 1113 162 1143 9
189 1119 269 1144 cum
292 1108 467 1152 support]
494 1108 515 1142 i.
535 1119 566 1142 e.
584 1107 732 1141 veniam
763 1108 862 1152 peto.
881 1107 1040 1142 barbara
1068 1107 1207 1141 locutio
1234 1117 1279 1141 ex
1309 1106 1352 1140 iis
1384 1118 1464 1150 quae
1490 1106 1657 1141 rudiores
1687 1104 1860 1139 rusticive

231 1165 400 1199 homines
425 1164 616 1205 adhibent,
644 1165 686 1198 ut
702 1163 835 1197 urbani
852 1163 1022 1207 beneque
1040 1163 1175 1197 morati
1192 1163 1408 1205 videantur;
1435 1163 1478 1197 ut
1493 1163 1590 1197 infra
1607 1168 1626 1197 9
1638 1164 1673 1197 ¹¹2.
1692 1164 1730 1197 et
1747 1162 1806 1197 all.
1824 1161 1862 1196 ll.

233 1224 333 1255 ‘cum
360 1220 543 1261 licentia',
571 1220 609 1253 et
634 1219 733 1264 apud
758 1230 823 1253 nos
850 1220 913 1253 ηῑῖΐ
943 1219 1112 1261 Verlaub,
1137 1220 1204 1253 mit
1234 1219 1413 1264 νει-9141181
1440 1220 1478 1253 et
1502 1219 1647 1254 similia.

145 1281 185 1312 10
209 1277 438 1320 superclaret]
465 1275 641 1317 traderet,
668 1275 846 1320 proderet
870 1277 996 1320 spreta
1021 1275 1194 1309 amicitia.
1243 1275 1301 1309 Ad
1326 1275 1456 1310 Iudam
1483 1275 1618 1310 Christi
1642 1275 1862 1310 traditorem

233 1332 361 1366 adludi
386 1332 544 1366 videtur.

142 1393 183 1423 12
210 1389 280 1433 hic]
306 1388 589 1432 Wittenbergae.
632 1388 676 1422 cf.
695 1388 741 1422 ad
767 1388 944 1432 superior.
967 1402 996 1422 v.
1014 1398 1038 1422 5.

189 1444 368 1488 Gemina]
396 1444 588 1489 Georgius,
616 1444 734 1487 Jo'res,
762 1444 867 1479 Jores
890 1445 928 1478 in
954 1444 1155 1478 Germania
1177 1443 1369 1487 inferiore,
1395 1444 1512 1479 Iorius
1535 1457 1570 1489 p.
1586 1449 1660 1480 532.
1679 1459 1709 1480 v.
1725 1456 1748 1480 1.

186 1500 350 1546 Sibutus]
378 1500 429 1535 Cf.
448 1500 526 1534 Ind.
544 1500 661 1545 biogr.
679 1513 714 1545 p.
733 1504 808 1535 169.
826 1500 861 1534 11.
880 1501 946 1534 art.

185 1558 306 1602 poetae
332 1557 523 1591 saeculares
547 1556 582 1590 h.
599 1557 622 1591 l.
641 1558 726 1591 sunt
750 1556 969 1591 humanistae
996 1568 1029 1600 q.
1047 1569 1092 1599 v.,
1120 1558 1162 1590 ut
1179 1557 1279 1597 alias,
1298 1568 1327 1591 e.
1343 1569 1396 1602 gr.
1418 1558 1504 1591 112‘2.
1525 1560 1597 1592 18&
1615 1557 1714 1591 inter
1729 1560 1859 1602 poetas

231 1613 424 1648 saeculares
448 1626 473 1647 s.
493 1613 664 1657 antiquos
690 1624 816 1647 omnes
841 1614 985 1647 veteres
1010 1613 1157 1657 profani
1182 1624 1274 1657 quos
1292 1613 1447 1647 dicimus
1466 1613 1634 1648 classicos
1652 1615 1860 1658 scriptores,

232 1680 262 1704 e.
276 1681 328 1714 gr.
345 1668 482 1712 Cicero,
501 1669 653 1711 Plinius,
672 1669 844 1704 Valerius
860 1669 1055 1710 Maximus,
1076 1669 1139 1704 alii
1157 1670 1202 1703 ab
1218 1669 1391 1704 Obscuris
1409 1672 1684 1705 enumerantur.
1711 1671 1756 1704 cf.
1775 1681 1858 1715 epp.

234 1729 284 1759 10.
307 1729 356 1759 11.
376 1730 427 1760 14.
447 1726 485 1760 et
510 1725 581 1768 all„
608 1725 790 1770 imprimis
815 1725 894 1760 Ind.
913 1726 1030 1771 biogr.
1049 1738 1084 1770 p.
1102 1730 1177 1760 491.
1197 1727 1263 1760 art.
1282 1726 1463 1768 Urbanus,
1491 1726 1602 1760 Henr.

145 1786 184 1816 13
210 1782 295 1826 legyit
321 1782 373 1826 in]
400 1781 554 1823 scholas,
581 1782 838 1825 praelectiones
863 1782 977 1816 habet
1001 1782 1058 1816 de.

186 1837 332 1882 poetria
354 1837 388 1872 h.
406 1837 430 1871 l.
447 1848 522 1871 non
548 1838 666 1872 solum
695 1838 829 1872 ‘artem
848 1838 1082 1873 versificandi
1107 1850 1132 1872 s.
1150 1838 1429 1880 metrificandi',
1458 1838 1522 1873 sed
1540 1839 1767 1883 generaliter
1784 1850 1859 1874 om-

231 1904 296 1928 nes
320 1893 466 1928 litteras
490 1894 725 1928 humaniores
750 1893 945 1938 significat.
994 1894 1038 1928 cf.
1056 1897 1151 1937 26¹⁶,
1178 1895 1242 1927 ubi
1259 1894 1476 1929 scholastico
1499 1894 1707 1929 litterarum
1731 1896 1860 1940 generi

235 1949 446 1994 opponitur.

187 2006 300 2040 bonus
322 2006 451 2050 socius]
479 2005 531 2040 Cf.
557 2005 604 2040 ad
630 2008 679 2041 7¹.

144 2065 184 2096 15
208 2062 345 2105 zecchur]
372 2062 604 2106 conpotatio,
632 2063 817 2105 Zeclzerei,
843 2063 1071 2108 Saufyelagye.

189 2117 376 2162 Tumens]
403 2118 447 2152 cf.
465 2118 512 2152 ad
539 2120 604 2153 1²⁶.

144 2177 183 2207 17
209 2174 373 2208 ascendit
397 2175 486 2208 mila?
510 2175 549 2208 in
576 2176 697 2220 caput]
725 2176 916 2221 crapulam
940 2176 1040 2219 facit,
1066 2177 1170 2221 stciyt
1195 2178 1266 2211 mio·
1289 2187 1336 2211 Ζιι
1359 2177 1472 2221 Kopf.

143 2232 184 2263 18
208 2240 282 2263 non
305 2230 403 2264 stetit
428 2231 513 2265 bene
536 2232 683 2275 mecum]
710 2232 891 2277 oesz'chtfflct
907 2233 972 2266 mit
989 2233 1060 2267 vvir
1076 2233 1200 2276 stand,
1224 2233 1320 2268 male
1347 2233 1438 2267 mihi
1456 2233 1617 2277 volebat,
1643 2245 1717 2269 non
1742 2236 1859 2271 amice

231 2297 377 2320 mecum
402 2286 564 2321 vivebat.
590 2287 801 2322 inimicator
827 2290 936 2324 19925.

143 2345 184 2376 19
210 2344 420 2386 apportare,
447 2344 651 2387 zutrz'nken,
677 2345 906 2388 rortrinken,
933 2346 1045 2380 ciuem
1072 2346 1149 2380 eius
1173 2346 1334 2391 111-17119011.
1384 2346 1418 2380 15
1443 2347 1502 2380 0111
1528 2348 1767 2391 apportatum
1794 2349 1859 2391 est,

232 2409 277 2432 ex
300 2398 384 2444 lege
403 2400 636 2445 symposiaca
651 2401 873 2436 tantundem
891 2402 1031 2445 bibere,
1062 2402 1197 2436 ‘simile
1216 2402 1349 2446 facere,
1377 2403 1437 2437 ein
1453 2403 1604 2447 yleiches
1620 2404 1861 2446 tlmn,.,omch-

230 2455 389 2497 trinken,
414 2456 639 2501 respondere
651 2458 659 2474 ’
686 2457 809 2500 debet,
836 2458 907 2492 nisi
925 2469 1010 2493 eum
1028 2459 1092 2503 qui
1109 2459 1333 2503 propinavit,
1361 2459 1408 2493 ad
1426 2459 1606 2504 gravioris
1622 2460 1764 2494 iniuriae
1783 2460 1860 2494 vin-

232 2509 370 2544 dictam
386 2523 589 2556 provocare
608 2514 699 2548 vult.
741 2513 792 2548 Of.
812 2514 916 2549 Hutt.
937 2514 1030 2559 Opp.
1049 2515 1093 2549 11.
1111 2527 1146 2559 p.
1168 2520 1241 2550 107.
1262 2529 1290 2550 v.
1305 2525 1345 2549 ⁶24.
1362 2529 1407 2558 sq.
1449 2515 1491 2548 111
1508 2515 1635 2549 libello
1654 2515 1698 2550 de
1716 2517 1860 2560 generi-

231 2566 300 2600 bus
326 2567 554 2603 ebriosorum
577 2569 717 2614 legitur
735 2572 794 2613 (ex
820 2570 876 2605 ed.
894 2571 1058 2605 Zarncke
1076 2583 1111 2615 p.
1133 2573 1239 2614 1340:
1273 2571 1422 2616 „Igitur
1438 2573 1480 2605 ut
1497 2582 1542 2605 ex
1567 2571 1764 2605 neotericis
1781 2573 1860 2616 qui-

232 2623 317 2656 dam
334 2635 408 2657 non
425 2624 596 2659 indoctus
613 2626 751 2668 scribit,
769 2626 847 2661 haec
864 2626 1089 2671 propinandi
1106 2627 1214 2660 vetus
1231 2626 1470 2669 consuetudo,
1498 2638 1572 2670 qua
1594 2628 1671 2660 tam
1689 2627 1860 2662 absentes

232 2690 344 2722 quam
368 2682 568 2723 prcesentes
593 2692 638 2715 ex
662 2692 766 2716 mera
783 2682 949 2716 amicitia
966 2683 1004 2716 et
1020 2682 1277 2717 benivolentia
1294 2682 1340 2716 ad
1357 2682 1578 2724 bibendum,
1606 2684 1788 2726 quantum
1805 2695 1860 2718 sa-

230 2735 311 2779 piat
328 2736 366 2769 et
381 2736 633 2771 voluntarium
650 2737 713 2780 sit,
740 2737 1028 2781 subinvitamus,
1054 2749 1127 2772 non
1145 2738 1263 2773 solum
1280 2749 1355 2772 11011
1373 2738 1572 2781 abolenda,
1598 2750 1728 2773 verum
1747 2740 1860 2774 etiam

232 2791 410 2835 tanquam
434 2792 678 2828 humanitatis
704 2794 743 2827 et
766 2793 879 2827 officii
909 2793 1024 2837 plena
1048 2805 1070 2828 a
1094 2795 1375 2839 quibuscunque
1401 2795 1514 2829 etiam
1538 2795 1695 2830 colenda
1719 2797 1757 2830 et
1779 2797 1859 2830 imi-

231 2847 362 2890 tanda,
391 2848 429 2882 et
450 2860 517 2893 pro
540 2849 645 2883 hoste
669 2849 895 2893 inimicoque
922 2849 1142 2892 censendus,
1178 2851 1241 2894 qui
1266 2850 1316 2885 sic
1339 2850 1467 2886 bibere
1490 2851 1589 2886 inter
1614 2852 1750 2887 amicos
1775 2864 1859 2887 con-

230 2904 436 2948 tempserit.
484 2904 615 2949 Neque
641 2905 872 2939 damnandus
895 2906 934 2940 et
956 2905 1020 2941 ille
1038 2906 1168 2950 fuerit,
1196 2907 1260 2951 qui
1283 2907 1436 2941 modum
1460 2907 1662 2952 aliquando
1686 2908 1750 2943 sed
1775 2920 1858 2944 raro

230 2959 269 2993 in
284 2959 448 2995 bibendo
472 2962 686 3003 excesserit,
714 2961 1018 3006 quandoquidem
1043 2963 1080 2997 et
1102 2963 1332 2998 medicorum
1357 2964 1550 2998 consilium
1575 2966 1644 3008 est,
1672 2976 1857 3010 quemque

231 3015 287 3049 bis
312 3017 350 3049 in
375 3027 501 3051 mense
528 3016 665 3052 debere
690 3018 904 3053 inebriari.“
