2119 3522
772 190 984 213 WERNHERVS
1008 205 1015 213 .
1041 191 1207 214 WESALIA.
1751 175 1845 222 501

131 302 281 340 Iudaeis
308 301 458 340 Christi
488 303 659 341 inimicis
690 304 945 355 frequentem
973 305 1116 343 habuit
1145 308 1495 346 conversationem
1527 314 1566 346 et
1596 309 1645 347 ab
1676 309 1755 347 illis
1780 309 1847 348 dc-

133 363 273 409 ceptus
312 359 354 396 in
393 359 576 409 putidam
616 373 795 397 errorum
831 361 1034 399 sentinam
1071 364 1268 403 corruit“.
1329 363 1492 402 Scilicet
1531 378 1614 402 non
1645 379 1668 403 a
1697 365 1847 404 Iudaeis

135 415 327 465 deceptus
357 415 539 453 IVesalia
575 416 683 453 inter
713 416 793 453 alia
824 416 961 454 docuit
998 418 1276 469 indulgentias
1314 420 1416 458 nihil
1447 420 1525 457 nisi
1563 422 1650 471 pias
1682 422 1846 460 fraudes

134 470 476 522 deceptionesque
500 470 820 509 Christianorum
842 485 940 519 esse,
975 486 1108 524 neque
1130 475 1272 524 glossae
1294 489 1427 527 neque
1451 476 1658 515 doctorum
1688 479 1846 529 scriptis

133 527 381 565 credendum
419 540 525 576 esse3
567 527 759 565 mandata
799 528 977 565 ecclesiae
1016 543 1099 566 non
1136 530 1264 581 ligare
1303 532 1356 570 ad
1394 538 1621 582 peccatum,
1663 534 1749 572 sola
1781 535 1847 572 dei

131 584 262 633 gratia
291 583 440 620 salvari
472 583 637 630 eleetos,
679 597 726 621 ac
756 584 790 621 si
820 584 955 622 nullus
986 598 1165 636 unquam
1194 601 1301 638 papa
1333 589 1493 635 fuisset,
1534 595 1669 628 tamen
1701 591 1846 629 salvati

130 639 303 676 fuissent
323 639 365 676 hi
385 639 454 689 qui
476 639 621 677 salvati
644 645 798 689 essent3
832 641 865 677 si
886 647 1049 679 sanctus
1070 641 1215 680 Petrus
1237 644 1478 683 instituisset
1498 645 1707 693 ieiunium,
1741 647 1846 685 fortc

129 695 222 733 ideo
252 695 295 733 id
326 696 489 742 fecisse,
530 701 574 734 ut
605 709 652 734 eo
682 696 825 734 melius
862 697 992 747 pisces
1022 710 1115 735 suos
1145 699 1365 749 venderet3
1408 714 1565 738 sacrum
1595 702 1727 740 oleum
1759 716 1845 741 esse

129 752 233 789 sicut
264 751 375 789 aliud
408 752 559 800 oleum3
602 753 910 802 peregrinantes
942 753 1112 791 Romam
1142 755 1275 793 fatuos
1307 770 1412 803 esse,
1447 758 1542 807 quia
1572 757 1636 795 hic
1665 759 1844 797 invenis-

129 813 220 845 sent
249 808 359 858 quod
390 807 487 845 alibi
517 809 772 858 quaesissent,
805 814 986 846 sanctam
1017 810 1228 848 ecclesiam
1258 825 1341 849 non
1374 825 1461 850 esse
1493 813 1751 861 catholicam,
1784 818 1845 852 iclz

130 865 287 901 verctclzt
316 866 388 900 (len
420 865 547 910 bapst,
587 867 647 901 (lie
677 866 789 901 ke'relc
821 867 899 902 und
927 868 985 902 die
1023 869 1204 913 concilia,
1247 870 1307 905 ich
1337 871 1397 905 lob
1431 870 1638 917 Cla-istum,
1678 870 1846 908 verbum

130 919 278 957 Christi
307 919 464 958 habitet
494 920 536 957 in
566 919 682 958 nobis
713 919 984 959 abundanter.
1043 922 1188 974 Itaque
1220 923 1322 961 nihil
1353 925 1496 962 mirum
1525 926 1634 975 quod
1657 924 1717 975 (ut
1738 927 1845 964 Trit-

126 974 272 1014 hemii3
301 976 435 1013 verbis
472 975 586 1026 utar)
629 977 872 1023 „Iohannes
909 978 1102 1016 Ruchard
1142 979 1192 1017 de
1223 980 1404 1018 lVesalia
1441 982 1669 1031 superiore,
1722 996 1846 1021 sacrae

126 1032 341 1083 theologiae
373 1032 529 1079 doctor,
571 1038 611 1071 et
640 1033 693 1071 ad
724 1034 1025 1072 revocationem
1055 1036 1311 1086 quorundam
1342 1037 1620 1084 articulorum,
1665 1051 1764 1089 quos
1803 1040 1846 1077 in

128 1089 298 1127 ecclesia
327 1089 617 1127 Wormatiensi
654 1089 815 1140 publice
846 1091 1084 1141 praedicasse
1116 1092 1340 1139 ferebatur,
1374 1107 1447 1144 per
1479 1094 1682 1133 doctorem
1714 1101 1754 1133 et
1784 1096 1843 1133 in-

125 1146 360 1196 quisitorem
391 1151 552 1184 coactus
585 1152 663 1195 est,
697 1147 809 1184 cuius
839 1147 1047 1186 volumina
1077 1148 1165 1199 ipso
1198 1150 1454 1200 inspectante
1485 1151 1619 1189 omnia
1649 1151 1736 1200 igni
1765 1157 1843 1189 tra-

126 1201 211 1239 dita
241 1207 281 1239 et
311 1202 519 1240 combusta
548 1208 653 1249 sunt,
688 1208 728 1240 et
757 1203 843 1253 ipse
875 1217 946 1254 pro
979 1205 1217 1255 paenitentia
1247 1206 1485 1256 peragenda
1517 1207 1569 1244 ad
1600 1214 1845 1246 conventum

125 1258 294 1295 fratrum
323 1258 691 1308 Augustinensium
729 1259 881 1297 ibidem
918 1260 1120 1311 relegatus
1160 1275 1324 1300 maerore
1356 1268 1617 1314 consumptus
1657 1264 1699 1300 in
1730 1264 1844 1302 brevi

125 1313 258 1352 obiit“
292 1311 423 1364 [anno
448 1315 568 1352 1481.
591 1316 676 1353 sive
707 1316 932 1354 secundum
963 1317 1062 1354 alios
1087 1316 1248 1368 1482.]‚
1290 1331 1465 1365 „omnes
1505 1320 1695 1357 articulos
1735 1334 1842 1359 anno

122 1371 353 1421 praescripto
388 1367 548 1421 [1479]
574 1372 617 1408 in
650 1371 851 1410 dominica
881 1373 1081 1410 Estomihi
1111 1373 1272 1424 publice
1304 1376 1552 1413 revocavit“.
1611 1376 1843 1415 Humanius

122 1426 318 1465 iudicavit
333 1425 703 1478 Wimphelingus4:
736 1427 891 1478 „Atqui
923 1429 955 1465 si
984 1443 1072 1467 cum
1101 1430 1290 1468 hereticis
1314 1431 1506 1482 deinceps
1538 1432 1843 1484 procedendum

122 1489 182 1521 est
210 1483 313 1521 sicut
343 1497 432 1521 cum
462 1489 656 1522 veterano
688 1485 878 1535 magistro
908 1485 1066 1524 Ioanne
1097 1487 1327 1525 wesaliensi
1356 1501 1488 1538 nuper
1516 1488 1559 1525 in
1580 1488 1840 1539 Maguntiaco

120 1553 351 1590 processum
381 1540 468 1586 fuit,
503 1554 586 1577 non
618 1541 693 1578 erit
724 1554 824 1591 opus
855 1541 981 1580 multa
1013 1542 1362 1591 diverticulorum,
1398 1550 1437 1582 et
1466 1544 1842 1583 Enthimeumatum

120 1597 442 1642 concertatione,
484 1596 534 1634 ab
573 1597 642 1634 illo
682 1597 791 1635 enim
829 1611 912 1635 non
943 1599 1021 1636 nisi
1053 1599 1282 1650 importune
1314 1614 1359 1638 ac
1391 1614 1479 1638 cum
1518 1601 1641 1638 multo
1681 1602 1841 1640 fervore

120 1652 366 1703 querebatur
388 1652 611 1691 Crederet?
642 1667 718 1691 nec
750 1654 829 1691 ne‘?
855 1683 1039 1695 .......
1063 1655 1183 1694 facile
1214 1662 1355 1694 contra
1386 1657 1585 1695 hereticos
1607 1671 1680 1709 per
1710 1659 1840 1709 inqui-

118 1710 306 1747 sitionem
339 1709 495 1760 (qualis
528 1722 616 1747 cum
652 1711 842 1761 magistro
881 1710 1040 1750 Ioanne
1072 1712 1123 1750 de
1153 1713 1318 1751 wesalia
1355 1713 1495 1751 habita
1526 1712 1608 1764 est)
1642 1728 1724 1752 non
1768 1729 1841 1765 per

118 1766 361 1816 ampullosas
394 1766 702 1816 disputationes,
735 1780 944 1817 processus
975 1768 1132 1806 institui
1163 1775 1309 1819 potest.
1368 1770 1422 1807 Et
1452 1771 1646 1820 quoniam
1677 1771 1727 1809 de
1759 1786 1838 1810 ma-

118 1822 242 1872 gistro
273 1822 431 1860 Ioanne
460 1823 680 1860 wesaliano
712 1825 903 1862 memoria
934 1824 1097 1871 incidit,
1131 1827 1327 1876 suspicari
1359 1827 1556 1877 cogimur:
1599 1828 1748 1877 optimo
1780 1828 1840 1865 illi

116 1879 202 1916 viro
234 1892 317 1916 non
355 1878 458 1916 nihil
490 1878 687 1925 obfuisse,
728 1880 837 1930 quod
876 1881 1068 1918 secularis
1109 1882 1265 1928 doctor,
1307 1883 1417 1933 quod
1456 1883 1693 1930 modernus,
1728 1885 1838 1934 quod

115 1935 386 1981 Marsilianus,
421 1935 530 1986 quod
561 1948 644 1972 non
675 1935 1015 1975 indissolubiliter
1044 1938 1167 1975 solius
1189 1938 1345 1976 Thome
1368 1939 1487 1976 dictis
1517 1939 1712 1977 inherens
1734 1940 1836 1977 iudi-

117 1997 287 2030 caretur.
334 1991 377 2029 Si
408 1992 644 2039 cucullatus,
677 1993 711 2030 si
732 1992 945 2031 Thomista
976 1993 1132 2041 fuisset,
1166 1994 1287 2033 credo
1319 2009 1393 2046 ego
1425 1996 1573 2042 mitius,
1606 1995 1834 2043 humanius,

115 2048 269 2085 tardius
302 2053 341 2085 et
370 2048 592 2086 modestius
624 2062 713 2085 cum
744 2062 790 2086 eo
822 2054 954 2087 actum
985 2050 1123 2088 fuisse.
1184 2050 1228 2089 Si
1257 2051 1399 2090 saltem
1430 2052 1648 2102 inquisitus
1680 2052 1835 2099 fuisset,

114 2103 396 2142 nihilominus:
420 2105 516 2155 quia
537 2104 782 2154 grandevus,
803 2106 898 2156 quia
922 2106 1164 2157 decrepitus,
1186 2108 1281 2158 quia
1302 2108 1493 2155 infirmus,
1518 2109 1614 2158 quia
1635 2109 1836 2146 memoriae

115 2166 154 2198 et
184 2160 342 2210 ingenii
372 2159 525 2198 viribus
558 2160 792 2208 destitutuS,
835 2163 931 2212 quia
960 2162 1077 2200 bonae
1108 2164 1222 2210 vitae,
1263 2178 1346 2202 non
1385 2165 1441 2201 ita
1473 2164 1705 2202 obruendus
1746 2165 1833 2212 fuit,

114 2222 158 2254 ut
188 2217 303 2267 quasi
335 2217 501 2268 quidam
521 2216 785 2256 vehementer
815 2219 1043 2269 gauderent
1073 2219 1323 2271 triumphare
1345 2234 1389 2258 se
1410 2234 1528 2271 posse
1550 2227 1692 2259 contra
1723 2235 1834 2259 secu-

112 2272 256 2320 larem,
290 2278 430 2311 contra
461 2274 724 2320 nominalem,
766 2281 906 2313 contra
937 2289 1019 2313 non
1050 2275 1321 2314 Thomistam:
1356 2277 1502 2328 dignus
1535 2283 1621 2315 erat
1651 2278 1834 2328 profecto

113 2329 178 2366 cui
215 2330 420 2380 longiores
461 2329 656 2367 darentur
692 2331 875 2377 inducie,
917 2333 980 2369 cui
1011 2332 1129 2370 amici
1160 2339 1199 2370 et
1238 2334 1487 2372 consultores
1527 2333 1831 2381 adhiberentur,

112 2386 316 2436 priusqam
347 2387 388 2424 in
411 2386 613 2424 subselliis
644 2387 778 2437 palam
800 2401 889 2425 cum
919 2388 1075 2438 pudore
1098 2389 1377 2427 collocaretur.
1423 2390 1523 2428 Etas
1546 2403 1619 2428 sua
1641 2391 1832 2429 maiorem

110 2442 324 2489 honorem,
365 2443 574 2480 infirmitas
604 2444 796 2481 maiorem
826 2444 1036 2494 pietatem,
1076 2446 1169 2483 vitae
1199 2446 1392 2484 honestas
1429 2447 1621 2484 maiorem
1652 2460 1831 2498 compas-

111 2499 267 2536 sionem
296 2499 538 2537 merebatur.
589 2494 755 2538 Vtinam
784 2500 890 2538 vllus
921 2501 1064 2540 fuisset
1092 2502 1204 2540 locus
1235 2503 1398 2541 relictus
1429 2503 1684 2550 humanitati,
1718 2503 1831 2542 beni-

111 2555 320 2600 uolentiae,
366 2556 521 2605 pietati.
580 2555 631 2593 In
674 2570 764 2594 eum
802 2569 921 2607 quem
958 2571 1050 2600 sua,
1071 2558 1237 2608 grandis
1284 2559 1493 2596 infirmitas
1532 2559 1666 2609 potius
1711 2572 1833 2609 quam

112 2611 238 2648 oratio
278 2609 419 2648 debuit
457 2625 669 2659 excusare,
710 2614 893 2663 quamuis
931 2614 1124 2664 plurimos
1156 2615 1347 2652 articulos
1387 2614 1436 2652 ab
1477 2615 1618 2653 emulis
1657 2614 1734 2653 sibi
1771 2617 1829 2653 in-

111 2667 267 2704 iunctos
298 2680 339 2704 se
371 2680 550 2718 unquam
580 2669 810 2719 predicasse
842 2675 1030 2720 negaret,
1071 2670 1268 2720 quosdam
1306 2676 1440 2708 tamen
1481 2671 1657 2708 creditur
1696 2684 1829 2723 neque

111 2723 224 2769 fidei,
265 2736 398 2774 neque
435 2722 552 2761 bonis
590 2725 767 2762 moribus
799 2725 1018 2765 adversari.
1076 2725 1299 2764 Modernus
1336 2727 1459 2764 hodie
1499 2727 1828 2778 archiepiscopus

110 2779 375 2830 Maguntinus
406 2780 621 2817 Bertoldus
651 2780 1046 2832 Hennenbergensis
1070 2811 1078 2819 .
1103 2814 1111 2821 .
1137 2815 1144 2822 .
1166 2783 1290 2821 talem
1328 2796 1557 2833 processum
1587 2789 1669 2821 tam
1699 2785 1827 2835 preci-

110 2836 245 2886 pitem,
270 2842 350 2872 tam
371 2836 647 2883 inhumanum,
671 2838 833 2875 minime
856 2843 1064 2888 pateretur
1082 2869 1089 2876 .
1108 2870 1114 2877 .
1135 2840 1187 2877 .“.
1245 2839 1459 2890 Leguntur
1480 2840 1589 2891 apud
1612 2839 1828 2878 Ortvinum

199 2974 234 3015 3)
258 2973 422 3006 Chronic.
442 2973 575 3016 Sponh,
595 2974 641 3006 ad
665 2986 695 3008 a.
716 2977 814 3009 1479.
920 2977 955 3016 4)
982 2976 1187 3009 Concordia
1212 2980 1417 3010 curatorum
1444 3000 1446 3019 i
1472 2987 1483 3012 2
1510 2977 1661 3011 fratrum
1688 2979 1828 3012 mendi-

199 3028 324 3062 cantifi
347 3028 403 3072 {ll}
431 3041 459 3063 s.
477 3030 500 3062 l.
520 3033 556 3062 et
574 3041 605 3063 a.
627 3028 760 3074 [1503.]
779 3031 826 3065 4⁰.
845 3043 927 3074 pag.
947 3031 1009 3073 hij.

120 3084 145 3099 Q
