2119 3522
262 217 359 261 294
762 229 869 251 INDEX
892 226 1145 249 BIOGRAPHICVS
1170 227 1211 247 ET
1237 224 1479 247 ONOMASTICVS.

263 349 464 398 Rhagium
494 344 867 394 Aesticampianum
899 348 938 378 et
967 341 1194 378 Iohannem
1225 339 1505 376 Sommerfeld.
1565 339 1701 376 Vitam
1730 340 1825 385 viri,
1863 353 1982 390 quem

265 403 496 455 primarium
525 400 697 437 Hutteni
728 390 1088 448 praeeeptorem‘in
1118 396 1237 433 huius
1266 392 1475 445 operibus¹
1503 395 1649 444 saepius
1677 395 1867 445 legimus,
1901 409 1982 445 pree

267 459 355 497 aliis
379 459 463 495 eius
486 457 613 493 aetatis
630 455 764 492 multis
782 451 1093 498 memorabilem,
1119 465 1165 489 ac
1181 451 1421 488 Buschianae
1437 463 1513 488 nec
1530 463 1612 487 non
1629 451 1671 487 in
1688 451 1821 488 multis
1838 451 1982 489 Hutte-

264 515 397 552 nianae
420 512 606 556 similem,
642 510 801 561 plenius
823 510 1053 559 rectiusque
1075 521 1192 558 quan]
1215 521 1237 544 a
1258 506 1427 544 Io'ehero
1438 504 1462 552 ²,
1496 506 1693 543 Mohnike
1703 504 1727 552 ³,
1759 506 1945 544 Erhardo
1956 505 1980 553 ⁴¹,

268 569 414 608 Carolo
440 565 631 617 Hagen⁵‚
666 560 883 603 Straussi0⁶
914 565 1062 602 factum
1094 569 1169 609 est,
1203 563 1381 600 breviter
1413 562 1623 612 descripsit
1643 562 1703 599 Io.
1725 562 1820 600 Alb.
1841 562 1982 600 Fabri-

265 626 347 663 cius
358 623 382 670 ⁷,
414 636 533 674 quem
556 623 613 659 illi
636 627 780 672 praeter
800 621 1013 658 Io'cherum
1036 632 1173 656 omnes
1195 632 1277 656 non
1301 619 1601 664 consuluerunt,
1633 631 1706 655 nos
1732 624 1866 656 autem
1885 632 1982 669 pau-

265 682 320 719 cis
344 680 489 717 nostris
513 677 800 716 additamentis
823 683 984 714 auctum
1006 675 1202 713 dabimus.
1254 674 1418 721 „Natus
1441 680 1500 711 est
1516 674 1698 724 Rhagius
1721 687 1827 711 anno
1849 675 1982 721 1460,

267 737 362 788 quia
392 737 433 773 in
466 736 554 772 eius
577 733 784 785 epitaphio
806 733 956 784 legitur
985 745 1021 769 a.
1046 732 1165 769 1520.
1189 732 1317 769 aetatis
1347 744 1454 767 anno
1476 730 1724 780 sexagesimo
1749 730 1982 768 decessisse.

264 793 329 830 De
352 793 564 829 iuventute
587 791 671 827 eius
693 803 836 840 parum
859 794 1026 834 constat,
1051 788 1130 824 nisi
1152 787 1260 838 quod
1281 787 1517 837 Philippum
1533 786 1779 823 Beroaldum
1799 787 1842 823 in
1863 786 1984 825 Italia

268 849 479 886 docentem
511 847 579 884 diu
600 847 696 884 satis
720 843 913 883 audivit?
976 844 1125 881 Docuit
1146 843 1275 880 bonas
1296 843 1452 880 litteras
1475 856 1547 893 per
1568 855 1696 879 annos
1717 855 1841 889 xx111,
1876 843 1984 893 quod

268 910 471 942 testantur
507 902 630 939 verba
662 901 860 952 epitaphii
891 901 1019 946 illius,
1064 899 1173 950 quod
1212 904 1322 936 extat
1361 899 1470 949 apud
1501 898 1705 936 Mencium
1737 898 1914 936 Suevum
1945 904 1984 936 et

270 959 514 998 Sennertum
544 959 586 996 in
617 958 746 995 Acad.
780 957 947 994 Witteb.

581 1040 819 1076 Rhetoricen,
846 1038 1036 1080 Sophiam,
1063 1040 1186 1068 vatum
1212 1038 1445 1068 monumenta
1470 1036 1656 1078 professus

648 1096 762 1126 Annis
787 1096 920 1135 viginti
945 1093 1072 1135 plusve
1098 1095 1262 1124 minusve
1289 1092 1415 1123 tribus.

580 1151 789 1191 Danubius,
817 1150 964 1182 Rhenus
989 1152 1163 1185 testatur,
1192 1151 1228 1180 et
1254 1147 1390 1186 Odera,
1417 1150 1454 1180 et
1478 1147 1600 1187 Albis,

648 1206 846 1248 Spiraque,
878 1215 955 1238 cum
983 1205 1093 1236 docta
1119 1203 1289 1244 Sequana
1315 1202 1443 1235 Gallus
1471 1213 1576 1245 aqua.

268 1297 347 1334 quo
370 1282 512 1320 ordine
533 1294 629 1319 vero
651 1282 693 1319 in
723 1279 894 1331 singulis
924 1278 1156 1329 regionibus
1185 1284 1367 1316 versatus
1397 1278 1520 1316 fuerit
1548 1278 1770 1328 ignoratur.
1807 1278 1883 1316 hoc
1904 1293 1985 1317 cer-

271 1346 355 1377 tum
386 1344 445 1375 est
474 1338 605 1388 ipsum
635 1338 677 1375 in
709 1337 830 1375 Italia
863 1342 901 1373 et
930 1335 1066 1373 Romae
1097 1335 1298 1385 praecipue
1330 1335 1474 1380 fuisse,
1507 1333 1577 1371 ubi
1606 1334 1753 1371 Iacobo
1786 1333 1985 1384 Questen-

269 1392 432 1443 bergio⁹
463 1394 716 1432 familiariter
746 1406 840 1430 usus
873 1398 912 1429 et
943 1391 1043 1428 forte
1067 1391 1191 1442 ipsius
1214 1391 1403 1441 auspiciis
1424 1390 1602 1428 lauream
1624 1391 1823 1440 poeticam
1844 1404 1867 1428 a
1887 1405 1985 1442 pon-

268 1452 374 1489 tifice
406 1458 548 1488 nactus
581 1456 653 1487 est.
713 1449 777 1486 Ex
807 1448 928 1485 Italia
959 1448 1162 1498 profectus
1196 1453 1255 1484 est
1284 1447 1327 1484 in
1358 1447 1533 1485 Galliam
1546 1444 1581 1492 ¹⁰,
1615 1447 1684 1484 ubi
1713 1447 1886 1484 Lutetiae
1917 1448 1986 1485 ali-

272 1505 611 1561 quamdiu-baesit.
658 1505 762 1543 Inde
786 1517 961 1554 auguror
985 1503 1210 1551 (Fabricius
1232 1502 1380 1553 pergit)
1404 1503 1649 1551 Friburgum
1670 1503 1712 1539 in
1735 1503 1988 1553 Brisgoviam

272 1563 505 1609 devenisse,
538 1561 608 1600 ubi
637 1567 741 1599 teste
763 1560 928 1599 Urbano
959 1560 1087 1610 Regio
1120 1559 1253 1597 aulam
1277 1558 1446 1597 Caesaris
1478 1565 1637 1596 secutus
1670 1565 1730 1596 est
1761 1564 1799 1596 et
1829 1560 1986 1610 procul-

273 1619 393 1657 dubio
425 1618 474 1655 ab
505 1618 582 1656 hoc
614 1618 733 1655 etiam
763 1617 943 1654 lauream
976 1617 1175 1666 poeticam
1205 1612 1499 1666 impetravit¹¹:
1542 1629 1636 1652 nam
1667 1615 1818 1666 duplici
1849 1616 1987 1654 laurea

273 1681 455 1713 ornatum
478 1675 602 1711 fuisse
625 1680 795 1711 testatur
818 1672 1081 1723 epitaphium.
1125 1671 1304 1710 Coloniae
1326 1672 1457 1722 ipsum
1478 1671 1605 1708 bonas
1627 1671 1783 1709 litteras
1807 1671 1989 1710 docuisse

271 1731 396 1769 tradit
417 1730 544 1767 Henr.
566 1729 686 1767 Corn.
703 1729 889 1779 Agrippa.
903 1727 938 1765 ¹².
999 1729 1062 1766 De
1085 1727 1203 1779 Spira
1225 1734 1370 1778 praeter
1391 1727 1641 1778 epitaphium
1662 1727 1765 1765 nihil
1790 1729 1988 1766 novimus.

275 1787 509 1837 Sequuntur
538 1787 646 1832 loca,
680 1786 721 1822 in
755 1785 900 1836 quibus
930 1792 1114 1822 versatus
1146 1790 1205 1822 est
1226 1784 1425 1834 Rhagius,
1459 1784 1597 1821 addito
1630 1797 1752 1823 anno.
1790 1784 1841 1822 A.
1868 1786 1988 1823 1501.

272 1843 442 1881 Basileae
474 1841 635 1880 Cebetis
674 1842 854 1879 tabulam
885 1841 1067 1891 preelegit
1099 1846 1137 1877 et
1170 1837 1406 1891 exposuit¹³.
1469 1836 1534 1890 [A.
1561 1840 1679 1878 1502.
1702 1840 1989 1891 Heidelbergae

365 1976 396 2011 1)
414 1987 443 2006 e.
460 1986 511 2015 gr.
523 1976 551 2008 I.
567 1976 704 2015 p.8.43.
720 1974 785 2006 ΙΙΙ,
801 1974 898 2014 p.68.
910 1974 985 2005 56⁵2.
999 1983 1073 2014 sqq.
1141 1972 1174 2012 2)
1194 1973 1510 2005 Gelehrten—Leoeic.
1526 1984 1603 2004 voc.
1616 1973 1791 2014 Rhagius.
1856 1974 1889 2013 3)
1905 1975 1992 2006 Huc-

363 2036 436 2063 tens
450 2031 584 2073 Klayen
604 2041 634 2071 p.
650 2031 715 2061 446
727 2031 845 2061 ...452
931 2029 965 2067 4)
985 2029 1099 2061 Gesefz.
1119 2031 1177 2060 (les
1197 2029 1448 2069 Wiederanfbl.
1465 2030 1526 2061 der
1545 2029 1650 2061 VViss.
1666 2029 1734 2060 ΠΙ.
1749 2041 1781 2071 p.
1796 2030 1990 2064 287...297.

364 2086 397 2126 5)
413 2087 580 2118 Dentselzl.
595 2087 723 2117 literar:
740 2097 770 2119 u.
787 2085 933 2126 relfysds,
949 2085 1163 2116 Verhci'lth.
1175 2086 1279 2126 p.24·2
1334 2086 1410 2116 244.
1481 2084 1514 2125 6)
1533 2085 1778 2119 Ulr‚v.Hulten
1792 2085 1863 2128 1.p.
1875 2087 1991 2127 29.sq.

365 2143 398 2183 7)
415 2142 586 2174 Biblioth.
604 2142 684 2174 Lat.
699 2142 786 2174 med.
802 2146 835 2172 et
848 2141 911 2171 inf.
930 2141 1008 2171 aevi.
1024 2141 1416 2181 Hamburg 1734...46.
1433 2140 1480 2172 80.
1494 2140 1796 2182 V1.p‚198...20·2.
1860 2141 1896 2183 8)
1909 2142 1992 2173 Hie-

367 2209 440 2229 ron.
460 2197 600 2229 W'eller
617 2198 653 2228 in
678 2195 858 2228 ‘Libello’
884 2206 904 2227 a
922 2196 1031 2227 Mich.
1050 2196 1227 2238 Hempelo
1246 2197 1344 2238 Lips.
1363 2198 1459 2229 1580.
1484 2197 1530 2228 8⁰.
1556 2197 1666 2229 edito.
1685 2208 1718 2238 p.
1734 2199 1786 2229 71.
1880 2198 1915 2239 9)
1935 2197 1991 2230 Cf.

367 2255 465 2285 infra
482 2254 577 2284 hunc
597 2256 661 2284 art.
756 2254 810 2291 10)
831 2252 886 2284 Cf.
907 2253 1011 2294 epist.
1031 2253 1173 2284 Urbani
1189 2252 1297 2294 Regii
1317 2252 1361 2283 ad
1380 2252 1576 2294 Rhagiuxn,
1597 2263 1701 2293 quam
1722 2254 1759 2284 in
1777 2254 1922 2286 arcanis
1938 2254 1992 2285 bi-

367 2309 494 2341 blioth.
514 2309 819 2349 Annaebergensis
839 2308 931 2343 edid.
949 2319 1022 2340 rev.
1042 2308 1256 2340 Wilischius
1274 2319 1308 2350 p.
1327 2310 1401 2341 110.
1497 2310 1551 2347 11)
1571 2314 1613 2340 ut
1634 2314 1759 2351 postea
1777 2311 1856 2351 ipse
1874 2309 1991 2342 Urba-

369 2375 433 2396 nus
457 2364 602 2406 Regius.
653 2362 1152 2405 Cf,Hutt.Opp.1.p.145¹⁶.
1259 2365 1312 2400 122.
1338 2364 1372 2395 Is
1398 2364 1434 2394 in
1458 2365 1615 2406 epistola
1640 2366 1684 2396 ad
1704 2358 1865 2397 Coloniae
1890 2376 1994 2397 sena-

373 2424 465 2451 tores
481 2420 715 2461 consulesque
728 2420 864 2451 Bonnae
879 2418 911 2453 d.
926 2422 977 2450 11.
995 2420 1070 2453 Ian.
1089 2430 1120 2450 a.
1137 2422 1234 2453 1533.
1250 2421 1388 2461 scripta
1406 2420 1509 2462 (Epp.
1525 2421 1604 2456 VII,
1620 2422 1672 2456 ⁶26,
1688 2421 1779 2463 Opp.
1794 2422 1846 2452 ed.
1862 2422 1993 2463 Bering

370 2476 416 2506 II.
437 2487 468 2517 p.
491 2477 594 2515 1036)
626 2479 813 2516 postquam
843 2475 1164 2506 Dominicanorum
1193 2476 1564 2517 Peperieornistarum
1600 2481 1726 2508 contra
1756 2477 1991 2520 Capnionem,

370 2533 576 2571 Erasmum,
602 2532 847 2562 Hermannum
871 2531 1091 2562 Nuenarium
1117 2534 1153 2562 et
1176 2532 1321 2563 Petrum
1339 2533 1591 2564 Ravennatem
1617 2533 1662 2564 ab
1687 2534 1775 2575 ipsis
1801 2544 1819 2565 e
1839 2533 1993 2565 Colonia

372 2585 420 2629 [a.
439 2584 554 2629 1508]
575 2587 759 2628 expulsum
779 2588 967 2627 nequitias
986 2588 1037 2618 eis
1056 2587 1308 2628 opprobravit,
1335 2590 1387 2619 ita
1406 2591 1525 2630 pergit
1542 2590 1660 2630 „quin
1678 2590 1788 2621 etiam
1806 2590 1867 2621 diu
1885 2593 1993 2622 antea

371 2643 548 2685 quendam
566 2644 739 2674 Ioannem
758 2643 1096 2684 Aestieampanum,
1114 2644 1230 2674 virum
1251 2643 1412 2676 doctrina
1433 2648 1468 2676 et
1486 2646 1644 2677 moribus
1662 2646 1859 2687 insignem,
1880 2646 1941 2688 qui
1957 2646 1994 2677 in

371 2702 493 2730 vestra
518 2699 668 2730 civitate
694 2698 867 2738 Plinium,
892 2710 971 2730 cum
995 2699 1243 2739 utilissimam,
1269 2703 1342 2731 tum
1366 2702 1611 2733 necessariam
1635 2701 1827 2734 lectionem
1851 2701 1994 2743 profite-

372 2755 495 2793 batur,
515 2765 586 2785 non
604 2753 716 2785 solum
735 2754 866 2786 scholis
885 2755 1038 2796 publicis
1056 2755 1294 2796 secluserunt,
1314 2757 1377 2788 sed
1396 2759 1432 2788 et
1449 2761 1553 2789 tanta
1571 2757 1781 2789 invidentiae
1800 2758 1901 2789 rabie
1918 2767 1993 2799 per-

375 2810 491 2841 secuti
508 2813 605 2847 sunt,
633 2810 746 2841 donec
770 2811 956 2842 civitatem
980 2812 1097 2853 ipsam
1114 2811 1319 2853 relinquere
1339 2813 1545 2855 adegerint,
1574 2814 1664 2846 adeo
1689 2824 1831 2856 semper
1848 2815 1994 2855 optimis

374 2865 506 2896 litteris
528 2865 678 2905 infensi,
706 2868 741 2896 et
764 2866 994 2898 doctissimos
1019 2877 1180 2909 quosque
1205 2869 1300 2900 viros
1323 2869 1482 2911 perosi.“
1532 2869 1587 2901 Cf.
1606 2870 1715 2902 aliam
1733 2869 1903 2911 Agrippae
1923 2870 1996 2911 epi-

377 2920 524 2960 stolam,
550 2930 652 2961 quam
679 2921 724 2952 ad
749 2925 816 2955 art.
836 2922 1054 2954 ‘Caesarius⁷
1079 2925 1196 2965 repeti
1218 2925 1400 2957 iussimus.
1504 2926 1558 2965 13)
1585 2936 1689 2967 quam
1714 2928 1843 2967 postea
1867 2925 1993 2961 edidit,

378 2976 426 3008 cf.
442 2976 544 3009 Hutt.
563 2976 733 3017 Opp‚111.
754 2989 786 3018 p.
803 2979 879 3012 542.
914 2978 1028 3011 Celtis
1047 2980 1261 3012 Cracoviam
1283 2993 1313 3013 a.
1329 2983 1426 3014 1498.
1446 2981 1523 3023 „ad
1541 2983 1713 3013 Ioannem
1727 2981 1993 3023 Aesticampia·

377 3041 459 3062 num
478 3041 583 3072 quam
601 3031 699 3063 dedit
717 3033 905 3074 epistolam
924 3035 1086 3067 condivit
1102 3036 1234 3068 iocosis
1255 3037 1405 3069 salibus.
1455 3038 1569 3069 Petiit
1592 3038 1722 3070 librum
1740 3038 1992 3069 Ruthenieum.
