2119 3522
663 240 917 264 MELANCHTHON
945 257 950 263 .
968 256 972 262 .
990 256 995 264 .
1023 239 1148 264 Mart-21³.
1670 223 1765 269 415

143 353 408 387 Grammaticos
434 366 519 388 vero
546 359 581 387 et
607 355 760 387 aliarum
787 356 1018 387 honestarum
1047 356 1174 387 artium
1201 355 1312 388 libros
1338 356 1439 388 iubet
1464 367 1699 397 conservare,
1725 367 1768 388 nc

141 411 268 453 lingua
299 412 510 443 neccssaria
534 412 714 443 Ecclesiae
746 412 889 452 penitus
920 411 1095 444 deleatur.
1145 412 1279 444 Censet
1308 413 1467 444 eruditos
1493 414 1530 444 in
1554 413 1680 454 lingua
1705 412 1769 445 ad-

140 467 316 499 hibendos
343 478 434 500 esse.
483 468 571 499 Haec
597 468 781 499 sententia
807 468 946 507 aequior
972 478 1050 498 cum
1070 468 1286 509 Imperatori
1310 469 1426 509 magis
1445 469 1661 510 placuisset,
1686 468 1770 501 libri

140 524 177 554 in
209 524 344 555 curiam
375 523 728 555 Francofordianam
763 522 935 554 translati
963 522 1098 554 Iudaeis
1135 524 1393 563 restituuntur,
1431 528 1468 556 et
1505 525 1604 556 elusa
1641 524 1768 556 fraude

140 580 294 611 discedit
311 579 518 620 inquisitor,
544 582 584 610 ut
601 589 728 611 corvus
745 578 861 611 hians.
1066 579 1170 610 Tunc
1197 582 1317 610 autern
1334 580 1512 611 Monacho
1538 580 1642 611 furiis
1670 590 1770 611 exar-

140 639 239 667 serat
269 638 347 666 atro
380 635 466 666 felle
499 634 610 666 dolor.
666 635 780 666 Lecto
811 635 924 675 igitur
956 633 1152 675 Capnionis
1184 635 1320 676 scripto
1353 635 1575 667 calumniose
1609 636 1770 676 excerpit

140 691 257 731 dicta,
285 694 321 722 et
346 693 423 721 arte
450 691 646 732 depravat,
674 694 710 722 et
736 690 834 722 edita
860 690 978 721 atroci
1004 690 1255 721 criminatione
1281 694 1434 722 accusat
1452 691 1675 732 Capnionem
1700 691 1770 722 hre-

139 757 274 780 reseos.
323 747 523 788 Maguntiae
549 746 753 787 corrogatis
779 746 919 786 aliquot
935 755 1009 776 suae
1028 745 1203 777 factionis
1222 746 1425 777 hominibus
1445 747 1623 779 comburit
1638 747 1768 778 librum

140 803 352 844 Capuionis.
399 804 489 834 Haec
519 802 607 834 belli
638 802 737 834 illius
768 802 876 832 initia
910 801 1067 834 fuerunt.
1118 802 1247 832 Postea
1274 801 1413 843 Capnio
1439 802 1661 834 luculentam
1688 813 1768 834 ora-

139 859 274 889 tionem
305 858 457 897 latinam
491 858 536 890 ad
560 858 821 899 Imperatorem
847 856 978 898 edidit,
1012 860 1047 888 et
1071 858 1331 899 provocatione
1364 858 1409 889 ad
1440 858 1578 890 iudicia
1604 859 1770 900 legitima

141 919 176 946 et
213 914 258 945 ad
295 913 509 946 Pontificem
547 924 586 945 se
623 913 796 945 defendit.
856 913 1029 945 Pontifex
1066 914 1248 955 Episcopo
1288 914 1454 955 Spirensi
1490 914 1693 953 mandavit,
1731 918 1770 945 ut

140 971 425 1002 controversiam
456 975 704 1011 cognosceret,
752 970 825 1001 Hic
857 969 996 1010 delegit
1026 969 1162 1001 iudices
1194 970 1292 1001 viros
1322 970 1510 1011 sapientes
1536 973 1572 1001 et
1599 970 1768 1010 eruditos,

139 1026 414 1066 Suaffiachium,
443 1027 642 1065 Truchses,
670 1029 705 1057 et
731 1025 938 1066 Theologos
965 1025 1181 1067 Capitonem
1207 1029 1243 1056 ct
1266 1026 1439 1057 Iodocum
1459 1024 1620 1065 Gallum,
1648 1026 1769 1067 hospi-

139 1085 210 1114 tem
236 1083 391 1115 Erasini.
439 1083 487 1113 Ili
514 1093 591 1114 cum
617 1082 920 1123 pronunciassent
944 1092 1008 1123 pro
1035 1081 1241 1123 Capnione,
1266 1082 1438 1113 Monachi
1464 1092 1587 1114 rursus
1613 1082 1658 1113 ad
1678 1082 1769 1113 Pon-

138 1138 273 1170 tificem
299 1141 511 1180 provocant.
561 1138 700 1180 Capnio
718 1138 840 1169 Roma}
865 1137 974 1169 multo
997 1139 1270 1179 praestantiores
1294 1127 1423 1170 habuit
1440 1138 1636 1177 Patronos,
1664 1149 1768 1180 quam

139 1195 176 1225 in
202 1193 409 1226 Germania.
458 1193 600 1226 Iudicio
625 1197 783 1236 praeerat
807 1193 1014 1226 Oardinalis
1038 1194 1231 1226 Grimanus
1255 1196 1436 1234 Venetus,
1464 1194 1687 1226 excellenter
1711 1195 1771 1226 do-

139 1254 219 1282 ctus
244 1251 281 1281 in
298 1251 453 1290 Latina,
481 1250 610 1282 Graeca
636 1253 673 1282 et
690 1251 821 1282 Ebraea
846 1249 984 1292 lingua,
1033 1251 1080 1282 Et
1104 1250 1164 1282 hic
1191 1250 1358 1282 adhibuit
1380 1251 1528 1282 Petrum
1547 1249 1769 1290 Galatinum,

139 1307 243 1339 cuius
275 1310 402 1338 extant
433 1307 582 1348 scripta.
637 1306 790 1338 Multum
823 1306 931 1338 etiam
969 1306 1064 1348 apud
1096 1307 1191 1338 hunc
1223 1306 1446 1338 cardinalem
1484 1310 1519 1338 et
1553 1306 1648 1348 apud
1680 1307 1771 1338 alios

138 1362 291 1394 valebat
322 1363 519 1394 autoritate
557 1372 667 1394 senex
700 1362 862 1394 eruditus
889 1366 926 1394 et
951 1364 1092 1403 suavis,
1125 1366 1234 1394 natus
1266 1363 1302 1394 in
1333 1362 1464 1404 oppido
1489 1362 1671 1404 Mysorum
1696 1363 1773 1394 Fri-

138 1419 270 1460 berga,
307 1418 462 1451 Iacobus
489 1419 773 1459 Questemberg,
806 1419 865 1460 qui
898 1429 1036 1450 summa
1068 1419 1137 1450 fide
1169 1419 1342 1450 tuebatur
1374 1418 1612 1460 Capnionem.
1669 1418 1771 1450 Com-

138 1475 325 1506 mendavit
350 1478 386 1506 et
402 1475 575 1506 Erasmus
593 1475 688 1508 hanc
713 1484 861 1506 causam
887 1475 1003 1507 Leoni
1030 1478 1066 1506 et
1090 1475 1286 1517 praecipuis
1305 1474 1578 1506 Cardinalibus.
1625 1475 1771 1506 Interea

138 1531 244 1563 lectis
274 1531 312 1562 in
343 1530 540 1562 Germania
572 1531 719 1572 scriptis
751 1530 951 1573 Capnionis
984 1531 1087 1563 multi
1120 1530 1382 1562 calumniarum
1415 1531 1497 1562 odio
1531 1542 1551 1562 a
1582 1531 1771 1562 Monachis

139 1586 229 1618 fiunt
260 1587 467 1620 alieniores.
522 1588 570 1619 Et
601 1587 705 1629 quasi
735 1587 929 1619 classicum
961 1588 1120 1620 canebat
1151 1597 1213 1619 suo
1245 1587 1416 1618 sodalitio
1449 1588 1645 1619 Huttenus.
1677 1587 1772 1617 -Hic

138 1643 310 1675 Monachi
340 1644 457 1685 magis
489 1644 599 1675 etiam
626 1643 747 1675 furere
779 1647 980 1685 coeperunt,
1014 1644 1265 1675 vociferantur
1290 1644 1325 1674 in
1353 1643 1608 1684 concionibus,
1641 1646 1772 1674 contra

140 1699 376 1741 Capnionem,
403 1700 593 1731 Erasmum
621 1703 656 1732 et
680 1700 879 1731 Huttenum
906 1700 1017 1732 edunt
1041 1700 1222 1742 picturas,
1251 1699 1418 1731 futilibus
1446 1700 1667 1741 argumentis
1693 1710 1773 1741 pro-

138 1760 304 1797 pugnant
335 1766 420 1788 suas
450 1757 747 1798 superstitiones,
780 1767 859 1798 quae
885 1760 969 1788 sunt
995 1758 1152 1798 aucupia
1177 1757 1278 1798 impii
1305 1758 1481 1797 quaestus,
1517 1756 1672 1797 denique
1699 1766 1771 1787 ma-

139 1812 210 1843 lam
236 1822 382 1844 causam
409 1813 623 1845 stultissime
650 1812 792 1855 agendo
817 1813 1035 1845 deteriorem
1055 1813 1213 1853 faciunt,
1241 1815 1277 1844 et
1294 1813 1439 1843 irritant
1458 1815 1585 1843 contra
1605 1822 1642 1843 se
1661 1811 1771 1842 multo

139 1868 272 1910 plures.
500 1867 586 1900 Cum
620 1869 671 1900 ita
710 1879 864 1901 accensa
905 1873 1028 1901 essent
1058 1869 1240 1901 bominum
1278 1868 1417 1909 studia,
1461 1868 1633 1900 Tecelius
1671 1867 1771 1899 aliud

138 1925 348 1957 incendium
379 1926 495 1957 maius
531 1925 684 1966 excitat,
722 1926 844 1957 irritat
874 1925 1092 1966 Luthe‘rum,
1130 1930 1169 1958 ut
1205 1926 1424 1967 imposturas
1459 1924 1771 1965 indulgentiarum

139 1981 285 2013 refutet.
338 1982 408 2012 Hic
441 1981 626 2023 explicata
659 1981 825 2013 doctrina
861 1981 904 2013 de
935 1982 1169 2023 poenitentia,
1209 1985 1245 2013 et
1276 1982 1414 2013 taxatis
1448 1979 1771 2022 superstitionibus

140 2038 258 2079 magis
285 2038 397 2069 etiam
423 2037 654 2070 labefactata
681 2042 736 2069 est
753 2038 1009 2070 Monachorum
1036 2039 1228 2069 autoritas.
1276 2038 1322 2068 Et
1340 2038 1461 2069 Romae
1488 2037 1674 2078 occupatis
1700 2036 1771 2066 iam

141 2094 271 2124 animis
307 2104 404 2126 nova
441 2104 546 2134 cura,
583 2104 729 2135 prorsus
768 2094 944 2126 conticuit
979 2105 1090 2126 causa
1128 2093 1345 2135 Capnionis‚
1386 2097 1427 2124 ut
1464 2103 1559 2135 saepc
1597 2092 1635 2123 fit
1671 2093 1772 2123 iuxta

139 2149 274 2181 dictum
307 2145 387 2182 λύει
422 2147 465 2182 δὲ
496 2145 673 2191 συμφορά
707 2145 777 2191 τὴν
809 2145 1019 2192 συμφοράν.
1069 2150 1127 2181 Ita
1152 2150 1314 2192 periculo
1341 2149 1487 2181 tandem
1514 2149 1697 2194 liberatus
1718 2152 1774 2180 est

142 2205 299 2247 Capnio,
333 2207 369 2237 in
394 2206 525 2237 ultima
551 2209 719 2247 senecta,
752 2206 1021 2248 propter-bella
1048 2207 1203 2239 Suevica
1228 2207 1405 2238 invitatus
1432 2216 1453 2237 a
1478 2207 1579 2237 Duce
1604 2205 1772 2237 Bavariae

140 2260 347 2302 Guilielmo,
379 2262 416 2293 in
441 2262 642 2294 Academia
673 2262 958 2304 Ingolstadiensi
991 2263 1155 2295 Graecam
1189 2265 1225 2294 et
1248 2263 1417 2295 Ebraeam
1448 2262 1611 2303 linguam
1636 2262 1770 2301 docuit,

139 2320 268 2359 postea
295 2322 331 2350 et
355 2319 560 2361 Tubingam
586 2320 788 2351 accersitus
815 2322 886 2359 est,
920 2319 983 2350 sed
1012 2319 1085 2350 iam
1112 2329 1279 2361 egressus
1305 2318 1614 2360 septuagesimum
1641 2328 1772 2349 annum

141 2374 262 2406 morbo
294 2376 444 2407 icterico
476 2375 645 2408 laborare
677 2376 804 2417 coepit,
839 2386 882 2406 ac
908 2375 1085 2417 paulatim
1113 2375 1370 2417 languefactus
1398 2373 1617 2417 Stutgardiae
1644 2375 1680 2405 in
1706 2384 1771 2405 sua

141 2431 244 2462 domo
270 2441 364 2463 anno
384 2433 480 2463 1521.
500 2429 608 2474 [immo
628 2432 659 2465 d.
679 2434 732 2463 30.
752 2432 829 2467 Iun,
852 2443 883 2463 a.
900 2428 1014 2473 1522]
1039 2442 1082 2463 ex
1107 2431 1176 2463 hac
1202 2432 1278 2463 vita
1304 2431 1465 2463 decessit
1484 2456 1489 2462 .
1511 2456 1516 2461 .
1537 2456 1542 2462 .
1564 2456 1568 2461 .

51 2530 208 2560 MEYER
241 2521 341 2573 (sive
373 2522 570 2573 MAYER)‚
603 2524 767 2570 Petrus,
803 2524 1062 2561 Francofurti
1094 2524 1146 2561 ad
1177 2524 1357 2561 Moenum
1395 2523 1447 2561 ad
1486 2523 1612 2561 aedem
1642 2523 1772 2560 sancti

50 2580 336 2617 Bartholomaei
367 2587 505 2630 pastor
536 2581 754 2631 plebanus,
787 2580 979 2627 Huttcni,
1012 2580 1244 2625 Reuchlini,
1279 2580 1607 2630 evangelicorum
1637 2579 1769 2616 infen-

50 2637 230 2673 sissimus
261 2637 465 2682 inimicus,
508 2651 595 2674 cum
627 2637 781 2674 civibus
813 2638 1072 2687 capituloque
1110 2637 1311 2687 iurgiosus
1350 2637 1519 2681 rixator,
1563 2649 1646 2672 non
1679 2649 1770 2673 con-

51 2692 288 2730 fundendus
321 2706 409 2730 cum
442 2706 487 2729 eo
521 2694 590 2743 qui
621 2707 729 2730 anno
763 2694 882 2731 1505.
916 2707 1064 2730 nomen
1103 2693 1145 2729 in
1177 2693 1312 2730 album
1350 2692 1566 2730 academiae
1596 2691 1771 2729 Witten-

51 2747 279 2799 bergensis¹
311 2750 368 2786 sic
388 2749 595 2799 inscripsit
627 2750 800 2796 „Petrus
822 2763 961 2800 meyer
985 2749 1034 2786 de
1062 2750 1325 2786 montenivis’
1362 2747 1404 2797 (i.
1429 2762 1463 2786 e.
1488 2746 1768 2797 Sclzneebery):

51 2819 144 2842 nam
174 2805 312 2851 huius,
356 2805 405 2843 de
437 2818 514 2856 quo
552 2806 755 2856 loquimur
793 2807 924 2856 patria
962 2805 1137 2843 Francia
1177 2805 1384 2842 orientalis
1423 2802 1535 2844 fuit2.
1567 2804 1771 2842 hominem

50 2862 146 2900 satis
177 2862 363 2899 novimus
394 2868 478 2899 tum
509 2875 559 2900 ex
579 2862 840 2912 epistolarum
863 2861 911 2899 O.
935 2862 984 2900 V.
1007 2862 1105 2900 locis
1135 2859 1378 2912 permultis³‚
1411 2867 1495 2898 tum
1526 2874 1576 2899 ex
1595 2861 1771 2898 Hutteni

142 3019 174 3060 1)
199 3019 443 3051 Forstemann
466 3029 499 3061 p.
521 3020 572 3050 18.
696 3019 729 3060 2)
754 3019 939 3060 Triumpb.
961 3018 1073 3061 Capu.
1096 3030 1130 3055 v,
1150 3020 1226 3051 829.
1252 3019 1288 3050 111
1311 3018 1414 3050 Hutt.
1434 3017 1524 3061 Opp.
1549 3017 1615 3050 III.
1641 3028 1673 3060 p.
1693 3017 1770 3050 440.

141 3075 175 3116 3)
201 3076 247 3107 cf.
266 3075 344 3108 Ind.
365 3075 556 3111 verb0r,l1.
576 3086 607 3107 v.
