2119 3522
318 194 410 238 716
826 207 1088 230 commxnmvs
1111 207 1157 229 AD
1183 209 1253 229 EPP.
1272 208 1301 229 o.
1318 208 1351 230 V.
1376 207 1504 230 vor..11.

314 269 399 308 Pag.
419 267 510 303 247.

402 321 514 354 test-es
541 330 616 353 esse
646 319 760 353 libros
792 318 910 352 multa
941 318 1148 352 eruditione
1173 318 1343 360 refertos,
1377 319 1440 362 qui
1466 328 1509 352 ex
1535 317 1683 352 officina
1701 319 1766 353 tua
1789 319 2017 364 prodierunt.

401 375 504 408 Tunc
529 374 760 408 adversa-rius
784 373 859 415 ille,
886 385 1000 417 quum
1024 373 1117 406 nihil
1140 373 1241 407 aliud
1264 373 1435 415 haberet,
1463 384 1534 418 quo
1559 374 1675 408 verba
1704 385 1789 408 mea
1816 375 2016 417 refelleret,

402 430 496 463 dixit
518 440 577 463 me
601 430 743 473 pariter
765 429 959 462 iudaisare.
1006 429 1093 463 Haec
1118 429 1202 463 ideo
1228 429 1387 463 scribere
1412 429 1531 471 volui,
1563 430 1605 463 ut
1626 440 1755 464 noscas
1778 440 1838 463 me
1861 429 1931 463 tibi
1955 430 2017 464 de-

401 485 637 527 ditissimum,
680 486 791 529 atque
826 494 894 528 pro
938 484 1096 518 nominis
1130 484 1187 518 tui
1223 484 1434 519 defensione
1470 485 1531 519 vel
1565 484 1698 519 ultima
1736 485 1850 519 etiam
1889 495 2016 529 exper—

401 542 567 574 turum.“

313 600 330 630 7
357 597 438 639 imp.
463 623 492 629 ..
513 597 562 630 acl
586 596 762 641 sanctiss]
789 595 848 630 die
873 600 927 631 23.
945 595 1024 630 Oct.
1044 607 1074 630 a.
1094 599 1188 630 1514.
1236 596 1412 640 Repetita
1436 598 1493 630 est
1517 597 1621 640 epist.
1645 608 1757 640 supra
1780 596 1828 630 ad
1850 608 1886 640 p.
1904 597 2016 631 234¹⁴.

311 656 329 685 9
355 652 430 686 Iac.
445 652 564 686 Fabri
576 652 731 697 Scapul]
750 651 845 686 Huic
862 652 919 695 [cf.
932 651 1138 696 Ind.biogr.
1152 655 1270 695 p.36‘l.
1281 663 1332 694 sq.
1347 652 1414 685 art.
1428 651 1559 696 Faber]
1573 651 1799 686 Reuchlinus
1813 652 1846 685 d.
1861 652 2017 696 31.Aug.

402 712 497 741 1513.
515 709 711 751 scripserat
737 708 794 752 [cf.
813 707 943 751 Consp.
962 707 1123 741 chronol.
1140 718 1224 752 pag.
1244 711 1317 741 126.
1334 708 1368 741 h.
1387 707 1452 751 d.];
1484 707 1595 741 tertio
1619 707 1692 741 kal.
1711 706 1811 750 Sept.
1829 707 2016 751 sequentis

400 764 485 796 anni
509 762 628 797 Faber
652 763 857 797 Reuchlino
885 763 942 806 [cf.
961 763 1090 807 Consp.
1110 763 1270 797 chronol.
1288 774 1323 806 p.
1344 763 1430 807 133.]
1450 763 1517 797 sic:

353 820 629 853 Consultissimo
654 821 771 862 legum
796 821 950 861 doctori,
976 821 1053 852 viro
1078 821 1384 852 venerandissimo
1409 831 1451 852 ac
1475 821 1680 870 doctissimo
1705 820 1780 853 Ioh.
1797 820 1974 852 Reuchlin

833 878 899 908 1)ΠΟ
922 877 1137 918 praeceptori
1162 887 1237 908 suo.
1263 876 1490 917 Stutgardiae.

398 933 478 964 Non
504 934 581 966 sine
607 934 714 965 animi
739 943 887 964 moerore
912 933 956 964 ad
980 937 1015 964 te
1042 933 1171 971 scribo,
1196 933 1488 964 Eminentissime
1514 933 1650 964 doctor.
1697 932 1753 963 Ex
1779 932 1926 974 scriptis
1951 932 2017 964 Co—

398 989 610 1022 loniensium
639 989 811 1029 Theologi
842 989 956 1020 nostri
987 988 1226 1020 definitionem
1264 999 1363 1019 suam
1395 988 1674 1029 qualemcunque
1705 988 1875 1020 dederunt
1907 986 1961 1032 [d.
1986 990 2016 1020 2.

398 1044 488 1085 Aug.
506 1055 536 1076 a.
556 1042 669 1087 1514]
689 1050 723 1077 et
749 1054 960 1086 quamquam
984 1044 1114 1075 litterae
1132 1043 1310 1078 Sereniss.
1328 1044 1442 1075 Ducis
1462 1041 1805 1086 [XVirtenbergensis
1830 1044 1862 1076 d.
1881 1046 1932 1076 19.
1950 1044 2016 1077 Iul.

398 1097 508 1142 datae]
536 1105 570 1131 et
595 1104 666 1132 tuae
694 1098 788 1143 [eod.
807 1100 861 1131 die
884 1099 934 1142 d.]
961 1103 995 1130 et
1021 1103 1138 1131 cetera
1162 1099 1379 1131 adminicula
1404 1109 1483 1140 quae
1512 1099 1657 1139 misisti,
1689 1099 1854 1131 facultati
1877 1100 2016 1132 theolo-

397 1155 485 1195 gicae
510 1156 667 1187 exhibita
691 1156 800 1195 fuere,
824 1155 885 1186 illa
910 1159 1028 1187 tamen
1054 1155 1171 1187 omnia
1195 1165 1380 1197 perparum
1396 1154 1618 1196 profuerunt,
1642 1154 1728 1186 licet
1752 1155 1858 1186 etiam
1882 1165 2018 1197 semper

397 1210 563 1242 habueris
595 1212 631 1242 in
662 1211 1004 1252 congregationibus
1034 1210 1219 1243 doctorum
1251 1211 1396 1242 eximios
1426 1214 1461 1241 et
1489 1210 1719 1251 gravissimos
1750 1211 1896 1251 Patres,
1927 1210 2018 1243 Can-

398 1266 582 1298 cellarium
599 1267 852 1305 Parisiensem,
876 1267 1188 1298 Poenitentiarium
1205 1267 1245 1298 G.
1265 1266 1474 1306 Castalium,
1491 1266 1790 1298 Archidiaconum
1806 1265 2016 1300 Thuronen-

395 1332 478 1361 sem,
502 1322 699 1354 Martialem
725 1323 920 1354 Masurium
952 1325 984 1353 et
1010 1322 1201 1353 nonnullos
1232 1322 1321 1354 alios
1347 1322 1509 1354 doctores
1533 1322 1737 1363 theologos,
1769 1323 1831 1364 qui
1854 1324 2017 1365 puriores

396 1381 496 1409 erant
522 1381 556 1409 et
582 1378 723 1409 saniore
747 1378 879 1410 iudicio
907 1379 973 1410 tibi
999 1378 1161 1410 faventes
1179 1382 1213 1410 et
1238 1389 1300 1419 pro
1321 1383 1356 1410 te
1383 1382 1558 1410 certantes
1578 1377 1743 1417 viriliter-3
1769 1379 1874 1411 turba
1898 1383 2015 1411 tamen

395 1431 620 1465 multitudine
645 1434 741 1465 vicit.
788 1434 913 1475 Itaque
937 1435 1165 1475 expedierunt
1183 1433 1455 1466 Coloniensibus
1480 1444 1559 1475 quae
1584 1435 1771 1476 petierant.
1819 1434 1939 1466 Unum
1963 1440 2015 1467 ta-

395 1499 473 1520 men
498 1490 629 1521 amicos
655 1494 735 1521 tuos
760 1489 913 1529 solatur,
945 1490 1037 1531 quod
1069 1499 1248 1531 speramus
1278 1489 1369 1520 hanc
1401 1489 1648 1530 theologorum
1673 1491 2015 1531 determinationem,

396 1556 473 1577 cum
499 1545 613 1577 solum
639 1545 686 1577 sit
713 1545 940 1585 scholastica,
976 1556 1165 1587 perparum
1188 1546 1239 1576 rei
1264 1550 1336 1577 tuae
1362 1548 1424 1576 aut
1448 1545 1539 1576 nihil
1564 1545 1782 1585 obfuturam
1814 1545 1908 1587 quod
1931 1546 2014 1578 deus

394 1602 445 1632 ita
476 1601 548 1633 fore
573 1601 659 1633 velit
691 1611 811 1633 omnes
841 1611 1034 1643 precamur.
1083 1602 1307 1643 Quapropter
1338 1605 1373 1633 te
1406 1611 1571 1642 rogamus
1600 1601 1694 1632 bono
1727 1611 1803 1633 esse
1835 1602 1952 1633 animo
1979 1606 2014 1635 et

394 1662 434 1688 ut
458 1657 600 1689 fortiter
623 1657 710 1689 velis
741 1668 884 1689 causam
913 1661 1009 1688 tuam
1034 1668 1152 1688 coram
1176 1658 1331 1699 propriis
1355 1657 1531 1688 iudicibus
1555 1657 1615 1698 agi
1637 1667 1770 1689 curare.
1818 1657 1856 1689 Si
1878 1658 2013 1699 vinces,

395 1723 458 1745 nos
489 1716 606 1744 tecum
634 1714 786 1745 vicimus
805 1738 811 1744 .
830 1714 962 1745 iustum
992 1714 1144 1745 incuties
1176 1713 1355 1754 theologis
1385 1713 1564 1753 ruborem,
1596 1714 1658 1755 qui
1686 1713 1821 1745 fuerint
1851 1713 1896 1745 ad
1925 1714 2014 1746 iudi—

394 1769 544 1800 candum
574 1774 646 1800 tam
676 1770 896 1810 praecipites,
929 1769 1106 1810 faciesque
1137 1772 1175 1800 ut
1201 1769 1418 1810 resipiscant
1450 1772 1485 1800 et
1512 1770 1584 1801 sint
1613 1770 1651 1800 in
1681 1769 1801 1802 futuro
1826 1770 2014 1802 cautiores.

393 1825 510 1856 Unum
540 1828 657 1855 tamen
681 1824 776 1864 vide,
807 1835 850 1856 ne
874 1835 916 1856 ex
949 1825 1095 1867 scriptis
1120 1828 1156 1857 et
1186 1825 1485 1866 interpretatione
1515 1825 1576 1856 illa
1602 1824 1871 1858 Coloniensium
1899 1825 2014 1859 ferant

393 1880 539 1911 Rhomae
565 1881 776 1912 sententiam
793 1904 801 1912 .
820 1891 901 1912 nam
927 1881 956 1912 si
989 1881 1172 1922 speculum
1198 1880 1339 1911 oculare
1367 1879 1518 1911 fideliter
1549 1881 1838 1922 interpretatum,
1869 1882 2014 1914 robora-

393 1939 468 1967 tum
500 1939 535 1967 et
566 1936 793 1967 authoratum
825 1935 1040 1968 sufficienter
1075 1936 1253 1975 misisses,
1292 1940 1332 1967 ut
1362 1936 1509 1977 vulgare
1544 1937 1689 1976 misisti,
1726 1937 1819 1970 forte
1855 1937 2013 1979 theologi

393 1993 510 2023 nostri
540 1995 736 2023 mutassent
767 1993 988 2024 sententiam.
1036 1992 1169 2024 Verum
1195 1996 1229 2023 et
1255 1991 1414 2033 theologi
1443 1993 1557 2023 nostri
1587 1993 1735 2024 maxime
1761 1994 1822 2035 qui
1845 1993 2013 2026 volebant

393 2046 681 2087 Coloniensibrw,
707 2058 748 2078 ex
773 2048 818 2079 iis
843 2059 922 2089 quae
947 2048 1181 2080 exhibuerant
1212 2048 1329 2079 favere
1355 2057 1571 2089 summopere
1602 2049 1773 2080 timebant
1797 2050 1903 2081 breve
1925 2060 2011 2091 pon-

395 2102 552 2144 tificium,
578 2103 658 2135 idco
685 2104 975 2135 acceleraverunt
1001 2114 1100 2135 suam
1125 2104 1350 2144 sententiam,
1376 2103 1417 2134 de
1435 2114 1503 2145 qua
1528 2114 1599 2135 non
1624 2105 1742 2145 potuit
1766 2105 1810 2136 ad
1834 2106 2012 2137 universi-

391 2162 498 2190 tatem
523 2159 722 2200 provoearI,
748 2159 833 2200 quia
851 2159 969 2191 nullus
994 2160 1119 2191 habuit
1135 2160 1436 2201 procuratorium3
1462 2169 1517 2191 res
1544 2164 1660 2191 tamen
1683 2163 1824 2193 tentata
1847 2161 1927 2200 fuit,
1954 2161 2013 2193 sed

391 2213 572 2245 frustrata.
619 2215 815 2247 Matthaeus
839 2216 1069 2256 praesentium
1100 2216 1312 2247 tabellarius
1337 2219 1425 2247 tunc
1455 2216 1593 2255 aberat,
1624 2219 1658 2247 et
1683 2216 1801 2248 nullus
1832 2216 1917 2257 fuit,
1949 2227 2012 2258 per

393 2280 496 2311 quem
526 2273 561 2301 te
592 2271 674 2302 ilico
704 2270 854 2302 facerem
884 2272 1087 2310 certiorem;
1124 2282 1236 2313 neque
1266 2271 1332 2303 hac
1362 2272 1404 2303 de
1438 2282 1546 2304 causa
1576 2271 1620 2303 ad
1650 2274 1684 2303 te
1714 2282 1809 2303 nunc
1838 2272 2012 2304 misissem

391 2325 600 2365 Mattheum,
626 2337 703 2358 cum
728 2337 800 2357 non
824 2328 1030 2369 tempestive
1052 2327 1225 2367 rediisset,
1250 2328 1320 2358 nisi
1346 2327 1389 2359 ob
1413 2327 1503 2359 alias
1528 2338 1654 2359 causas
1678 2330 1833 2369 repetere
1857 2329 2010 2369 patriam

394 2382 593 2413 statuisset.
641 2382 696 2413 De
721 2383 944 2414 munusculis
969 2383 1040 2414 tuis
1067 2387 1365 2424 quantascunque
1391 2393 1535 2424 possum
1559 2383 1696 2425 gratias
1720 2383 1846 2415 habeo.
1895 2382 1933 2414 Si
1957 2385 2010 2415 in-

391 2437 554 2478 telligam
579 2447 634 2468 res
660 2440 740 2468 tuas
765 2438 856 2469 bene
880 2439 951 2480 agi,
975 2442 1069 2470 recte
1092 2438 1216 2470 valebo
1243 2442 1277 2470 et
1301 2439 1404 2470 amici
1429 2439 1481 2470 tui
1507 2449 1641 2473 omnes.
1689 2439 1780 2470 Vale
1803 2438 1952 2471 feliciter
1976 2443 2009 2470 et

391 2493 451 2524 diu
474 2493 554 2525 vive
581 2493 742 2525 omnibus
766 2494 880 2525 doctis
908 2498 942 2525 et
966 2495 1081 2526 bonis.
1129 2495 1290 2526 Parisiis.
1317 2495 1422 2526 tertio
1449 2494 1522 2526 Cal.
1542 2494 1768 2536 Septembris.

1053 2551 1166 2590 Quam
1190 2551 1339 2582 maxime
1363 2554 1479 2591 potest
1505 2554 1538 2581 et
1562 2561 1700 2592 semper
1725 2553 1808 2582 tuus

1280 2606 1432 2638 Iacobus
1457 2606 1580 2638 Faber.

390 2658 477 2693 Haec
503 2659 659 2703 epistola
685 2660 721 2693 et
744 2659 825 2703 ipsa
848 2658 958 2694 Fabri
981 2670 1094 2693 manu
1122 2660 1260 2704 scripta
1284 2661 1321 2694 et
1344 2659 1541 2694 Reuchh'ni
1565 2670 1677 2693 manu
1700 2659 1924 2704 transcripta
1948 2671 2007 2694 ex-

390 2715 446 2747 tat
468 2714 506 2747 in
525 2714 614 2748 bibl.
632 2715 735 2759 regia
751 2714 882 2757 Berol.,
910 2715 1027 2750 edidit
1046 2715 1088 2749 G.
1107 2715 1357 2750 Friedlc‘imler
1373 2715 1545 2760 Beitrc'iye
1568 2725 1634 2750 zm·
1649 2715 1731 2757 Res.
1748 2716 1858 2760 yesch.
1876 2715 2009 2750 Berlin

393 2772 487 2804 1837.
505 2774 551 2804 8⁰.
568 2782 603 2814 p.
622 2774 674 2805 34.
692 2782 743 2814 sq.

303 2828 342 2857 12
368 2835 441 2859 ozon
465 2826 573 2859 aliter
597 2838 701 2869 quam
730 2828 803 2872 etex]
835 2827 914 2861 Hoc
939 2827 1089 2871 quidem
1114 2828 1236 2871 ipsum
1259 2827 1298 2861 in
1322 2827 1431 2862 Fabri
1457 2827 1614 2871 epistola
1638 2838 1712 2861 non
1736 2827 1916 2872 scriptum
1940 2828 2005 2862 est.

391 2881 455 2914 sed
479 2881 523 2915 cf.
541 2892 650 2925 supra
674 2894 710 2926 p.
728 2886 802 2917 232.
822 2894 873 2926 sq.
892 2883 994 2917 artic.
1013 2883 1128 2927 quint.
1926 2879 1930 2882 Δ
