2119 3522
280 180 370 225 726
788 192 1052 215 commuumvs
1075 191 1121 214 AD
1147 193 1219 214 EPP.
1237 193 1269 214 0.
1287 193 1319 214 v.
1345 192 1423 214 voL.
1441 193 1478 215 11.

277 256 363 296 Pag.
386 253 476 288 260.

366 307 494 347 daeus’,
526 305 606 346 sed,
634 306 676 338 ut
704 304 818 338 habet
848 304 925 338 eius
951 302 1183 347 epitaphium
1209 315 1269 347 ap.
1285 303 1435 338 Hartzh.
1455 303 1550 338 Bibl.
1569 303 1693 339 Colon.
1715 309 1810 340 1747.
1830 306 1890 340 fol.
1909 310 1985 348 313,

365 361 547 403 „devotus
572 359 706 394 Christi
730 359 900 394 sacerdos
921 387 950 394 ..
971 359 1060 394 olim
1084 359 1239 402 Iudaeus,
1267 360 1331 404 qui
1353 372 1425 393 xcn
1450 370 1564 394 annos
1587 361 1713 402 natus,
1740 361 1988 406 quadraginta

365 417 490 450 autem
516 415 607 449 duos
632 425 728 458 aqua
753 416 790 449 et
814 415 945 459 spiritu
970 416 1120 450 renatus
1143 415 1181 448 in
1205 426 1342 460 magna
1370 415 1459 450 fidei
1483 416 1691 450 constantia
1719 416 1788 450 hoc
1813 417 1987 451 saeculum

366 471 518 515 reliquit
543 482 574 505 a.
591 471 724 505 mmm.)
744 471 778 505 d.
796 475 827 505 2.
844 470 950 505 Febr.
971 498 1001 505 ..
1023 473 1124 504 ‘cum
1149 471 1323 505 ultimum
1347 471 1518 516 spiritum
1543 471 1735 506 exhalaret
1754 499 1761 505 .
1775 499 1783 506 .
1802 472 1879 506 haec
1903 472 1988 506 ulti-

365 538 426 560 ma
455 527 569 561 verba
599 527 721 561 fuere:
752 526 859 560 Nunc
891 526 1048 560 dimittis
1079 537 1227 561 servum
1255 528 1362 561 tuum
1394 527 1567 570 Domine,
1601 527 1803 562 secundum
1833 529 1988 562 verbum

365 584 471 617 tuum
495 583 534 616 in
558 585 694 627 pace“.
742 581 837 616 Tota
860 582 938 616 haec
968 582 1091 616 fratris
1116 582 1309 617 Benedicti
1339 583 1503 617 narratio
1529 583 1573 617 de
1598 583 1700 617 nullo
1726 583 1865 617 decano
1891 583 1938 617 ad
1962 596 1988 617 s.

366 638 551 673 Andream
578 648 683 679 vera,
716 637 781 672 sed
813 648 857 672 ex
888 638 982 672 falsa
1012 649 1190 672 aerearum
1221 638 1443 682 imaginum,
1476 638 1521 672 de
1547 639 1680 682 quibus
1709 639 1835 673 statim
1866 639 1988 673 dicen-

366 695 453 728 dum
480 695 545 736 est,
572 693 880 737 interpretatione
912 694 1011 738 apud
1037 693 1272 729 Colonienses
1303 695 1412 728 enata
1445 694 1574 728 fabula
1597 695 1662 728 est.
1710 694 1877 728 Decanos
1901 694 1989 729 0001.

365 762 390 784 s.
408 749 566 783 Andreae
597 750 765 783 recenset
789 749 880 794 Aeg.
900 749 1075 784 Gelenius
1106 750 1143 783 in
1174 750 1243 784 hoc
1273 760 1355 783 raro
1382 750 1563 793 (maxime
1595 761 1614 785 e
1641 749 1796 785 Caesario
1828 750 1992 784 Heister-

365 805 513 839 bacensi
545 806 748 849 exscripto)
780 805 926 839 libello:
956 805 1084 840 Canon
1112 805 1378 840 Canonicorum
1403 807 1407 849 Ι
1430 819 1463 840 v.
1481 818 1652 840 Exrnmvs
1676 818 1854 848 Emmxox,
1877 807 1881 850 Ι
1903 805 1991 839 lnsi-

365 861 446 905 gnis
473 860 627 905 Collegij
656 859 689 894 S.
708 861 869 895 ANDREAE
897 863 900 904 Ι
930 860 1089 896 Coloniae
1115 863 1119 905 Ι
1143 873 1301 895 nx-:cnvs
1327 862 1356 895 δὲ
1381 873 1582 904 cmomcvs,
1611 863 1615 905 Ι
1644 861 1748 906 Obijt
1771 872 1866 896 anno
1895 866 1990 897 1193.

367 921 418 951 27.
436 916 573 961 Martij.
595 917 599 960 Ι
631 916 812 960 Opinione
836 916 1055 952 »S'oenctz'tatis
1079 918 1110 951 (ὕ
1134 918 1315 952 Mirassul:
1342 920 1347 961 Ι
1369 919 1413 952 ab
1438 919 1537 952 obitu
1561 918 1692 953 clarus.
1718 919 1722 961 Ι
1749 917 1815 952 Cui
1839 917 1993 952 accessit

365 972 490 1006 breuis
536 971 719 1006 Elenchus
759 983 820 1007 ve-
857 974 862 1017 Ι
890 973 1113 1007 nerabilium
1152 973 1435 1017 Praepositorum
1476 985 1517 1008 ac
1547 975 1551 1016 Ι
1586 973 1820 1008 Decanorum
1867 973 1991 1007 Eccle-

366 1028 423 1062 siae
445 1029 449 1071 Ι
478 1027 512 1062 S.
530 1028 701 1062 ANDREAE.
726 1029 731 1071 Ι
757 1030 810 1064 ὅ
828 1030 879 1074 (ο)
898 1038 951 1072 fs
974 1030 979 1073 Ι
1006 1041 1155 1064 COLONJAE
1182 1029 1426 1072 lExcudebat
1451 1028 1654 1063 G1srfflssrvs
1682 1028 1843 1063 Cnmmxs
1864 1029 1868 1072 Ι
1889 1028 1990 1063 Asso

366 1096 589 1117 M.DC.XXXV1.
612 1085 616 1126 Ι
639 1085 701 1127 (20
718 1084 794 1119 foll.
811 1088 847 1119 8Ο
864 1085 951 1120 min.
969 1086 1062 1130 sign.
1080 1098 1102 1119 A
1122 1098 1142 1118 B
1162 1086 1219 1128 c);
1252 1085 1316 1119 sed
1341 1085 1386 1119 de
1418 1084 1518 1118 nullo
1551 1084 1749 1128 quicquam
1779 1085 1888 1118 huius
1911 1095 1992 1118 nar-

366 1139 517 1173 rationis
548 1139 666 1173 simile
702 1140 859 1183 indicat3
898 1141 1012 1176 refert
1049 1142 1175 1175 autem
1212 1140 1312 1174 idem
1345 1139 1521 1174 Gelenius
1553 1140 1620 1183 (de
1651 1140 1782 1174 admir.
1805 1151 1831 1174 s.
1856 1141 1895 1174 et
1924 1140 1992 1174 civ.

366 1206 488 1239 magn·
514 1194 673 1229 Coloniae
708 1194 834 1232 Claud.
859 1197 1014 1241 Agripp.
1042 1201 1138 1231 1645.
1162 1201 1208 1230 4⁰.
1233 1209 1268 1241 p.
1292 1200 1369 1230 422.
1386 1197 1462 1240 sq.)
1494 1197 1588 1230 haec:
1628 1196 1755 1238 „Ante
1791 1195 1992 1230 Ecclesiam

369 1251 498 1294 [sancti
514 1250 621 1284 Pauli
645 1251 909 1297 parochialem]
935 1263 1046 1296 supra
1070 1254 1217 1297 portam
1242 1251 1489 1286 immunitatis
1507 1251 1541 1286 S.
1559 1252 1728 1294 Andreae,
1755 1251 1837 1286 duae
1862 1252 1992 1286 statuae

367 1317 480 1348 aereae,
506 1307 619 1351 inque
644 1308 751 1341 unius
776 1308 947 1342 manibus
972 1309 1092 1342 cattus
1110 1310 1148 1343 et
1171 1320 1263 1351 mus,
1290 1309 1326 1342 in
1345 1308 1497 1342 alterius
1523 1308 1622 1342 canis
1641 1309 1679 1342 et
1701 1308 1816 1352 lepus.
1867 1307 1912 1341 de
1937 1307 1993 1341 his

365 1361 519 1396 seniculi
550 1365 842 1398 commemorant
873 1375 949 1398 esse
980 1366 1263 1399 monumentum
1293 1363 1408 1398 Iudaei
1438 1363 1485 1397 ad
1511 1362 1646 1398 Christi
1676 1363 1789 1397 fidem
1814 1363 1991 1405 conversi,

367 1418 431 1461 qui
455 1418 616 1453 voluerit
640 1419 829 1453 fidendum
857 1430 933 1454 esse
959 1421 1106 1454 tantum
1131 1420 1335 1454 sinceritati
1354 1430 1616 1454 conversorum
1632 1419 1851 1461 Iudaeorum,
1878 1430 1992 1462 quan—

366 1474 446 1507 tum
472 1474 674 1509 concordiae
699 1475 853 1509 istorum
879 1475 1104 1513 animalium.
1153 1475 1363 1510 Bernardus
1387 1474 1563 1509 Mollerus
1586 1475 1649 1509 lib.
1668 1478 1697 1508 4.
1717 1474 1761 1509 dc
1787 1475 1916 1509 Rheno
1942 1475 1992 1509 sic

368 1529 474 1564 Anno
503 1534 599 1567 1520.
618 1531 779 1566 carmine
806 1533 1072 1566 commemorat
1096 1532 1278 1566 maiorum
1303 1531 1560 1565 traditionem:

692 1589 832 1631 Aspicit
856 1590 1006 1622 Andreae
1031 1590 1213 1622 delubrum
1237 1589 1391 1622 culmina
1417 1588 1537 1621 Pauli:

749 1646 829 1678 Hoc
854 1647 966 1688 igitur
990 1658 1136 1688 possum
1160 1647 1248 1678 mira
1272 1646 1403 1677 referre
1429 1645 1520 1677 1000.

692 1702 831 1734 Doctus
855 1703 1063 1745 Agrippinae
1090 1703 1209 1735 fuerat
1234 1702 1394 1741 Iudaeus;
1419 1701 1554 1733 avitam

749 1758 922 1800 Deposita
946 1759 1052 1800 liquit
1078 1759 1281 1800 suspicione
1306 1757 1422 1798 fidem,

694 1813 817 1845 Patria.
842 1818 1020 1856 praetextu
1045 1815 1189 1856 pietatis
1214 1814 1382 1855 dogmata
1406 1814 1559 1855 sprevit:

748 1871 942 1911 Propterea
967 1870 1102 1903 Christi
1127 1870 1230 1902 dulce
1258 1870 1390 1902 subivit
1416 1880 1518 1902 onus.

693 1925 850 1957 Crimina
874 1926 1022 1959 Naturae
1046 1926 1222 1968 Baptismi
1248 1926 1353 1958 diluit
1378 1925 1473 1957 unda

750 1982 898 2014 Fit-‚titia
922 1982 1120 2025 Lympham
1145 1982 1334 2024 relligione
1362 1982 1455 2016 tulit.

694 2037 872 2070 Plurimus
898 2039 1038 2071 astabat
1063 2042 1142 2071 tota
1167 2042 1356 2081 susceptor
1380 2039 1424 2070 ab
1448 2038 1553 2077 Vrbe,

638 2102 669 2126 10
750 2094 928 2127 Plurimus
953 2098 988 2126 et
1012 2094 1096 2127 fidei
1122 2096 1225 2127 testis
1249 2095 1287 2126 in
1312 2095 1405 2127 Vrbe
1429 2095 1509 2127 fuit.

693 2151 813 2183 Mente
839 2151 977 2193 quidem
1000 2151 1144 2184 Iudaeus
1169 2154 1258 2191 erat,
1281 2151 1443 2183 desertor
1467 2151 1575 2182 avitae

748 2206 873 2248 Legis,
898 2211 933 2239 et
959 2208 1088 2239 aeterni
1111 2207 1298 2249 transfuga
1323 2207 1436 2240 Mosis
1460 2210 1546 2239 erat.

685 2263 727 2295 In
752 2263 898 2294 Domini
922 2263 1033 2305 legem
1057 2263 1147 2295 falso
1172 2264 1311 2296 iurarat
1336 2264 1416 2295 Iesu

752 2319 928 2351 Nomine:
947 2330 1017 2350 vox
1041 2318 1121 2350 fidei
1145 2319 1274 2352 dissita
1299 2316 1405 2351 corde
1430 2319 1508 2350 fuit..

684 2374 937 2416 Transfugium
963 2385 1060 2407 saevo
1085 2375 1197 2416 precii
1221 2378 1398 2407 mercatus
1423 2385 1562 2407 amore:

752 2430 955 2462 Crediderat
981 2431 1090 2462 stulte
1117 2435 1246 2463 cuncta
1270 2431 1382 2463 latere
1409 2431 1533 2462 Deum.

696 2486 736 2518 Id
761 2486 902 2519 sceleris
928 2487 1040 2518 cernit
1064 2497 1165 2519 nemo
1185 2499 1192 2518 :
1210 2487 1376 2520 laudatur
1398 2486 1534 2528 Apellae

752 2543 945 2584 Integritas
965 2554 1094 2575 :nemo
1118 2542 1210 2575 falsa
1235 2543 1377 2575 subesse
1402 2546 1517 2585 putat.

696 2599 848 2631 Fallitur
873 2599 1022 2631 occultis
1047 2598 1213 2639 ecclesia,
1237 2599 1375 2631 fallitur
1401 2599 1518 2631 orbis:

640 2663 672 2687 20
753 2656 908 2687 Numina
932 2655 1102 2687 coelorum
1125 2655 1244 2687 ludere
1269 2665 1368 2687 nemo
1394 2659 1525 2697 potest.

696 2711 897 2753 Transfuga
923 2712 1067 2744 secretis
1091 2712 1241 2754 imponit
1266 2712 1396 2744 ritibus
1421 2711 1510 2750 urbi,

752 2769 890 2809 Verpus
914 2771 948 2799 et
973 2771 1120 2800 externo
1146 2767 1316 2809 praedieat
1341 2777 1401 2799 010
1424 2767 1548 2799 Deum.

698 2825 881 2866 Temporis
904 2825 1044 2856 interea
1071 2825 1152 2856 dum
1176 2824 1311 2855 viveret
1336 2823 1457 2856 accola
1482 2824 1620 2866 templi,

753 2880 905 2921 (Accola
930 2879 1110 2921 Paulinae,
1137 2880 1316 2922 suspicor,
1344 2880 1432 2912 aedis
1456 2880 1553 2921 erat)

698 2936 793 2968 Ecce
818 2940 935 2968 catum
959 2936 1058 2978 pavit
1082 2946 1209 2977 cavea,
1235 2936 1406 2979 pavitque
1428 2936 1647 2969 Molossum:

754 2992 920 3025 Dividuis
944 2992 1075 3024 animal
1100 2991 1229 3025 clausit
1254 2996 1444 3036 utrumque
1468 2992 1580 3025 locis:
