2119 3522
579 196 630 218 ΕΡ.
650 194 690 218 12.
720 195 957 219 HILTBRANDVS
981 197 1193 221 MAMMACEVS
1217 198 1375 220 ORTVINO.
1735 180 1829 225 551

117 253 201 293 Pag.
218 252 280 289 20.
1485 256 1571 298 Pag.
1585 257 1638 288 20.
1657 267 1708 288 vv.
1726 263 1830 288 8...12.

206 306 409 340 deductum
433 308 530 350 (cum
553 319 598 342 ex
622 307 872 342 declaratione
905 310 942 342 ct
974 309 1162 344 declarato
1195 310 1243 344 sit
1272 322 1366 344 unus
1397 311 1435 344 et
1466 310 1566 344 idem
1596 310 1690 344 liber
1715 311 1753 344 et
1777 310 1832 343 sui

205 362 319 406 ipsius
344 363 604 407 declarativus)
629 375 651 398 a
674 363 828 407 praefato
851 364 998 399 domino
1016 365 1179 400 Iohanne
1196 366 1379 400 Reuchlin
1404 366 1553 400 doctore
1580 366 1830 411 compilatum,

205 419 247 452 ut
270 419 480 462 praefertur,
511 420 622 463 atque
648 419 808 462 editum,
834 421 879 454 de
897 421 1103 465 suspicione
1122 422 1234 465 atque
1251 422 1527 457 insimulatione
1549 422 1731 457 haereticae
1749 433 1831 466 pra-

206 474 331 508 vitatis
356 474 510 518 aliisque
536 475 750 509 criminibus
774 476 843 510 sibi
868 488 935 521 per
958 477 1111 511 fratrem
1129 477 1304 512 Iacobum
1323 478 1552 513 antedictum
1570 478 1639 512 hac
1661 478 1699 511 in
1723 489 1833 512 causa

206 530 458 564 adversarium
481 541 526 564 ex
549 530 704 565 adverso
728 531 991 576 principalem,
1024 533 1220 577 eidemque
1246 534 1477 569 adhaerentes
1500 534 1684 577 indebite,
1717 535 1831 568 teine-

206 586 300 620 rarie
327 587 364 620 et
387 586 539 628 iniuste,
565 586 681 621 tacita
704 588 862 622 veritate
881 588 990 622 fuisse
1009 590 1047 623 et
1064 600 1141 623 esse
1159 590 1328 624 notatum
1347 591 1458 634 atque
1477 589 1720 632 diffamatum,
1747 589 1831 623 sibi-

205 652 276 686 que
301 641 407 676 fratri
429 641 562 677 Iacobo
587 644 625 677 et
655 643 776 677 eidem
802 643 1075 678 adhferentibus
1100 646 1165 679 aut
1189 657 1254 679 sua
1279 646 1466 689 quoslibet
1489 647 1667 680 interesse
1692 645 1830 679 habero

204 697 436 742 putantibus,
464 697 716 733 diffamatione
744 700 782 733 et
797 699 1025 734 incusatione
1043 700 1253 735 huiusmodi
1271 702 1392 736 facere
1417 703 1455 736 et
1470 702 1660 746 publicare
1678 701 1830 735 mininie

202 753 367 795 licuisse,
397 764 518 797 neque
543 754 673 797 licere,
707 756 745 789 et
769 755 908 789 eisdem
933 756 1102 789 omnibus
1126 756 1345 791 adversariis
1374 759 1412 791 et
1436 758 1589 802 singulis
1614 758 1696 791 aliis
1720 768 1832 801 super

203 809 399 854 praemissis
422 811 646 854 perpetuum
670 810 859 844 silentium
882 810 1149 855 imponendum
1180 812 1258 845 fore
1291 814 1329 846 et
1358 813 1592 857 imponimus.
1647 813 1725 847 Nec
1756 823 1831 846 11011

202 865 282 910 pari
306 866 431 899 nostra
448 865 649 900 diffinitiva
671 866 856 900 sententia
879 866 1113 901 decernimus
1137 869 1175 902 et
1199 868 1430 902 declaramus
1460 880 1571 913 supra
1598 869 1830 903 nominatum

201 921 371 955 libellum
394 932 478 955 011111
501 922 578 955 61116
603 921 853 957 declaratione
885 933 1046 965 annexa,
1080 924 1122 957 ut
1151 924 1362 968 praefertur,
1398 925 1539 959 nullam
1568 925 1737 959 haeresim
1768 926 1833 958 aut

203 988 363 1012 errorem
386 977 432 1011 ab
458 977 613 1012 ecclesia
636 978 783 1022 publice
810 978 1024 1013 damnatam
1049 980 1244 1015 manifeste
1270 991 1398 1024 sapere
1425 982 1490 1014 aut
1514 980 1722 1022 continere,
1748 992 1829 1024 per-

204 1034 286 1067 fidis
302 1034 434 1068 Iudaeis
451 1044 525 1068 non
541 1034 625 1078 plus
649 1045 761 1078 quam
786 1034 919 1069 deceat
940 1036 1005 1069 aut
1020 1036 1101 1071 iura
1117 1037 1355 1081 permittant,
1381 1036 1626 1071 favorabilem
1643 1036 1737 1078 fore,
1766 1038 1831 1070 aut

201 1090 364 1124 ecclesiae
389 1090 451 1124 dei
472 1100 535 1124 seu
559 1090 670 1124 sacris
702 1091 867 1125 eiusdem
898 1091 1111 1126 doctoribus
1141 1103 1263 1137 neque
1294 1093 1512 1127 iniuriosum
1542 1104 1664 1137 neque
1693 1094 1831 1127 irreve-

201 1146 398 1181 rentialem
414 1157 508 1187 esse,
536 1147 574 1181 et
590 1147 635 1180 ab
654 1147 824 1181 omnibus
848 1147 969 1191 ipsum
995 1148 1143 1183 oculare
1170 1149 1362 1193 speculum
1387 1161 1470 1183 011111
1496 1150 1574 1183 61116
1599 1161 1743 1184 annexa
1768 1149 1829 1183 do-

201 1202 400 1236 claratione
420 1204 546 1246 (quam
569 1203 607 1236 in
631 1203 785 1247 singulis
810 1204 1044 1239 coniunctam
1069 1216 1153 1239 cum
1181 1205 1309 1239 libello
1336 1206 1374 1239 et
1397 1205 1597 1249 repetitam
1623 1216 1700 1240 esse
1727 1205 1828 1240 volu-

200 1260 294 1302 mus)
317 1258 393 1303 legi
417 1259 454 1292 et
477 1258 660 1302 publicari
684 1270 808 1303 posse,
842 1259 1095 1295 diffamatione
1126 1261 1163 1295 in
1195 1262 1419 1296 contrarium
1450 1262 1495 1295 ab
1522 1261 1743 1296 adversariis
1768 1261 1830 1296 de-

200 1314 311 1349 ducta
327 1325 401 1348 non
419 1314 600 1348 obstante.
650 1314 769 1348 Simili
787 1315 896 1350 modo
922 1316 1003 1360 pari
1028 1318 1154 1352 nostra
1178 1318 1380 1352 diffinitiva
1396 1318 1583 1352 sententia
1599 1317 1829 1352 antedictum

198 1371 350 1405 fratrem
368 1370 544 1404 Iacobum
560 1370 819 1414 inquisitorem
836 1372 873 1405 in
893 1383 1071 1416 expensas
1095 1373 1133 1406 in
1158 1374 1369 1408 huiusmodi
1394 1385 1504 1409 causa
1527 1385 1594 1418 1110
1614 1375 1721 1418 parte
1740 1374 1830 1408 dicti

198 1427 338 1461 domini
362 1426 508 1460 Ioannis
533 1426 716 1461 Reuchlin
740 1427 899 1461 doctoris
930 1429 1007 1461 tam
1038 1439 1161 1463 coram
1192 1430 1298 1464 1101116
1329 1431 1367 1465 et
1400 1430 1533 1464 nostris
1564 1430 1828 1475 subdelegatis,

198 1495 309 1527 quam
327 1482 529 1527 Moguntiae
547 1483 714 1527 legitime
734 1483 866 1526 factas,
895 1485 1219 1519 condemnandum
1242 1486 1320 1521 fore
1345 1487 1383 1520 et
1406 1485 1711 1527 condemnamus,
1740 1497 1828 1530 qua-

197 1551 279 1574 rum
295 1539 525 1574 taxationem
542 1539 648 1573 nobis
664 1539 701 1572 in
719 1541 909 1583 posterum
928 1551 1169 1576 reservamus.
1340 1541 1434 1576 Lata
1452 1543 1489 1576 et
1505 1542 1743 1586 promulgata
1759 1542 1830 1576 fuit

197 1596 273 1631 haec
305 1595 521 1639 praeinserta
552 1595 738 1629 sententia
760 1606 828 1639 per
844 1595 1209 1632 Reuerendissimum
1239 1599 1277 1632 in
1296 1598 1439 1633 Christo
1471 1599 1616 1642 patrem
1645 1598 1828 1632 illustrem

195 1652 402 1697 principem
422 1652 459 1685 et
476 1651 668 1685 dominum
686 1651 876 1686 dominum
902 1652 1103 1698 Georgium
1134 1654 1295 1689 electum
1320 1656 1357 1689 et
1382 1654 1641 1689 confirmatum
1665 1654 1828 1689 6001661111

196 1708 394 1752 SpirensiS,
421 1707 604 1742 Comitem
621 1707 829 1752 palatinum
846 1708 984 1751 Rheni,
1012 1720 1054 1744 ac
1071 1709 1238 1745 Bavariae
1257 1711 1390 1745 ducem
1409 1712 1477 1745 etc.
1495 1710 1658 1745 iudicem
1676 1711 1714 1745 et
1730 1721 1826 1745 00111-

195 1764 403 1799 missarium
421 1775 538 1798 causae
557 1765 596 1798 et
612 1775 803 1798 causarum
830 1775 871 1798 ac
896 1766 1059 1809 partium
1085 1767 1401 1811 praescriptarum,
1427 1778 1502 1801 una
1526 1778 1611 1801 011111
1636 1767 1736 1801 certo
1755 1767 1826 1801 alio

196 1832 260 1855 suo
278 1821 316 1855 in
334 1821 401 1855 hac
418 1822 524 1865 parte
550 1820 695 1865 collega
719 1832 803 1855 cum
829 1821 1009 1865 clausula,
1039 1824 1098 1857 ‘ut
1122 1833 1186 1857 vos
1211 1823 1273 1858 vel
1297 1823 1393 1857 alter
1417 1824 1583 1857 vestrum
1607 1823 1747 1857 vocatis
1765 1834 1826 1857 vo-

195 1877 321 1912 candis
346 1878 428 1912 etc.’
459 1887 481 1910 a
511 1877 638 1911 sancta
662 1876 748 1911 sede
773 1877 977 1921 apostolica
1000 1879 1211 1923 specialiter
1243 1879 1464 1923 deputatum
1495 1880 1575 1923 ipso
1607 1880 1645 1912 in
1674 1880 1825 1914 civitate

195 1933 360 1978 Spirensi
382 1933 420 1967 in
443 1933 584 1978 palatio
608 1944 672 1968 suo
703 1933 811 1967 solito
842 1945 908 1977 pro
939 1934 1020 1969 loco
1052 1935 1252 1970 audientiae
1277 1936 1474 1980 deputato,
1509 1936 1548 1970 et
1570 1935 1608 1969 in
1634 1935 1827 1970 audientia

193 1989 344 2034 publica
365 1990 457 2024 hora
479 1991 563 2034 post
585 1989 781 2024 meridiem
806 1990 925 2034 prima
950 1991 998 2025 ad
1022 1992 1103 2026 iura
1126 1991 1359 2026 reddendum
1384 1993 1422 2026 et
1446 2002 1574 2026 causas
1598 1991 1825 2026 audiendum

194 2056 260 2089 pro
285 2046 463 2080 tribunali
480 2045 668 2088 sedentes,
701 2046 872 2090 primitus
895 2048 1022 2081 tamen
1044 2048 1249 2092 peritorum
1275 2048 1426 2083 consilio
1453 2048 1491 2082 ct
1514 2049 1661 2082 matura
1685 2047 1824 2082 delibe-

193 2102 336 2136 ratione
365 2103 402 2136 111
432 2102 501 2136 hac
533 2112 644 2136 causa
679 2113 743 2136 seu
774 2104 926 2147 negotio
958 2103 1190 2148 praehabitis,
1228 2105 1266 2138 in
1298 2104 1571 2139 contumaciam
1602 2104 1825 2138 venerabilis

192 2158 308 2201 patris
326 2158 450 2192 Iacobi
467 2158 683 2200 Hochstrat,
716 2170 827 2193 sacrae
845 2159 1042 2205 theologiae
1068 2160 1205 2195 ordinis
1230 2161 1515 2206 praedicatorum
1543 2160 1759 2205 professoris
1785 2161 1823 2194 et

192 2214 229 2247 in
252 2214 360 2248 certis
378 2215 579 2258 provinciis
596 2216 818 2259 germanicae
836 2216 998 2250 nationis
1022 2216 1204 2252 haeretieae
1230 2217 1425 2262 pravitatis
1447 2215 1675 2261 inquisitoris
1700 2226 1744 2249 ox
1762 2215 1823 2250 ad-

192 2281 297 2305 verso
322 2270 537 2315 principalis
562 2282 786 2315 suorumque
812 2272 1080 2307 adhaerentium
1106 2274 1144 2307 et
1159 2274 1336 2308 interesse
1354 2274 1492 2308 habere
1509 2271 1823 2317 praetendentium

190 2327 228 2360 in
253 2326 371 2361 valvis
396 2326 551 2372 insignis
576 2327 740 2362 ecclesiae
761 2327 960 2372 Spirensis,
987 2330 1029 2363 ut
1053 2330 1165 2364 moris
1190 2332 1260 2372 est,
1287 2330 1325 2364 et
1340 2330 1446 2364 iuxta
1463 2327 1768 2363 certificationem
1785 2328 1821 2361 in

190 2383 311 2427 prima
328 2383 503 2417 citatione
522 2394 596 2417 una
612 2394 696 2417 011111
721 2383 942 2420 inhibitione
967 2386 1105 2420 inserta
1131 2386 1281 2420 decreta
1306 2387 1344 2420 et
1366 2386 1405 2419 in
1426 2396 1621 2430 personam
1639 2383 1729 2418 dicti
1747 2396 1821 2417 mu-

191 2439 297 2483 gistri
314 2439 438 2473 Iacobi
462 2439 677 2481 Hochstrat,
711 2441 749 2474 et
780 2441 861 2474 aliis
892 2441 929 2474 in
958 2441 1144 2486 plerisque
1176 2442 1266 2477 locis
1296 2442 1445 2487 publice
1478 2442 1516 2476 et
1546 2441 1714 2485 legitime
1739 2451 1822 2474 exc-

191 2495 277 2528 outa
298 2494 435 2529 factam
458 2495 527 2530 rite
550 2496 748 2530 citatorum
776 2508 850 2531 non
879 2498 1185 2542 comparentium.
1233 2498 1301 2533 Die
1319 2498 1493 2533 Mercurii
1521 2497 1698 2531 vicesima
1724 2507 1822 2530 nona

191 2550 326 2584 mensis
350 2550 479 2585 Marcii
502 2551 609 2586 Anno
635 2551 775 2586 domini
800 2553 995 2587 millesimo
1022 2554 1320 2599 quingentesimo
1346 2554 1477 2598 quarto
1504 2552 1658 2586 decimo.

531 2607 713 2652 Georgius
737 2608 865 2643 Krawt
889 2609 934 2643 de
960 2609 1232 2656 Waldenberg,
1259 2621 1362 2645 sacra
1386 2608 1571 2654 imperiali
1596 2607 1819 2642 auctoritate

938 2665 1114 2700 Notarius
1138 2667 1309 2711 publicus
1335 2667 1415 2700 sst.“

190 2718 245 2753 Dc
264 2719 572 2755 condemnatione
589 2721 628 2754 in
646 2731 825 2765 expensas
838 2721 922 2755 vide
937 2721 1133 2756 Reuchlini
1146 2722 1242 2757 Acta
1257 2722 1423 2756 iudicior.
1438 2721 1757 2766 (Hagenoae.1518.
1772 2724 1819 2755 40.

190 2786 300 2820 pagg.
319 2775 346 2808 F
359 2775 425 2820 iiij.
444 2778 553 2820 sqq),
587 2776 751 2811 breviter
767 2777 817 2811 sic
835 2776 953 2811 Maius
971 2777 1074 2820 (Vita
1091 2778 1140 2812 Io.
1154 2778 1306 2813 Reuchl.
1333 2777 1484 2812 Durlaci
1501 2781 1595 2812 1687.
1610 2779 1655 2812 8⁰.
1670 2789 1704 2821 p.
1719 2779 1817 2821 414):

191 2831 314 2873 „Cum
344 2831 519 2876 deinceps
548 2832 703 2867 Ioannes
733 2831 906 2867 Greiffius
942 2833 1151 2877 institisset,
1193 2835 1398 2879 citatosque
1435 2834 1676 2869 contumaciae
1713 2845 1818 2868 accu-

190 2888 305 2922 sasset
330 2889 367 2922 et
391 2887 438 2922 ad
463 2888 632 2922 ferendas
658 2899 784 2923 omnes
801 2889 1038 2933 singulasque
1057 2901 1235 2934 expensas
1252 2892 1329 2925 tam
1347 2890 1461 2935 Spirae
1486 2901 1597 2934 quam
1615 2889 1817 2935 Moguntiae

190 2954 212 2977 a
227 2942 432 2978 Reuchlino
450 2945 565 2979 factas
582 2944 757 2978 Iacobum
783 2956 824 2979 ac
850 2945 1049 2989 complices
1079 2946 1248 2981 damnari
1272 2947 1443 2991 petisset,
1475 2947 1606 2981 habita
1635 2947 1815 2981 delibera-

189 3000 288 3034 tione
306 3001 531 3046 receptoque
550 3012 571 3035 a
587 3001 825 3046 procuratore
849 3001 1074 3046 iuramento,
1101 3003 1201 3048 quod
1222 3004 1369 3039 tantum
1385 3002 1568 3038 Reuchlin
1592 3004 1814 3049 exposuerit,
