2119 3522
510 191 675 214 ADDENDA
701 194 742 215 ET
768 194 978 217 EMENDANDA
1004 195 1050 217 AD
1075 196 1172 218 HVTT.
1191 197 1263 218 OPP.
1288 196 1365 218 VOL.
1384 197 1420 218 Π.
1717 180 1810 224 807

105 302 348 344 uellendum
378 302 535 357 praebe.
598 302 795 344 Clament
824 305 895 345 isti
904 336 915 356 7
946 306 1260 359 vociferentur,
1299 313 1340 348 et
1370 308 1565 360 rabiant,
1597 314 1644 350 tu
1674 308 1812 350 beluis

103 359 292 400 medium
330 358 513 411 digitum
551 359 742 399 ostende.
810 360 950 414 Magis
988 375 1037 403 ac
1074 363 1212 416 magis
1252 363 1377 404 video
1415 363 1563 405 fauere
1604 364 1812 419 optimum

103 429 314 471 quemque
358 414 452 456 tibi.
521 413 619 456 Non
663 415 829 456 carebis
862 416 1183 469 defensoribus,
1225 433 1363 474 neque
1407 419 1587 461 deerunt
1623 435 1682 461 vn
1714 435 1813 462 uam

101 471 294 512 vindices
326 470 420 511 tibi.
473 469 579 521 Quae
611 470 764 511 scribis
797 479 959 513 secreto
983 479 1078 514 aeta
1107 479 1272 527 tecum,
1303 490 1390 517 non
1421 482 1486 517 est
1505 483 1555 518 vt
1585 477 1704 517 consi
1723 477 1814 518 ium

102 526 251 568 demus
289 539 381 567 nos.
439 525 589 580 Neque
628 526 740 566 enim
778 525 1048 581 dubitamus,
1088 531 1187 584 quin
1228 531 1436 585 optimum
1474 531 1588 586 quod
1620 532 1701 572 erit
1731 532 1812 573 ele-

101 589 247 624 cturus
278 583 336 622 sis
368 588 410 623 et
445 582 489 621 in
521 595 569 622 eo
608 581 865 636 perstiturus
904 583 1153 626 fortissime.
1211 585 1339 627 Multi
1370 587 1570 628 adierunt
1604 602 1671 628 me
1682 619 1694 640 7
1732 603 1810 643 pro

101 653 177 680 suo
207 638 254 678 in
283 645 325 679 te
357 637 499 678 studio
531 636 713 678 sollicite
743 645 965 680 monentes
997 639 1100 680 haec.
1160 641 1337 682 Vtinam
1367 657 1451 683 non
1482 642 1665 684 deficiat.
1716 644 1808 685 Vti—

96 709 197 735 nam
227 699 475 735 constanter
504 693 781 748 respondeat.
839 694 1017 735 Vtinam
1047 695 1162 737 nullo
1202 703 1362 739 terrore
1403 699 1517 740 sinat
1555 698 1709 754 deponi
1749 714 1808 740 sc.

97 749 381 792 Pertinaciter
411 748 640 790 adfirmaui
668 748 907 791 Lutherum
937 750 1029 792 fore
1067 758 1120 792 te.
1181 753 1330 808 Neque
1360 769 1428 795 me
1464 753 1621 795 fefellit
1650 755 1808 809 opinio.

98 807 168 847 Sic
198 807 311 847 enim
347 804 542 858 intelligo
572 805 869 859 respondisse,
913 813 962 847 vt
991 806 1098 847 nihil
1128 808 1386 863 desyderare
1417 809 1662 851 debeamus.
1724 810 1810 852 Sed

96 863 141 902 in
170 861 299 902 finem
328 875 463 916 usque
493 874 738 915 perseuera.
798 861 895 902 Hoc
931 861 1044 903 faxit
1076 863 1296 917 Christus‚
1334 872 1381 907 vt
1409 880 1566 920 magno
1606 880 1681 906 suo
1713 880 1809 907 cum

96 917 240 959 dolore
277 917 502 957 inueniant
538 915 738 971 improbi.
799 916 927 971 Cogit
962 933 1031 959 me
1069 920 1303 961 amicorum
1340 921 1571 976 prudentia
1607 928 1806 963 verentes

97 982 164 1019 [sic]
185 972 364 1014 nimium
386 971 547 1027 aliquid
569 986 793 1024 ausurum,
825 973 966 1015 adhuc
988 974 1220 1029 quiescere.
1254 976 1429 1032 Alioqui
1451 976 1507 1018 ad
1526 978 1539 1018 i
1574 991 1642 1018 sos
1663 992 1807 1019 muros

96 1029 378 1070 concitassem
409 1027 597 1083 aliquam
626 1028 798 1069 turbam
828 1028 999 1084 pileatis
1030 1031 1138 1071 istis.
1201 1031 1285 1072 Sed
1324 1039 1420 1087 post
1456 1047 1543 1087 pau
1563 1047 1585 1073 o
1617 1033 1808 1074 emitten-

96 1085 175 1126 dus
208 1099 315 1126 sum.
376 1083 464 1125 Vbi
495 1097 674 1125 euasero
686 1116 696 1136 ,
736 1085 903 1126 videbis
942 1100 1010 1126 me
1040 1101 1119 1128 nec
1150 1086 1299 1128 deesse
1337 1089 1383 1128 in
1419 1088 1498 1130 hoc
1528 1103 1684 1142 genere
1724 1090 1806 1143 spi-

95 1141 197 1182 ritui
227 1154 353 1196 quem
383 1140 593 1181 excitauit
622 1140 666 1180 in
695 1154 762 1181 me
794 1139 927 1182 Deus.
978 1141 1091 1183 Vror
1120 1144 1248 1184 anxie
1277 1143 1453 1185 videndi
1483 1150 1524 1185 te
1556 1144 1806 1199 cupiditate.

94 1197 191 1237 Huc
220 1195 459 1237 inflammat
490 1195 704 1237 Charitas.
764 1196 852 1238 Fac
889 1212 965 1238 nos
997 1198 1202 1239 certiores
1243 1214 1385 1240 rerum
1415 1200 1604 1241 omnium
1635 1207 1806 1242 tuarum

82 1259 135 1307 ‘et
155 1258 293 1294 status
314 1266 363 1293 ac
385 1252 545 1307 optime
566 1251 674 1293 vale.
718 1252 1000 1294 Franciseum
1030 1254 1236 1295 habemus
1269 1255 1490 1297 ardentem
1520 1256 1564 1296 in
1595 1256 1805 1310 partibus.

91 1307 277 1364 Reliqua
313 1307 370 1349 ad
409 1307 692 1363 Spalatinum.
751 1308 915 1349 Iterum
952 1308 1060 1350 vale.
1122 1310 1298 1352 Vtinam
1333 1312 1452 1366 prius
1489 1311 1638 1353 videas
1669 1312 1803 1353 Fran-

91 1365 253 1405 ciscum
290 1378 419 1419 quam
456 1364 602 1405 abeas,
670 1363 765 1404 Hoc
809 1363 879 1404 ille
916 1365 1192 1407 vehementer
1235 1367 1367 1422 cupit.
1434 1366 1635 1421 Intelligo
1680 1367 1801 1409 breui

90 1421 295 1461 missuros
332 1426 374 1460 te
409 1418 519 1460 illos.
587 1419 656 1460 Ita
692 1419 798 1460 mihi
835 1419 1092 1461 Cesarianus
1133 1422 1308 1476 quidam
1348 1423 1512 1464 scribit.
1571 1422 1725 1465 Seruet
1762 1430 1803 1465 te

91 1476 303 1518 Christus.
364 1476 435 1517 Ex
464 1474 751 1529 Ebernburgo
783 1487 849 1515 XII
873 1475 964 1516 Cal.
987 1476 1140 1517 Maias.
1200 1477 1375 1533 Raptim
1406 1479 1597 1520 irreuise.

88 1613 178 1654 Pag.
197 1613 250 1645 65.
269 1623 300 1645 v.
317 1619 360 1644 22.
378 1613 509 1654 corrige
535 1612 649 1644 Ulrici
674 1614 852 1654 cognatus
878 1612 1207 1654 WVireeburgensis.

88 1668 177 1710 Pag.
196 1669 250 1700 66.
271 1671 356 1700 ante
383 1667 701 1700 CCXXXXVIIII.
720 1668 860 1700 insere:

88 1745 266 1768 BASILEAE.
787 1731 1106 1766 CCXXXXVHIss.
1603 1744 1800 1769 s.MA1.1521.

653 1810 946 1841 VALENTINVS
960 1801 966 1821 ¹
1000 1810 1229 1840 CAPITONI.

172 1912 346 1922 ......
377 1882 580 1920 Praeterea
618 1881 667 1919 ab
698 1881 881 1919 Hutteno
920 1882 1132 1932 magnifice
1170 1895 1255 1920 sum
1296 1889 1503 1933 exceptus,
1548 1883 1620 1922 secl
1659 1897 1799 1934 parum

84 1939 165 1977 iam
193 1939 377 1990 intelligo
417 1952 513 1989 erga
543 1951 634 1976 eum
664 1950 804 1988 preces
834 1943 991 1975 nostras
1023 1938 1260 1988 profecisse,
1301 1938 1583 1977 subdifficilem
1620 1952 1663 1977 se
1699 1953 1797 1990 prae-

84 1995 217 2033 stabat
245 1996 289 2032 in
320 1992 599 2045 Quintiliano²
630 1990 857 2032 credendo³
888 2006 1072 2032 asserens
1112 1996 1382 2033 necessarium
1419 1996 1505 2033 fore
1535 2001 1579 2032 ut
1610 1996 1696 2045 ipse
1727 1996 1796 2032 ali-

84 2057 183 2102 quot
221 2051 354 2103 capita
391 2050 612 2097 conferret,
661 2063 707 2088 eo
745 2057 882 2087 tamen
913 2051 1101 2100 pervenit
1136 2051 1318 2097 tandem,
1365 2052 1397 2089 si
1427 2051 1551 2089 vellet
1588 2064 1677 2089 eum
1717 2052 1794 2098 edi,

83 2106 197 2146 brevi
233 2120 295 2145 me
334 2108 419 2146 eius
457 2107 615 2157 copiam
654 2119 741 2144 esse
770 2105 1014 2143 habiturum.
1074 2106 1139 2144 Ita
1171 2107 1353 2153 discessi,
1393 2107 1564 2145 civiliter
1595 2107 1797 2157 denegata

86 2161 263 2214 (opinor)
296 2164 382 2201 eius
412 2162 506 2200 libri
537 2163 665 2213 copia.
725 2162 861 2199 Mittat
892 2175 944 2199 an
975 2175 1057 2199 non
1088 2162 1210 2213 plane
1243 2163 1388 2201 dubius
1418 2163 1550 2201 haereo
1585 2193 1592 2200 .
1650 2193 1657 2200 .
1684 2194 1691 2201 .

173 2239 205 2279 1)
232 2238 472 2282 Valentinus]
502 2239 626 2279 Curio,
652 2238 882 2271 Basileensis
906 2238 1165 2280 typographus.
1258 2240 1292 2280 2)
1319 2237 1563 2281 Quintiliano]
1590 2239 1638 2273 cf.
1656 2238 1726 2272 vol.
1745 2239 1791 2270 II.

171 2306 205 2338 p.
221 2296 298 2330 446.
315 2306 348 2329 v.
367 2296 419 2329 16.
512 2294 546 2335 3)
573 2293 773 2336 credendo]
802 2294 825 2327 i.
847 2305 877 2326 e.
897 2293 1166 2327 commodando.

83 2394 411 2428 CCXXXXV111*.
461 2396 547 2437 „Ex
564 2395 667 2428 MSS.
686 2405 775 2427 meae
800 2394 994 2428 hibliothst‘
1035 2405 1148 2426 ssAmi.

81 2519 172 2560 Pag.
193 2520 246 2551 67.
269 2520 354 2551 ante
373 2517 477 2551 CCL.
495 2519 632 2551 insere:

80 2596 127 2617 Ex
145 2595 414 2618 VANGmchs.
769 2582 1069 2618 CCXXXXVHH
1079 2583 1097 2603 f
1559 2594 1601 2616 τι).
1623 2595 1699 2618 MAI.
1714 2592 1788 2618 1521.

618 2661 823 2692 BVCERVS
846 2660 996 2691 BEATO
1018 2661 1252 2692 RHENANO.

167 2763 338 2771 ......
378 2732 584 2771 Huttenus
622 2733 909 2783 Ebernhurg0‚
958 2732 1067 2782 quod
1105 2746 1176 2769 arx
1216 2732 1286 2769 illa
1324 2731 1471 2770 Caesari
1509 2731 1685 2771 obnoxia
1724 2733 1787 2779 sit,

79 2788 271 2828 discedet.
330 2789 434 2827 Nam
463 2789 586 2828 hodie
616 2789 864 2840 stipendium
896 2787 1044 2825 Caesari
1075 2788 1350 2835 abnuntiavit,
1393 2793 1533 2826 contra
1564 2789 1786 2827 curtisanos

78 2846 247 2883 fortasse
278 2845 560 2896 designaturus
591 2845 746 2896 aliquid
779 2874 786 2882 .
812 2876 818 2883 .
846 2874 852 2880 .
879 2874 885 2880 .

77 2953 424 2988 CCXXXXV1111*.
474 2956 528 2987 Ex
554 2955 656 2988 MSS.
674 2954 762 2987 bibl.
783 2952 954 2987 Sletstad.
971 2954 1142 2984 Baumius
1169 2954 1371 2995 exscripsit.
