<?xml version="1.0" encoding="UTF-8"?>
<!DOCTYPE html PUBLIC "-//W3C//DTD XHTML 1.0 Transitional//EN"
    "http://www.w3.org/TR/xhtml1/DTD/xhtml1-transitional.dtd">
<html xmlns="http://www.w3.org/1999/xhtml" xml:lang="en" lang="en">
 <head>
  <title>
</title>
<meta http-equiv="Content-Type" content="text/html;charset=utf-8" />
  <meta name='ocr-system' content='tesseract 3.04.00' />
  <meta name='ocr-capabilities' content='ocr_page ocr_carea ocr_par ocr_line ocrx_word'/>
</head>
<body>
  <div class='ocr_page' id='page_1' title='image "./operaquaereperir02huttuoft/operaquaereperir02huttuoft_0444.png"; bbox 0 0 2119 3522; ppageno 0'>
   <div class='ocr_carea' id='block_1_1' title="bbox 284 231 1498 275">
    <p class='ocr_par' dir='ltr' id='par_1_1' title="bbox 284 231 1498 275">
     <span class='ocr_line' id='line_1_1' title="bbox 284 231 1498 275; baseline -0.002 -8"><span class='ocrx_word' id='word_1_1' title='bbox 284 231 381 275; x_wconf 72' lang='lat'>430</span> <span class='ocrx_word' id='word_1_2' title='bbox 782 245 888 267; x_wconf 70' lang='lat' dir='ltr'>mnnx</span> <span class='ocrx_word' id='word_1_3' title='bbox 913 243 1166 266; x_wconf 72' lang='lat' dir='ltr'>BIOGRAPmcvs</span> <span class='ocrx_word' id='word_1_4' title='bbox 1190 244 1232 266; x_wconf 77' lang='grc' dir='ltr'>ΕΤ</span> <span class='ocrx_word' id='word_1_5' title='bbox 1256 241 1498 266; x_wconf 66' lang='grc' dir='ltr'>οΝοΜΑεΤΙονε.</span> 
     </span>
    </p>
   </div>
   <div class='ocr_carea' id='block_1_2' title="bbox 283 356 1998 1192">
    <p class='ocr_par' dir='ltr' id='par_1_2' title="bbox 283 356 1998 1192">
     <span class='ocr_line' id='line_1_2' title="bbox 285 356 1994 410; baseline -0.002 -11"><span class='ocrx_word' id='word_1_6' title='bbox 285 363 415 400; x_wconf 86' lang='lat' dir='ltr'>beano</span> <span class='ocrx_word' id='word_1_7' title='bbox 447 360 644 410; x_wconf 83' lang='lat' dir='ltr'>imperite,</span> <span class='ocrx_word' id='word_1_8' title='bbox 677 359 859 395; x_wconf 78' lang='lat' dir='ltr'>Historia</span> <span class='ocrx_word' id='word_1_9' title='bbox 892 357 1110 394; x_wconf 85' lang='lat' dir='ltr'>occisorum</span> <span class='ocrx_word' id='word_1_10' title='bbox 1139 358 1181 393; x_wconf 91' lang='lat' dir='ltr'>in</span> <span class='ocrx_word' id='word_1_11' title='bbox 1215 356 1348 404; x_wconf 84' lang='lat' dir='ltr'>Culm,</span> <span class='ocrx_word' id='word_1_12' title='bbox 1382 356 1506 394; x_wconf 88' lang='lat' dir='ltr'>Liber</span> <span class='ocrx_word' id='word_1_13' title='bbox 1538 356 1587 394; x_wconf 86' lang='lat' dir='ltr'>de</span> <span class='ocrx_word' id='word_1_14' title='bbox 1618 357 1873 408; x_wconf 85' lang='lat' dir='ltr'>philosophia</span> <span class='ocrx_word' id='word_1_15' title='bbox 1903 357 1994 396; x_wconf 83' lang='lat' dir='ltr'>Pla-</span> 
     </span>
     <span class='ocr_line' id='line_1_3' title="bbox 284 412 1997 462; baseline -0.002 -8"><span class='ocrx_word' id='word_1_16' title='bbox 284 418 407 462; x_wconf 86' lang='lat' dir='ltr'>tonis,</span> <span class='ocrx_word' id='word_1_17' title='bbox 451 415 702 453; x_wconf 81' lang='lat' dir='ltr'>Declamatio</span> <span class='ocrx_word' id='word_1_18' title='bbox 736 414 785 450; x_wconf 88' lang='lat' dir='ltr'>de</span> <span class='ocrx_word' id='word_1_19' title='bbox 817 413 1081 462; x_wconf 79' lang='lat' dir='ltr'>conceptione</span> <span class='ocrx_word' id='word_1_20' title='bbox 1113 413 1361 450; x_wconf 78' lang='lat' dir='ltr'>intemeratae</span> <span class='ocrx_word' id='word_1_21' title='bbox 1392 413 1561 462; x_wconf 80' lang='lat' dir='ltr'>virginis</span> <span class='ocrx_word' id='word_1_22' title='bbox 1599 412 1755 460; x_wconf 83' lang='lat' dir='ltr'>Mariae,</span> <span class='ocrx_word' id='word_1_23' title='bbox 1797 414 1997 451; x_wconf 76' lang='lat' dir='ltr'>Iudicium</span> 
     </span>
     <span class='ocr_line' id='line_1_4' title="bbox 283 468 1994 519; baseline -0.001 -10"><span class='ocrx_word' id='word_1_24' title='bbox 283 473 392 510; x_wconf 86' lang='lat' dir='ltr'>Iovis</span> <span class='ocrx_word' id='word_1_25' title='bbox 423 472 464 508; x_wconf 91' lang='lat' dir='ltr'>in</span> <span class='ocrx_word' id='word_1_26' title='bbox 496 471 602 507; x_wconf 87' lang='lat' dir='ltr'>valle</span> <span class='ocrx_word' id='word_1_27' title='bbox 635 470 876 507; x_wconf 83' lang='lat' dir='ltr'>amoenitatis</span> <span class='ocrx_word' id='word_1_28' title='bbox 906 468 1105 514; x_wconf 86' lang='lat' dir='ltr'>habitum,</span> <span class='ocrx_word' id='word_1_29' title='bbox 1141 475 1180 505; x_wconf 88' lang='lat' dir='ltr'>et</span> <span class='ocrx_word' id='word_1_30' title='bbox 1209 468 1640 519; x_wconf 84' lang='lat' dir='ltr'>Compendiosissimus</span> <span class='ocrx_word' id='word_1_31' title='bbox 1672 471 1907 507; x_wconf 82' lang='lat' dir='ltr'>tractatulus</span> <span class='ocrx_word' id='word_1_32' title='bbox 1939 477 1994 507; x_wconf 85' lang='lat' dir='ltr'>at-</span> 
     </span>
     <span class='ocr_line' id='line_1_5' title="bbox 283 524 1997 576; baseline -0.002 -11"><span class='ocrx_word' id='word_1_33' title='bbox 283 534 394 565; x_wconf 86' lang='lat' dir='ltr'>tente</span> <span class='ocrx_word' id='word_1_34' title='bbox 426 532 638 576; x_wconf 82' lang='lat' dir='ltr'>excerptus</span> <span class='ocrx_word' id='word_1_35' title='bbox 669 525 807 562; x_wconf 88' lang='lat' dir='ltr'>libello</span> <span class='ocrx_word' id='word_1_36' title='bbox 829 525 1032 562; x_wconf 88' lang='lat' dir='ltr'>Maulfett.</span> <span class='ocrx_word' id='word_1_37' title='bbox 1090 524 1324 562; x_wconf 82' lang='lat' dir='ltr'>Fabricius⁷</span> <span class='ocrx_word' id='word_1_38' title='bbox 1355 531 1551 575; x_wconf 75' lang='lat' dir='ltr'>praeterea</span> <span class='ocrx_word' id='word_1_39' title='bbox 1572 532 1765 563; x_wconf 88' lang='lat' dir='ltr'>memorat</span> <span class='ocrx_word' id='word_1_40' title='bbox 1785 526 1997 563; x_wconf 85' lang='lat' dir='ltr'>Visionem</span> 
     </span>
     <span class='ocr_line' id='line_1_6' title="bbox 284 579 1996 632; baseline -0.001 -12"><span class='ocrx_word' id='word_1_41' title='bbox 284 583 491 620; x_wconf 82' lang='lat' dir='ltr'>cuiusdam</span> <span class='ocrx_word' id='word_1_42' title='bbox 530 582 717 619; x_wconf 77' lang='lat' dir='ltr'>eremitae.</span> <span class='ocrx_word' id='word_1_43' title='bbox 786 580 908 630; x_wconf 72' lang='lat' dir='ltr'>Quod</span> <span class='ocrx_word' id='word_1_44' title='bbox 949 579 1160 618; x_wconf 84' lang='lat' dir='ltr'>Conradus</span> <span class='ocrx_word' id='word_1_45' title='bbox 1200 579 1427 618; x_wconf 57' lang='lat' dir='ltr'>Gesnerusss</span> <span class='ocrx_word' id='word_1_46' title='bbox 1469 580 1637 618; x_wconf 87' lang='lat' dir='ltr'>adnotat</span> <span class='ocrx_word' id='word_1_47' title='bbox 1675 581 1824 627; x_wconf 88' lang='lat' dir='ltr'>„Vivit</span> <span class='ocrx_word' id='word_1_48' title='bbox 1869 595 1996 632; x_wconf 86' lang='lat' dir='ltr'>usque</span> 
     </span>
     <span class='ocr_line' id='line_1_7' title="bbox 284 637 1998 687; baseline -0.001 -11"><span class='ocrx_word' id='word_1_49' title='bbox 284 639 404 676; x_wconf 88' lang='lat' dir='ltr'>hodie</span> <span class='ocrx_word' id='word_1_50' title='bbox 436 640 476 675; x_wconf 92' lang='lat' dir='ltr'>in</span> <span class='ocrx_word' id='word_1_51' title='bbox 510 637 729 675; x_wconf 83' lang='lat' dir='ltr'>Germania</span> <span class='ocrx_word' id='word_1_52' title='bbox 766 637 879 674; x_wconf 87' lang='lat' dir='ltr'>varia</span> <span class='ocrx_word' id='word_1_53' title='bbox 910 638 1209 686; x_wconf 86' lang='lat' dir='ltr'>componens“,</span> <span class='ocrx_word' id='word_1_54' title='bbox 1251 650 1394 674; x_wconf 83' lang='lat' dir='ltr'>vereor</span> <span class='ocrx_word' id='word_1_55' title='bbox 1424 650 1475 674; x_wconf 87' lang='lat' dir='ltr'>ne</span> <span class='ocrx_word' id='word_1_56' title='bbox 1507 650 1578 686; x_wconf 89' lang='lat' dir='ltr'>per</span> <span class='ocrx_word' id='word_1_57' title='bbox 1616 637 1917 687; x_wconf 77' lang='lat' dir='ltr'>neglegentiam</span> <span class='ocrx_word' id='word_1_58' title='bbox 1948 651 1998 674; x_wconf 82' lang='lat' dir='ltr'>ex</span> 
     </span>
     <span class='ocr_line' id='line_1_8' title="bbox 285 692 1996 743; baseline -0.001 -12"><span class='ocrx_word' id='word_1_59' title='bbox 285 693 529 731; x_wconf 61' lang='grc' dir='ltr'>Τι’1111011110Β</span> <span class='ocrx_word' id='word_1_60' title='bbox 559 693 877 743; x_wconf 87' lang='lat' dir='ltr'>transcripserit,</span> <span class='ocrx_word' id='word_1_61' title='bbox 912 692 1020 742; x_wconf 87' lang='lat' dir='ltr'>apud</span> <span class='ocrx_word' id='word_1_62' title='bbox 1052 705 1170 742; x_wconf 86' lang='lat' dir='ltr'>quem</span> <span class='ocrx_word' id='word_1_63' title='bbox 1202 699 1279 730; x_wconf 77' lang='lat' dir='ltr'>est:</span> <span class='ocrx_word' id='word_1_64' title='bbox 1312 693 1453 739; x_wconf 82' lang='lat' dir='ltr'>„Vivit</span> <span class='ocrx_word' id='word_1_65' title='bbox 1485 692 1616 729; x_wconf 85' lang='lat' dir='ltr'>adhuc</span> <span class='ocrx_word' id='word_1_66' title='bbox 1647 693 1688 729; x_wconf 93' lang='lat' dir='ltr'>in</span> <span class='ocrx_word' id='word_1_67' title='bbox 1720 693 1996 731; x_wconf 83' lang='lat' dir='ltr'>marchionatu</span> 
     </span>
     <span class='ocr_line' id='line_1_9' title="bbox 284 748 1995 799; baseline -0.001 -12"><span class='ocrx_word' id='word_1_68' title='bbox 284 751 481 788; x_wconf 82' lang='lat' dir='ltr'>Misnensi</span> <span class='ocrx_word' id='word_1_69' title='bbox 523 755 561 787; x_wconf 86' lang='lat' dir='ltr'>et</span> <span class='ocrx_word' id='word_1_70' title='bbox 598 750 709 786; x_wconf 85' lang='lat' dir='ltr'>varia</span> <span class='ocrx_word' id='word_1_71' title='bbox 746 750 950 799; x_wconf 88' lang='lat' dir='ltr'>componit</span> <span class='ocrx_word' id='word_1_72' title='bbox 983 779 990 785; x_wconf 91' lang='lat'><strong>.</strong></span> <span class='ocrx_word' id='word_1_73' title='bbox 1016 778 1056 786; x_wconf 89' lang='lat'>..</span> <span class='ocrx_word' id='word_1_74' title='bbox 1090 763 1124 786; x_wconf 87' lang='lat' dir='ltr'>a.</span> <span class='ocrx_word' id='word_1_75' title='bbox 1159 749 1309 786; x_wconf 75' lang='lat'>1495.“</span> <span class='ocrx_word' id='word_1_76' title='bbox 1368 749 1561 796; x_wconf 86' lang='lat' dir='ltr'>Exempla</span> <span class='ocrx_word' id='word_1_77' title='bbox 1606 748 1834 786; x_wconf 83' lang='lat' dir='ltr'>libellorum</span> <span class='ocrx_word' id='word_1_78' title='bbox 1878 749 1995 786; x_wconf 87' lang='lat' dir='ltr'>huius</span> 
     </span>
     <span class='ocr_line' id='line_1_10' title="bbox 283 803 1998 857; baseline -0.001 -14"><span class='ocrx_word' id='word_1_79' title='bbox 283 807 486 857; x_wconf 77' lang='lat' dir='ltr'>scriptoris</span> <span class='ocrx_word' id='word_1_80' title='bbox 525 803 722 842; x_wconf 83' lang='lat' dir='ltr'>Panzer¹⁰</span> <span class='ocrx_word' id='word_1_81' title='bbox 759 805 831 842; x_wconf 88' lang='lat' dir='ltr'>sub</span> <span class='ocrx_word' id='word_1_82' title='bbox 877 805 940 841; x_wconf 88' lang='lat' dir='ltr'>his</span> <span class='ocrx_word' id='word_1_83' title='bbox 978 805 1308 855; x_wconf 85' lang='lat' dir='ltr'>inscriptionibus</span> <span class='ocrx_word' id='word_1_84' title='bbox 1355 805 1528 842; x_wconf 91' lang='lat' dir='ltr'>indicat:</span> <span class='ocrx_word' id='word_1_85' title='bbox 1574 805 1771 855; x_wconf 80' lang='lat' dir='ltr'>Dialogus</span> <span class='ocrx_word' id='word_1_86' title='bbox 1819 806 1998 855; x_wconf 91' lang='lat' dir='ltr'>parvulis</span> 
     </span>
     <span class='ocr_line' id='line_1_11' title="bbox 283 860 1997 911; baseline -0.001 -11"><span class='ocrx_word' id='word_1_87' title='bbox 283 862 531 901; x_wconf 82' lang='lat' dir='ltr'>scholaribus</span> <span class='ocrx_word' id='word_1_88' title='bbox 563 862 614 899; x_wconf 87' lang='lat' dir='ltr'>ad</span> <span class='ocrx_word' id='word_1_89' title='bbox 644 862 815 898; x_wconf 87' lang='lat' dir='ltr'>latinum</span> <span class='ocrx_word' id='word_1_90' title='bbox 853 861 1003 898; x_wconf 83' lang='lat' dir='ltr'>idioma</span> <span class='ocrx_word' id='word_1_91' title='bbox 1033 861 1359 911; x_wconf 84' lang='lat' dir='ltr'>perutilissimus,</span> <span class='ocrx_word' id='word_1_92' title='bbox 1403 861 1592 898; x_wconf 81' lang='lat' dir='ltr'>Latinum</span> <span class='ocrx_word' id='word_1_93' title='bbox 1625 860 1774 898; x_wconf 82' lang='lat' dir='ltr'>idioma</span> <span class='ocrx_word' id='word_1_94' title='bbox 1804 870 1997 911; x_wconf 82' lang='lat' dir='ltr'>propar-</span> 
     </span>
     <span class='ocr_line' id='line_1_12' title="bbox 284 916 1997 967; baseline -0.002 -10"><span class='ocrx_word' id='word_1_95' title='bbox 284 919 388 957; x_wconf 84' lang='lat' dir='ltr'>vulis</span> <span class='ocrx_word' id='word_1_96' title='bbox 411 919 575 964; x_wconf 83' lang='lat' dir='ltr'>editum,</span> <span class='ocrx_word' id='word_1_97' title='bbox 608 918 836 967; x_wconf 66' lang='lat' dir='ltr'>Elegantia}</span> <span class='ocrx_word' id='word_1_98' title='bbox 866 917 1091 963; x_wconf 80' lang='lat' dir='ltr'>latinitatis,</span> <span class='ocrx_word' id='word_1_99' title='bbox 1125 917 1359 955; x_wconf 81' lang='lat' dir='ltr'>Thesaurus</span> <span class='ocrx_word' id='word_1_100' title='bbox 1382 917 1634 967; x_wconf 83' lang='lat' dir='ltr'>eloquentiae,</span> <span class='ocrx_word' id='word_1_101' title='bbox 1671 916 1835 955; x_wconf 82' lang='lat' dir='ltr'>Colores</span> <span class='ocrx_word' id='word_1_102' title='bbox 1867 917 1997 955; x_wconf 87' lang='lat' dir='ltr'>rheto-</span> 
     </span>
     <span class='ocr_line' id='line_1_13' title="bbox 283 973 1996 1025; baseline -0.001 -13"><span class='ocrx_word' id='word_1_103' title='bbox 283 977 374 1013; x_wconf 61' lang='lat' dir='ltr'>ricae</span> <span class='ocrx_word' id='word_1_104' title='bbox 398 975 631 1025; x_wconf 72' lang='lat' dir='ltr'>diseiplinae,</span> <span class='ocrx_word' id='word_1_105' title='bbox 666 974 861 1024; x_wconf 72' lang='lat' dir='ltr'>Epistola:</span> <span class='ocrx_word' id='word_1_106' title='bbox 884 973 1038 1018; x_wconf 78' lang='lat' dir='ltr'>breves,</span> <span class='ocrx_word' id='word_1_107' title='bbox 1071 974 1265 1023; x_wconf 83' lang='lat' dir='ltr'>Epistolae</span> <span class='ocrx_word' id='word_1_108' title='bbox 1287 974 1503 1023; x_wconf 78' lang='lat' dir='ltr'>longiores,</span> <span class='ocrx_word' id='word_1_109' title='bbox 1537 973 1733 1022; x_wconf 80' lang='lat' dir='ltr'>Epistolae</span> <span class='ocrx_word' id='word_1_110' title='bbox 1762 973 1996 1020; x_wconf 85' lang='lat' dir='ltr'>mediocres,</span> 
     </span>
     <span class='ocr_line' id='line_1_14' title="bbox 289 1029 1996 1080; baseline -0.002 -11"><span class='ocrx_word' id='word_1_111' title='bbox 289 1032 483 1069; x_wconf 87' lang='lat' dir='ltr'>[udicium</span> <span class='ocrx_word' id='word_1_112' title='bbox 504 1030 613 1068; x_wconf 84' lang='lat' dir='ltr'>Iovis</span> <span class='ocrx_word' id='word_1_113' title='bbox 646 1030 684 1067; x_wconf 87' lang='lat' dir='ltr'>in</span> <span class='ocrx_word' id='word_1_114' title='bbox 708 1030 813 1067; x_wconf 84' lang='lat' dir='ltr'>valle</span> <span class='ocrx_word' id='word_1_115' title='bbox 836 1029 1077 1066; x_wconf 83' lang='lat' dir='ltr'>amoenitatis</span> <span class='ocrx_word' id='word_1_116' title='bbox 1098 1029 1279 1067; x_wconf 88' lang='lat' dir='ltr'>habitum</span> <span class='ocrx_word' id='word_1_117' title='bbox 1302 1043 1322 1066; x_wconf 90' lang='lat' dir='ltr'>e</span> <span class='ocrx_word' id='word_1_118' title='bbox 1345 1043 1467 1080; x_wconf 84' lang='lat' dir='ltr'>germ.</span> <span class='ocrx_word' id='word_1_119' title='bbox 1492 1043 1594 1066; x_wconf 82' lang='lat' dir='ltr'>vers.</span> <span class='ocrx_word' id='word_1_120' title='bbox 1618 1042 1689 1079; x_wconf 85' lang='lat' dir='ltr'>per</span> <span class='ocrx_word' id='word_1_121' title='bbox 1710 1029 1825 1066; x_wconf 85' lang='lat' dir='ltr'>Paul.</span> <span class='ocrx_word' id='word_1_122' title='bbox 1844 1029 1996 1076; x_wconf 81' lang='lat' dir='ltr'>Niavis,</span> 
     </span>
     <span class='ocr_line' id='line_1_15' title="bbox 285 1084 1998 1135; baseline -0.001 -11"><span class='ocrx_word' id='word_1_123' title='bbox 285 1088 465 1126; x_wconf 83' lang='lat' dir='ltr'>Historia</span> <span class='ocrx_word' id='word_1_124' title='bbox 505 1087 722 1124; x_wconf 85' lang='lat' dir='ltr'>occisorum</span> <span class='ocrx_word' id='word_1_125' title='bbox 760 1086 801 1122; x_wconf 92' lang='lat' dir='ltr'>in</span> <span class='ocrx_word' id='word_1_126' title='bbox 843 1084 973 1122; x_wconf 87' lang='lat' dir='ltr'>Culm.</span> <span class='ocrx_word' id='word_1_127' title='bbox 1002 1092 1086 1122; x_wconf 88' lang='lat' dir='ltr'>tum</span> <span class='ocrx_word' id='word_1_128' title='bbox 1125 1085 1203 1122; x_wconf 87' lang='lat' dir='ltr'>alio</span> <span class='ocrx_word' id='word_1_129' title='bbox 1242 1085 1328 1122; x_wconf 79' lang='lat' dir='ltr'>loeo</span> <span class='ocrx_word' id='word_1_130' title='bbox 1368 1085 1566 1134; x_wconf 82' lang='lat' dir='ltr'>Dialogus</span> <span class='ocrx_word' id='word_1_131' title='bbox 1606 1085 1647 1121; x_wconf 91' lang='lat' dir='ltr'>in</span> <span class='ocrx_word' id='word_1_132' title='bbox 1680 1098 1757 1135; x_wconf 87' lang='lat' dir='ltr'>quo</span> <span class='ocrx_word' id='word_1_133' title='bbox 1795 1085 1998 1122; x_wconf 84' lang='lat' dir='ltr'>studiosus</span> 
     </span>
     <span class='ocr_line' id='line_1_16' title="bbox 286 1143 758 1192; baseline -0.002 -12"><span class='ocrx_word' id='word_1_134' title='bbox 286 1157 372 1180; x_wconf 88' lang='lat' dir='ltr'>cum</span> <span class='ocrx_word' id='word_1_135' title='bbox 405 1144 535 1181; x_wconf 78' lang='lat' dir='ltr'>beano</span> <span class='ocrx_word' id='word_1_136' title='bbox 567 1143 758 1192; x_wconf 72' lang='lat' dir='ltr'>loquitur,</span> 
     </span>
    </p>
   </div>
   <div class='ocr_carea' id='block_1_3' title="bbox 374 1216 1996 1372">
    <p class='ocr_par' dir='ltr' id='par_1_3' title="bbox 374 1216 1996 1372">
     <span class='ocr_line' id='line_1_17' title="bbox 376 1216 1996 1259; baseline -0.001 -9"><span class='ocrx_word' id='word_1_137' title='bbox 376 1220 407 1259; x_wconf 75' lang='lat'>7)</span> <span class='ocrx_word' id='word_1_138' title='bbox 434 1219 527 1250; x_wconf 82' lang='lat' dir='ltr'>Bibl.</span> <span class='ocrx_word' id='word_1_139' title='bbox 546 1220 628 1251; x_wconf 74' lang='lat' dir='ltr'>Lat.</span> <span class='ocrx_word' id='word_1_140' title='bbox 646 1218 735 1250; x_wconf 86' lang='lat' dir='ltr'>med.</span> <span class='ocrx_word' id='word_1_141' title='bbox 763 1222 797 1249; x_wconf 82' lang='lat' dir='ltr'>et</span> <span class='ocrx_word' id='word_1_142' title='bbox 821 1218 883 1250; x_wconf 80' lang='lat' dir='ltr'>inf,</span> <span class='ocrx_word' id='word_1_143' title='bbox 904 1221 960 1248; x_wconf 65' lang='lat' dir='ltr'>wt.</span> <span class='ocrx_word' id='word_1_144' title='bbox 983 1218 1023 1248; x_wconf 77' lang='lat' dir='ltr'>V.</span> <span class='ocrx_word' id='word_1_145' title='bbox 1050 1228 1082 1258; x_wconf 87' lang='lat' dir='ltr'>p.</span> <span class='ocrx_word' id='word_1_146' title='bbox 1103 1219 1179 1251; x_wconf 72' lang='lat'>643.</span> <span class='ocrx_word' id='word_1_147' title='bbox 1315 1216 1350 1256; x_wconf 79' lang='lat'>8)</span> <span class='ocrx_word' id='word_1_148' title='bbox 1378 1217 1552 1249; x_wconf 80' lang='lat' dir='ltr'>Biblioth.</span> <span class='ocrx_word' id='word_1_149' title='bbox 1573 1218 1668 1248; x_wconf 83' lang='lat' dir='ltr'>univ.</span> <span class='ocrx_word' id='word_1_150' title='bbox 1697 1220 1792 1250; x_wconf 64' lang='lat'>1:345.</span> <span class='ocrx_word' id='word_1_151' title='bbox 1821 1218 1896 1250; x_wconf 79' lang='lat' dir='ltr'>t&#39;ol⁴&#39;.</span> <span class='ocrx_word' id='word_1_152' title='bbox 1921 1220 1996 1252; x_wconf 67' lang='lat'>539,</span> 
     </span>
     <span class='ocr_line' id='line_1_18' title="bbox 374 1274 1995 1316; baseline -0.001 -10"><span class='ocrx_word' id='word_1_153' title='bbox 374 1275 406 1314; x_wconf 84' lang='lat'>9)</span> <span class='ocrx_word' id='word_1_154' title='bbox 434 1275 598 1316; x_wconf 79' lang='lat' dir='ltr'>Catalog.</span> <span class='ocrx_word' id='word_1_155' title='bbox 620 1274 749 1305; x_wconf 75' lang='lat' dir='ltr'>illustr.</span> <span class='ocrx_word' id='word_1_156' title='bbox 770 1274 874 1307; x_wconf 70' lang='lat' dir='ltr'>viror.</span> <span class='ocrx_word' id='word_1_157' title='bbox 902 1285 932 1314; x_wconf 85' lang='lat' dir='ltr'>p.</span> <span class='ocrx_word' id='word_1_158' title='bbox 956 1275 1028 1304; x_wconf 76' lang='lat'>179.</span> <span class='ocrx_word' id='word_1_159' title='bbox 1153 1276 1206 1313; x_wconf 73' lang='lat' dir='ltr'>lo)</span> <span class='ocrx_word' id='word_1_160' title='bbox 1232 1274 1324 1306; x_wconf 77' lang='lat' dir='ltr'>Anu.</span> <span class='ocrx_word' id='word_1_161' title='bbox 1343 1277 1415 1315; x_wconf 71' lang='lat' dir='ltr'>typ.</span> <span class='ocrx_word' id='word_1_162' title='bbox 1442 1275 1484 1306; x_wconf 83' lang='lat' dir='ltr'>V,</span> <span class='ocrx_word' id='word_1_163' title='bbox 1511 1285 1542 1314; x_wconf 75' lang='lat' dir='ltr'>p,</span> <span class='ocrx_word' id='word_1_164' title='bbox 1565 1276 1641 1308; x_wconf 66' lang='lat'>327,</span> <span class='ocrx_word' id='word_1_165' title='bbox 1661 1285 1712 1314; x_wconf 80' lang='lat' dir='ltr'>sq.</span> <span class='ocrx_word' id='word_1_166' title='bbox 1833 1274 1886 1313; x_wconf 85' lang='lat'>11)</span> <span class='ocrx_word' id='word_1_167' title='bbox 1912 1274 1995 1306; x_wconf 76' lang='lat' dir='ltr'>ibid.</span> 
     </span>
     <span class='ocr_line' id='line_1_19' title="bbox 374 1331 563 1372; baseline -0.005 -10"><span class='ocrx_word' id='word_1_168' title='bbox 374 1332 416 1365; x_wconf 83' lang='lat' dir='ltr'>X.</span> <span class='ocrx_word' id='word_1_169' title='bbox 436 1342 468 1372; x_wconf 87' lang='lat' dir='ltr'>p.</span> <span class='ocrx_word' id='word_1_170' title='bbox 489 1331 563 1362; x_wconf 74' lang='lat'>538.</span> 
     </span>
    </p>
   </div>
   <div class='ocr_carea' id='block_1_4' title="bbox 285 1421 874 1460">
    <p class='ocr_par' dir='ltr' id='par_1_4' title="bbox 285 1421 874 1460">
     <span class='ocr_line' id='line_1_20' title="bbox 285 1421 874 1460; baseline -0.003 0"><span class='ocrx_word' id='word_1_171' title='bbox 285 1430 514 1460; x_wconf 65' lang='lat' dir='ltr'>NIGELLvs</span> <span class='ocrx_word' id='word_1_172' title='bbox 547 1425 618 1459; x_wconf 71' lang='lat' dir='ltr'>vid.</span> <span class='ocrx_word' id='word_1_173' title='bbox 643 1421 874 1458; x_wconf 61' lang='lat' dir='ltr'>Brunollus.</span> 
     </span>
    </p>
   </div>
   <div class='ocr_carea' id='block_1_5' title="bbox 285 1521 1998 1740">
    <p class='ocr_par' dir='ltr' id='par_1_5' title="bbox 285 1521 1998 1740">
     <span class='ocr_line' id='line_1_21' title="bbox 285 1521 1997 1569; baseline -0.002 -7"><span class='ocrx_word' id='word_1_174' title='bbox 285 1531 576 1569; x_wconf 75' lang='lat' dir='ltr'>NVRNBERGA,</span> <span class='ocrx_word' id='word_1_175' title='bbox 610 1523 780 1560; x_wconf 78' lang='lat' dir='ltr'>Iacobus</span> <span class='ocrx_word' id='word_1_176' title='bbox 805 1522 866 1567; x_wconf 83' lang='lat' dir='ltr'>de,</span> <span class='ocrx_word' id='word_1_177' title='bbox 901 1522 1100 1569; x_wconf 78' lang='lat' dir='ltr'>magister,</span> <span class='ocrx_word' id='word_1_178' title='bbox 1136 1522 1240 1558; x_wconf 74' lang='lat' dir='ltr'>inter</span> <span class='ocrx_word' id='word_1_179' title='bbox 1262 1521 1536 1558; x_wconf 79' lang='lat' dir='ltr'>l&#39;adormanni</span> <span class='ocrx_word' id='word_1_180' title='bbox 1560 1522 1818 1558; x_wconf 79' lang='lat' dir='ltr'>Fornacificis</span> <span class='ocrx_word' id='word_1_181' title='bbox 1851 1523 1997 1559; x_wconf 78' lang='lat' dir='ltr'>amicos</span> 
     </span>
     <span class='ocr_line' id='line_1_22' title="bbox 287 1575 1998 1628; baseline -0.001 -11"><span class='ocrx_word' id='word_1_182' title='bbox 287 1588 323 1617; x_wconf 80' lang='lat' dir='ltr'>et</span> <span class='ocrx_word' id='word_1_183' title='bbox 356 1582 532 1617; x_wconf 78' lang='lat' dir='ltr'>fautores</span> <span class='ocrx_word' id='word_1_184' title='bbox 571 1579 759 1617; x_wconf 78' lang='lat' dir='ltr'>laudatus</span> <span class='ocrx_word' id='word_1_185' title='bbox 792 1592 830 1628; x_wconf 53' lang='lat' dir='ltr'>p,</span> <span class='ocrx_word' id='word_1_186' title='bbox 855 1576 960 1623; x_wconf 51' lang='lat'>5³³⁰,</span> <span class='ocrx_word' id='word_1_187' title='bbox 1002 1578 1095 1613; x_wconf 86' lang='grc'>1111111</span> <span class='ocrx_word' id='word_1_188' title='bbox 1137 1578 1259 1627; x_wconf 83' lang='lat' dir='ltr'>plane</span> <span class='ocrx_word' id='word_1_189' title='bbox 1298 1575 1561 1627; x_wconf 72' lang='lat' dir='ltr'>incognitus¹.</span> <span class='ocrx_word' id='word_1_190' title='bbox 1595 1578 1759 1627; x_wconf 81' lang='lat' dir='ltr'>quidam</span> <span class='ocrx_word' id='word_1_191' title='bbox 1799 1577 1998 1628; x_wconf 79' lang='lat' dir='ltr'>Georgius</span> 
     </span>
     <span class='ocr_line' id='line_1_23' title="bbox 288 1634 1996 1685; baseline -0.002 -12"><span class='ocrx_word' id='word_1_192' title='bbox 288 1638 336 1673; x_wconf 85' lang='lat' dir='ltr'>de</span> <span class='ocrx_word' id='word_1_193' title='bbox 358 1636 601 1685; x_wconf 84' lang='lat' dir='ltr'>Nurnberga</span> <span class='ocrx_word' id='word_1_194' title='bbox 633 1641 877 1672; x_wconf 78' lang='lat' dir='ltr'>memoratur</span> <span class='ocrx_word' id='word_1_195' title='bbox 908 1649 930 1671; x_wconf 85' lang='lat' dir='ltr'>a</span> <span class='ocrx_word' id='word_1_196' title='bbox 952 1634 1072 1670; x_wconf 83' lang='lat' dir='ltr'>Petro</span> <span class='ocrx_word' id='word_1_197' title='bbox 1096 1634 1238 1684; x_wconf 64' lang='lat' dir='ltr'>Meyer</span> <span class='ocrx_word' id='word_1_198' title='bbox 1260 1635 1298 1670; x_wconf 87' lang='lat' dir='ltr'>in</span> <span class='ocrx_word' id='word_1_199' title='bbox 1325 1634 1494 1683; x_wconf 81' lang='lat' dir='ltr'>epistola</span> <span class='ocrx_word' id='word_1_200' title='bbox 1519 1634 1556 1670; x_wconf 87' lang='lat' dir='ltr'>d.</span> <span class='ocrx_word' id='word_1_201' title='bbox 1585 1636 1645 1672; x_wconf 82' lang='lat'>10.</span> <span class='ocrx_word' id='word_1_202' title='bbox 1670 1634 1791 1671; x_wconf 74' lang='lat' dir='ltr'>Febr.</span> <span class='ocrx_word' id='word_1_203' title='bbox 1815 1648 1850 1671; x_wconf 82' lang='lat' dir='ltr'>a.</span> <span class='ocrx_word' id='word_1_204' title='bbox 1878 1635 1996 1671; x_wconf 74' lang='lat'>1512.</span> 
     </span>
     <span class='ocr_line' id='line_1_24' title="bbox 287 1688 1816 1740; baseline -0.003 -10"><span class='ocrx_word' id='word_1_205' title='bbox 287 1694 337 1730; x_wconf 83' lang='lat' dir='ltr'>ad</span> <span class='ocrx_word' id='word_1_206' title='bbox 369 1692 596 1729; x_wconf 81' lang='lat' dir='ltr'>Arnoldum</span> <span class='ocrx_word' id='word_1_207' title='bbox 627 1692 910 1740; x_wconf 72' lang='lat' dir='ltr'>Tungrensem</span> <span class='ocrx_word' id='word_1_208' title='bbox 943 1690 1047 1736; x_wconf 74' lang='lat' dir='ltr'>«lata,</span> <span class='ocrx_word' id='word_1_209' title='bbox 1082 1704 1199 1739; x_wconf 74' lang='lat' dir='ltr'>quam</span> <span class='ocrx_word' id='word_1_210' title='bbox 1232 1690 1453 1740; x_wconf 76' lang='lat' dir='ltr'>publicavit</span> <span class='ocrx_word' id='word_1_211' title='bbox 1484 1688 1816 1740; x_wconf 67' lang='lat' dir='ltr'>Peperieornus‘2.</span> 
     </span>
    </p>
   </div>
   <div class='ocr_carea' id='block_1_6' title="bbox 376 1765 1996 1857">
    <p class='ocr_par' dir='ltr' id='par_1_6' title="bbox 376 1765 1996 1857">
     <span class='ocr_line' id='line_1_25' title="bbox 378 1765 1996 1809; baseline -0.001 -10"><span class='ocrx_word' id='word_1_212' title='bbox 378 1770 408 1809; x_wconf 81' lang='lat'>1)</span> <span class='ocrx_word' id='word_1_213' title='bbox 429 1770 475 1802; x_wconf 76' lang='lat' dir='ltr'>ef.</span> <span class='ocrx_word' id='word_1_214' title='bbox 494 1779 603 1809; x_wconf 84' lang='lat' dir='ltr'>supra</span> <span class='ocrx_word' id='word_1_215' title='bbox 621 1772 688 1803; x_wconf 60' lang='lat' dir='ltr'>art..</span> <span class='ocrx_word' id='word_1_216' title='bbox 706 1769 871 1809; x_wconf 69' lang='lat' dir='ltr'>Hungcn.</span> <span class='ocrx_word' id='word_1_217' title='bbox 972 1770 1004 1803; x_wconf 74' lang='lat'>2)</span> <span class='ocrx_word' id='word_1_218' title='bbox 1025 1767 1174 1797; x_wconf 77' lang='lat' dir='ltr'>Defens.</span> <span class='ocrx_word' id='word_1_219' title='bbox 1194 1778 1225 1807; x_wconf 88' lang='lat' dir='ltr'>p.</span> <span class='ocrx_word' id='word_1_220' title='bbox 1249 1768 1308 1798; x_wconf 71' lang='lat'>1²29</span> <span class='ocrx_word' id='word_1_221' title='bbox 1319 1765 1341 1800; x_wconf 73' lang='lat'>⁴.</span> <span class='ocrx_word' id='word_1_222' title='bbox 1362 1767 1417 1798; x_wconf 83' lang='lat' dir='ltr'>ed.</span> <span class='ocrx_word' id='word_1_223' title='bbox 1439 1777 1470 1798; x_wconf 92' lang='lat' dir='ltr'>n.</span> <span class='ocrx_word' id='word_1_224' title='bbox 1522 1767 1572 1797; x_wconf 72' lang='lat' dir='ltr'>(¹f.</span> <span class='ocrx_word' id='word_1_225' title='bbox 1592 1777 1701 1808; x_wconf 83' lang='lat' dir='ltr'>supra</span> <span class='ocrx_word' id='word_1_226' title='bbox 1721 1778 1752 1808; x_wconf 87' lang='lat' dir='ltr'>p.</span> <span class='ocrx_word' id='word_1_227' title='bbox 1774 1768 1847 1800; x_wconf 71' lang='lat'>122.</span> <span class='ocrx_word' id='word_1_228' title='bbox 1867 1767 1996 1808; x_wconf 80' lang='lat' dir='ltr'>Consp.</span> 
     </span>
     <span class='ocr_line' id='line_1_26' title="bbox 376 1824 796 1857; baseline -0.002 -1"><span class='ocrx_word' id='word_1_229' title='bbox 376 1825 533 1857; x_wconf 83' lang='lat' dir='ltr'>chronol.</span> <span class='ocrx_word' id='word_1_230' title='bbox 553 1824 597 1855; x_wconf 85' lang='lat' dir='ltr'>ad</span> <span class='ocrx_word' id='word_1_231' title='bbox 616 1824 724 1855; x_wconf 84' lang='lat' dir='ltr'>Febr.</span> <span class='ocrx_word' id='word_1_232' title='bbox 747 1826 796 1855; x_wconf 86' lang='lat'>10.</span> 
     </span>
    </p>
   </div>
   <div class='ocr_carea' id='block_1_7' title="bbox 285 1914 2000 2919">
    <p class='ocr_par' dir='ltr' id='par_1_7' title="bbox 285 1914 2000 2919">
     <span class='ocr_line' id='line_1_27' title="bbox 286 1914 1997 1964; baseline 0 -12"><span class='ocrx_word' id='word_1_233' title='bbox 286 1914 460 1962; x_wconf 73' lang='lat' dir='ltr'>OCCAM,</span> <span class='ocrx_word' id='word_1_234' title='bbox 495 1915 731 1960; x_wconf 77' lang='lat' dir='ltr'>Guilelmus,</span> <span class='ocrx_word' id='word_1_235' title='bbox 766 1915 985 1961; x_wconf 83' lang='lat' dir='ltr'>„Minorita</span> <span class='ocrx_word' id='word_1_236' title='bbox 1007 1914 1178 1963; x_wconf 82' lang='lat' dir='ltr'>Anglus,</span> <span class='ocrx_word' id='word_1_237' title='bbox 1212 1914 1380 1951; x_wconf 82' lang='lat' dir='ltr'>Ioannis</span> <span class='ocrx_word' id='word_1_238' title='bbox 1405 1914 1513 1951; x_wconf 77' lang='lat' dir='ltr'>Secti</span> <span class='ocrx_word' id='word_1_239' title='bbox 1546 1914 1777 1964; x_wconf 83' lang='lat' dir='ltr'>discipulus,</span> <span class='ocrx_word' id='word_1_240' title='bbox 1811 1914 1882 1952; x_wconf 85' lang='lat' dir='ltr'>sed</span> <span class='ocrx_word' id='word_1_241' title='bbox 1913 1915 1997 1952; x_wconf 91' lang='lat' dir='ltr'>eius</span> 
     </span>
     <span class='ocr_line' id='line_1_28' title="bbox 288 1969 1997 2022; baseline -0.002 -12"><span class='ocrx_word' id='word_1_242' title='bbox 288 1974 478 2010; x_wconf 69' lang='lat' dir='ltr'>‹loen-inm</span> <span class='ocrx_word' id='word_1_243' title='bbox 510 1978 649 2022; x_wconf 81' lang='lat' dir='ltr'>postca</span> <span class='ocrx_word' id='word_1_244' title='bbox 681 1972 939 2021; x_wconf 82' lang='lat' dir='ltr'>impugnator</span> <span class='ocrx_word' id='word_1_245' title='bbox 960 1971 1187 2016; x_wconf 74' lang='lat' dir='ltr'>acerrimus,</span> <span class='ocrx_word' id='word_1_246' title='bbox 1222 1971 1262 2006; x_wconf 93' lang='lat' dir='ltr'>in</span> <span class='ocrx_word' id='word_1_247' title='bbox 1284 1969 1515 2007; x_wconf 85' lang='lat' dir='ltr'>Aristotelis</span> <span class='ocrx_word' id='word_1_248' title='bbox 1540 1970 1751 2020; x_wconf 82' lang='lat' dir='ltr'>disciplina</span> <span class='ocrx_word' id='word_1_249' title='bbox 1775 1970 1876 2008; x_wconf 85' lang='lat' dir='ltr'>adeo</span> <span class='ocrx_word' id='word_1_250' title='bbox 1908 1984 1997 2020; x_wconf 86' lang='lat' dir='ltr'>pro-</span> 
     </span>
     <span class='ocr_line' id='line_1_29' title="bbox 287 2026 1999 2077; baseline -0.001 -11"><span class='ocrx_word' id='word_1_251' title='bbox 287 2031 399 2075; x_wconf 81' lang='lat' dir='ltr'>fecit,</span> <span class='ocrx_word' id='word_1_252' title='bbox 441 2035 484 2065; x_wconf 90' lang='lat' dir='ltr'>ut</span> <span class='ocrx_word' id='word_1_253' title='bbox 515 2028 563 2065; x_wconf 85' lang='lat' dir='ltr'>ob</span> <span class='ocrx_word' id='word_1_254' title='bbox 602 2028 754 2077; x_wconf 84' lang='lat' dir='ltr'>logicas</span> <span class='ocrx_word' id='word_1_255' title='bbox 793 2027 1078 2064; x_wconf 75' lang='lat' dir='ltr'>meditationes</span> <span class='ocrx_word' id='word_1_256' title='bbox 1118 2033 1155 2063; x_wconf 86' lang='lat' dir='ltr'>et</span> <span class='ocrx_word' id='word_1_257' title='bbox 1194 2032 1336 2063; x_wconf 75' lang='lat' dir='ltr'>caetera</span> <span class='ocrx_word' id='word_1_258' title='bbox 1376 2026 1655 2076; x_wconf 85' lang='lat' dir='ltr'>philosophica</span> <span class='ocrx_word' id='word_1_259' title='bbox 1695 2033 1733 2063; x_wconf 88' lang='lat' dir='ltr'>et</span> <span class='ocrx_word' id='word_1_260' title='bbox 1770 2027 1999 2077; x_wconf 86' lang='lat' dir='ltr'>theologica</span> 
     </span>
     <span class='ocr_line' id='line_1_30' title="bbox 285 2082 2000 2133; baseline -0.001 -11"><span class='ocrx_word' id='word_1_261' title='bbox 285 2086 532 2123; x_wconf 67' lang='lat' dir='ltr'>theoremata</span> <span class='ocrx_word' id='word_1_262' title='bbox 573 2085 740 2121; x_wconf 82' lang='lat' dir='ltr'>inventa</span> <span class='ocrx_word' id='word_1_263' title='bbox 778 2083 979 2120; x_wconf 68' lang='lat' dir='ltr'>subtiliter</span> <span class='ocrx_word' id='word_1_264' title='bbox 1015 2082 1283 2132; x_wconf 78' lang='lat' dir='ltr'>subtiliusque</span> <span class='ocrx_word' id='word_1_265' title='bbox 1322 2083 1476 2120; x_wconf 86' lang='lat' dir='ltr'>firmata</span> <span class='ocrx_word' id='word_1_266' title='bbox 1510 2082 1786 2120; x_wconf 80' lang='lat' dir='ltr'>‘Venerabilis</span> <span class='ocrx_word' id='word_1_267' title='bbox 1807 2082 2000 2133; x_wconf 85' lang='lat' dir='ltr'>Inceptor</span> 
     </span>
     <span class='ocr_line' id='line_1_31' title="bbox 287 2139 1996 2189; baseline -0.001 -12"><span class='ocrx_word' id='word_1_268' title='bbox 287 2149 325 2179; x_wconf 74' lang='lat' dir='ltr'>et</span> <span class='ocrx_word' id='word_1_269' title='bbox 346 2142 476 2178; x_wconf 84' lang='lat' dir='ltr'>Autor</span> <span class='ocrx_word' id='word_1_270' title='bbox 496 2140 770 2177; x_wconf 77' lang='lat' dir='ltr'>Invincibilis&#39;</span> <span class='ocrx_word' id='word_1_271' title='bbox 805 2140 1091 2189; x_wconf 85' lang='lat' dir='ltr'>appellaretur.</span> <span class='ocrx_word' id='word_1_272' title='bbox 1137 2139 1412 2176; x_wconf 71' lang='lat' dir='ltr'>Nominalium</span> <span class='ocrx_word' id='word_1_273' title='bbox 1443 2139 1630 2189; x_wconf 87' lang='lat' dir='ltr'>princeps</span> <span class='ocrx_word' id='word_1_274' title='bbox 1662 2139 1782 2188; x_wconf 84' lang='lat' dir='ltr'>vulgo</span> <span class='ocrx_word' id='word_1_275' title='bbox 1814 2139 1996 2186; x_wconf 85' lang='lat' dir='ltr'>habetur,</span> 
     </span>
     <span class='ocr_line' id='line_1_32' title="bbox 286 2195 1996 2248; baseline 0.001 -16"><span class='ocrx_word' id='word_1_276' title='bbox 286 2212 454 2248; x_wconf 82' lang='lat' dir='ltr'>quorum</span> <span class='ocrx_word' id='word_1_277' title='bbox 486 2197 729 2233; x_wconf 80' lang='lat' dir='ltr'>subtilitates</span> <span class='ocrx_word' id='word_1_278' title='bbox 762 2202 800 2233; x_wconf 87' lang='lat' dir='ltr'>et</span> <span class='ocrx_word' id='word_1_279' title='bbox 831 2196 1008 2245; x_wconf 77' lang='lat' dir='ltr'>argutias</span> <span class='ocrx_word' id='word_1_280' title='bbox 1048 2196 1126 2233; x_wconf 90' lang='lat' dir='ltr'>iam</span> <span class='ocrx_word' id='word_1_281' title='bbox 1157 2208 1273 2245; x_wconf 69' lang='lat' dir='ltr'>paene</span> <span class='ocrx_word' id='word_1_282' title='bbox 1307 2195 1508 2232; x_wconf 77' lang='lat' dir='ltr'>obsoletas</span> <span class='ocrx_word' id='word_1_283' title='bbox 1548 2201 1587 2232; x_wconf 87' lang='lat' dir='ltr'>et</span> <span class='ocrx_word' id='word_1_284' title='bbox 1619 2201 1818 2232; x_wconf 86' lang='lat' dir='ltr'>emortuas</span> <span class='ocrx_word' id='word_1_285' title='bbox 1851 2196 1996 2233; x_wconf 79' lang='lat' dir='ltr'>excita-</span> 
     </span>
     <span class='ocr_line' id='line_1_33' title="bbox 287 2251 1996 2301; baseline -0.001 -11"><span class='ocrx_word' id='word_1_286' title='bbox 287 2255 343 2290; x_wconf 82' lang='lat' dir='ltr'>vit</span> <span class='ocrx_word' id='word_1_287' title='bbox 375 2260 413 2291; x_wconf 85' lang='lat' dir='ltr'>et</span> <span class='ocrx_word' id='word_1_288' title='bbox 445 2254 484 2289; x_wconf 86' lang='lat' dir='ltr'>in</span> <span class='ocrx_word' id='word_1_289' title='bbox 517 2253 673 2290; x_wconf 78' lang='lat' dir='ltr'>scholas</span> <span class='ocrx_word' id='word_1_290' title='bbox 705 2266 854 2288; x_wconf 86' lang='lat' dir='ltr'>summo</span> <span class='ocrx_word' id='word_1_291' title='bbox 888 2265 976 2288; x_wconf 89' lang='grc'>011111</span> <span class='ocrx_word' id='word_1_292' title='bbox 1007 2251 1224 2301; x_wconf 82' lang='lat' dir='ltr'>splendore</span> <span class='ocrx_word' id='word_1_293' title='bbox 1256 2251 1427 2288; x_wconf 82' lang='lat' dir='ltr'>reduxit.</span> <span class='ocrx_word' id='word_1_294' title='bbox 1489 2251 1555 2288; x_wconf 86' lang='lat' dir='ltr'>Ad</span> <span class='ocrx_word' id='word_1_295' title='bbox 1586 2251 1837 2289; x_wconf 85' lang='lat' dir='ltr'>Ludovicum</span> <span class='ocrx_word' id='word_1_296' title='bbox 1868 2252 1996 2289; x_wconf 79' lang='lat' dir='ltr'>Bava-</span> 
     </span>
     <span class='ocr_line' id='line_1_34' title="bbox 286 2307 1995 2358; baseline -0.001 -12"><span class='ocrx_word' id='word_1_297' title='bbox 286 2324 373 2346; x_wconf 89' lang='lat' dir='ltr'>rum</span> <span class='ocrx_word' id='word_1_298' title='bbox 404 2310 685 2358; x_wconf 70' lang='lat' dir='ltr'>imperatorem</span> <span class='ocrx_word' id='word_1_299' title='bbox 715 2308 935 2356; x_wconf 79' lang='lat' dir='ltr'>transfugit</span> <span class='ocrx_word' id='word_1_300' title='bbox 958 2314 995 2345; x_wconf 88' lang='lat' dir='ltr'>et</span> <span class='ocrx_word' id='word_1_301' title='bbox 1018 2308 1212 2345; x_wconf 77' lang='lat' dir='ltr'>adversus</span> <span class='ocrx_word' id='word_1_302' title='bbox 1233 2307 1459 2344; x_wconf 85' lang='lat' dir='ltr'>Iohannem</span> <span class='ocrx_word' id='word_1_303' title='bbox 1479 2320 1579 2346; x_wconf 76' lang='lat' dir='ltr'>xxu.</span> <span class='ocrx_word' id='word_1_304' title='bbox 1603 2308 1760 2357; x_wconf 79' lang='lat' dir='ltr'>scripsit</span> <span class='ocrx_word' id='word_1_305' title='bbox 1792 2308 1995 2354; x_wconf 86' lang='lat' dir='ltr'>acerrime,</span> 
     </span>
     <span class='ocr_line' id='line_1_35' title="bbox 287 2360 1996 2415; baseline 0.001 -13"><span class='ocrx_word' id='word_1_306' title='bbox 287 2380 309 2402; x_wconf 80' lang='lat' dir='ltr'>a</span> <span class='ocrx_word' id='word_1_307' title='bbox 341 2379 418 2415; x_wconf 81' lang='lat' dir='ltr'>quo</span> <span class='ocrx_word' id='word_1_308' title='bbox 452 2365 831 2410; x_wconf 77' lang='lat' dir='ltr'>excommunicatus,</span> <span class='ocrx_word' id='word_1_309' title='bbox 865 2370 1007 2414; x_wconf 83' lang='lat' dir='ltr'>postea</span> <span class='ocrx_word' id='word_1_310' title='bbox 1037 2377 1132 2401; x_wconf 77' lang='lat' dir='ltr'>vero</span> <span class='ocrx_word' id='word_1_311' title='bbox 1165 2364 1366 2413; x_wconf 83' lang='lat' dir='ltr'>poenitens</span> <span class='ocrx_word' id='word_1_312' title='bbox 1398 2363 1553 2400; x_wconf 84' lang='lat' dir='ltr'>absolvi</span> <span class='ocrx_word' id='word_1_313' title='bbox 1584 2364 1729 2401; x_wconf 85' lang='lat' dir='ltr'>meruit</span> <span class='ocrx_word' id='word_1_314' title='bbox 1763 2360 1996 2415; x_wconf 68' lang='lat' dir='ltr'>[a.1349.].</span> 
     </span>
     <span class='ocr_line' id='line_1_36' title="bbox 289 2418 1997 2471; baseline -0.001 -13"><span class='ocrx_word' id='word_1_315' title='bbox 289 2421 458 2471; x_wconf 74' lang='lat' dir='ltr'>Scripsit</span> <span class='ocrx_word' id='word_1_316' title='bbox 488 2422 529 2457; x_wconf 92' lang='lat' dir='ltr'>in</span> <span class='ocrx_word' id='word_1_317' title='bbox 560 2432 626 2456; x_wconf 90' lang='lat'>1111</span> <span class='ocrx_word' id='word_1_318' title='bbox 656 2420 779 2456; x_wconf 85' lang='lat' dir='ltr'>libros</span> <span class='ocrx_word' id='word_1_319' title='bbox 810 2420 994 2469; x_wconf 79' lang='lat' dir='ltr'>Magistri</span> <span class='ocrx_word' id='word_1_320' title='bbox 1024 2420 1335 2465; x_wconf 83' lang='lat' dir='ltr'>sententiarum,</span> <span class='ocrx_word' id='word_1_321' title='bbox 1370 2419 1438 2457; x_wconf 85' lang='lat' dir='ltr'>lib.</span> <span class='ocrx_word' id='word_1_322' title='bbox 1469 2431 1494 2458; x_wconf 89' lang='grc' dir='ltr'>Ι.</span> <span class='ocrx_word' id='word_1_323' title='bbox 1549 2418 1899 2468; x_wconf 72' lang='lat' dir='ltr'>Quod]ibetorum,</span> <span class='ocrx_word' id='word_1_324' title='bbox 1934 2420 1997 2457; x_wconf 83' lang='lat' dir='ltr'>De</span> 
     </span>
     <span class='ocr_line' id='line_1_37' title="bbox 289 2475 1997 2526; baseline 0 -13"><span class='ocrx_word' id='word_1_325' title='bbox 289 2477 512 2514; x_wconf 83' lang='lat' dir='ltr'>fautoribus</span> <span class='ocrx_word' id='word_1_326' title='bbox 535 2476 812 2513; x_wconf 78' lang='lat' dir='ltr'>haeretieorum</span> <span class='ocrx_word' id='word_1_327' title='bbox 833 2475 903 2512; x_wconf 88' lang='lat' dir='ltr'>lib.</span> <span class='ocrx_word' id='word_1_328' title='bbox 930 2477 963 2521; x_wconf 78' lang='lat'>7,</span> <span class='ocrx_word' id='word_1_329' title='bbox 998 2476 1060 2512; x_wconf 85' lang='lat' dir='ltr'>De</span> <span class='ocrx_word' id='word_1_330' title='bbox 1092 2481 1341 2513; x_wconf 83' lang='lat' dir='ltr'>sacramento</span> <span class='ocrx_word' id='word_1_331' title='bbox 1372 2476 1509 2512; x_wconf 85' lang='lat' dir='ltr'>altaris</span> <span class='ocrx_word' id='word_1_332' title='bbox 1531 2475 1598 2513; x_wconf 86' lang='lat' dir='ltr'>lib.</span> <span class='ocrx_word' id='word_1_333' title='bbox 1626 2478 1667 2522; x_wconf 88' lang='lat'>1,</span> <span class='ocrx_word' id='word_1_334' title='bbox 1704 2475 1997 2526; x_wconf 85' lang='lat' dir='ltr'>Compendium</span> 
     </span>
     <span class='ocr_line' id='line_1_38' title="bbox 286 2532 1996 2583; baseline -0.001 -13"><span class='ocrx_word' id='word_1_335' title='bbox 286 2534 512 2583; x_wconf 70' lang='lat' dir='ltr'>theologiae,</span> <span class='ocrx_word' id='word_1_336' title='bbox 545 2532 609 2569; x_wconf 90' lang='lat' dir='ltr'>De</span> <span class='ocrx_word' id='word_1_337' title='bbox 641 2532 794 2569; x_wconf 82' lang='lat' dir='ltr'>actibus</span> <span class='ocrx_word' id='word_1_338' title='bbox 825 2532 1094 2578; x_wconf 87' lang='lat' dir='ltr'>hierarchicis,</span> <span class='ocrx_word' id='word_1_339' title='bbox 1128 2532 1192 2569; x_wconf 83' lang='lat' dir='ltr'>De</span> <span class='ocrx_word' id='word_1_340' title='bbox 1224 2532 1407 2581; x_wconf 85' lang='lat' dir='ltr'>ingressu</span> <span class='ocrx_word' id='word_1_341' title='bbox 1428 2533 1697 2578; x_wconf 81' lang='lat' dir='ltr'>scientiarum,</span> <span class='ocrx_word' id='word_1_342' title='bbox 1730 2532 1794 2569; x_wconf 88' lang='lat' dir='ltr'>De</span> <span class='ocrx_word' id='word_1_343' title='bbox 1825 2545 1996 2583; x_wconf 86' lang='lat' dir='ltr'>pauper-</span> 
     </span>
     <span class='ocr_line' id='line_1_39' title="bbox 286 2588 1996 2639; baseline -0.001 -12"><span class='ocrx_word' id='word_1_344' title='bbox 286 2596 367 2627; x_wconf 85' lang='lat' dir='ltr'>tate</span> <span class='ocrx_word' id='word_1_345' title='bbox 399 2589 680 2639; x_wconf 86' lang='lat' dir='ltr'>apostolorum,</span> <span class='ocrx_word' id='word_1_346' title='bbox 714 2589 777 2625; x_wconf 85' lang='lat' dir='ltr'>De</span> <span class='ocrx_word' id='word_1_347' title='bbox 808 2593 1007 2638; x_wconf 84' lang='lat' dir='ltr'>potestate</span> <span class='ocrx_word' id='word_1_348' title='bbox 1039 2588 1272 2638; x_wconf 87' lang='lat' dir='ltr'>pontificum</span> <span class='ocrx_word' id='word_1_349' title='bbox 1305 2594 1344 2625; x_wconf 88' lang='lat' dir='ltr'>et</span> <span class='ocrx_word' id='word_1_350' title='bbox 1374 2589 1672 2638; x_wconf 87' lang='lat' dir='ltr'>imperatorum,</span> <span class='ocrx_word' id='word_1_351' title='bbox 1707 2594 1847 2626; x_wconf 85' lang='lat' dir='ltr'>contra</span> <span class='ocrx_word' id='word_1_352' title='bbox 1877 2588 1996 2627; x_wconf 84' lang='lat' dir='ltr'>Ioan-</span> 
     </span>
     <span class='ocr_line' id='line_1_40' title="bbox 286 2643 1995 2694; baseline -0.001 -12"><span class='ocrx_word' id='word_1_353' title='bbox 286 2659 378 2683; x_wconf 83' lang='lat' dir='ltr'>nem</span> <span class='ocrx_word' id='word_1_354' title='bbox 398 2657 498 2682; x_wconf 75' lang='lat' dir='ltr'>xxu.</span> <span class='ocrx_word' id='word_1_355' title='bbox 551 2645 622 2682; x_wconf 88' lang='lat' dir='ltr'>sed</span> <span class='ocrx_word' id='word_1_356' title='bbox 654 2645 738 2681; x_wconf 79' lang='lat' dir='ltr'>haee</span> <span class='ocrx_word' id='word_1_357' title='bbox 770 2658 892 2694; x_wconf 86' lang='lat' dir='ltr'>opera</span> <span class='ocrx_word' id='word_1_358' title='bbox 923 2650 1176 2694; x_wconf 82' lang='lat' dir='ltr'>reponuntur</span> <span class='ocrx_word' id='word_1_359' title='bbox 1206 2645 1247 2681; x_wconf 89' lang='lat' dir='ltr'>in</span> <span class='ocrx_word' id='word_1_360' title='bbox 1269 2643 1411 2681; x_wconf 86' lang='lat' dir='ltr'>Indice</span> <span class='ocrx_word' id='word_1_361' title='bbox 1434 2644 1776 2694; x_wconf 83' lang='lat' dir='ltr'>prohibitorum“.</span> <span class='ocrx_word' id='word_1_362' title='bbox 1808 2645 1892 2682; x_wconf 86' lang='lat' dir='ltr'>haec</span> <span class='ocrx_word' id='word_1_363' title='bbox 1916 2645 1995 2681; x_wconf 88' lang='lat' dir='ltr'>Bu-</span> 
     </span>
     <span class='ocr_line' id='line_1_41' title="bbox 285 2699 1996 2751; baseline -0.001 -13"><span class='ocrx_word' id='word_1_364' title='bbox 285 2701 415 2738; x_wconf 75' lang='lat' dir='ltr'>laens¹.</span> <span class='ocrx_word' id='word_1_365' title='bbox 478 2701 635 2751; x_wconf 79' lang='lat' dir='ltr'>Scripta</span> <span class='ocrx_word' id='word_1_366' title='bbox 668 2699 874 2737; x_wconf 84' lang='lat' dir='ltr'>Guilielmi</span> <span class='ocrx_word' id='word_1_367' title='bbox 908 2699 1061 2738; x_wconf 83' lang='lat' dir='ltr'>Ockam</span> <span class='ocrx_word' id='word_1_368' title='bbox 1092 2701 1237 2738; x_wconf 78' lang='lat' dir='ltr'>saeculo</span> <span class='ocrx_word' id='word_1_369' title='bbox 1269 2713 1335 2738; x_wconf 82' lang='lat' dir='ltr'>xv.</span> <span class='ocrx_word' id='word_1_370' title='bbox 1369 2701 1584 2750; x_wconf 86' lang='lat' dir='ltr'>publicata,</span> <span class='ocrx_word' id='word_1_371' title='bbox 1618 2701 1804 2751; x_wconf 85' lang='lat' dir='ltr'>interque</span> <span class='ocrx_word' id='word_1_372' title='bbox 1837 2715 1883 2739; x_wconf 90' lang='lat' dir='ltr'>ea</span> <span class='ocrx_word' id='word_1_373' title='bbox 1914 2715 1996 2738; x_wconf 89' lang='lat' dir='ltr'>non</span> 
     </span>
     <span class='ocr_line' id='line_1_42' title="bbox 287 2754 1996 2807; baseline 0 -13"><span class='ocrx_word' id='word_1_374' title='bbox 287 2758 399 2794; x_wconf 86' lang='lat' dir='ltr'>nulla</span> <span class='ocrx_word' id='word_1_375' title='bbox 429 2771 451 2794; x_wconf 83' lang='lat' dir='ltr'>a</span> <span class='ocrx_word' id='word_1_376' title='bbox 482 2758 620 2794; x_wconf 75' lang='lat' dir='ltr'>Bulaeo</span> <span class='ocrx_word' id='word_1_377' title='bbox 653 2758 920 2807; x_wconf 63' lang='lat' dir='ltr'>przetenfflssa</span> <span class='ocrx_word' id='word_1_378' title='bbox 961 2757 1172 2807; x_wconf 85' lang='lat' dir='ltr'>descripsit</span> <span class='ocrx_word' id='word_1_379' title='bbox 1202 2754 1348 2793; x_wconf 72' lang='lat' dir='ltr'>Hain&#39;2.</span> <span class='ocrx_word' id='word_1_380' title='bbox 1409 2757 1533 2807; x_wconf 87' lang='lat' dir='ltr'>Apud</span> <span class='ocrx_word' id='word_1_381' title='bbox 1565 2755 1817 2794; x_wconf 80' lang='lat' dir='ltr'>Fabricium³</span> <span class='ocrx_word' id='word_1_382' title='bbox 1849 2756 1996 2795; x_wconf 87' lang='lat' dir='ltr'>Occam</span> 
     </span>
     <span class='ocr_line' id='line_1_43' title="bbox 288 2813 1995 2858; baseline 0.001 -9"><span class='ocrx_word' id='word_1_383' title='bbox 288 2815 389 2850; x_wconf 76' lang='lat' dir='ltr'>cirea</span> <span class='ocrx_word' id='word_1_384' title='bbox 427 2827 461 2850; x_wconf 79' lang='lat' dir='ltr'>a.</span> <span class='ocrx_word' id='word_1_385' title='bbox 501 2814 578 2849; x_wconf 79' lang='lat'>133</span> <span class='ocrx_word' id='word_1_386' title='bbox 613 2842 620 2850; x_wconf 91' lang='lat'><strong>.</strong></span> <span class='ocrx_word' id='word_1_387' title='bbox 658 2814 866 2858; x_wconf 80' lang='lat' dir='ltr'>claruisse,</span> <span class='ocrx_word' id='word_1_388' title='bbox 917 2813 1151 2851; x_wconf 87' lang='lat' dir='ltr'>defunctum</span> <span class='ocrx_word' id='word_1_389' title='bbox 1189 2818 1322 2849; x_wconf 81' lang='lat' dir='ltr'>antem</span> <span class='ocrx_word' id='word_1_390' title='bbox 1363 2826 1448 2850; x_wconf 89' lang='lat' dir='ltr'>esse</span> <span class='ocrx_word' id='word_1_391' title='bbox 1494 2813 1699 2850; x_wconf 87' lang='lat' dir='ltr'>Monachii</span> <span class='ocrx_word' id='word_1_392' title='bbox 1739 2828 1774 2850; x_wconf 87' lang='lat' dir='ltr'>a.</span> <span class='ocrx_word' id='word_1_393' title='bbox 1806 2814 1924 2852; x_wconf 70' lang='lat'><strong>1347.</strong></span> <span class='ocrx_word' id='word_1_394' title='bbox 1957 2813 1995 2851; x_wconf 89' lang='grc'>(1.</span> 
     </span>
     <span class='ocr_line' id='line_1_44' title="bbox 290 2867 1998 2919; baseline 0.001 -15"><span class='ocrx_word' id='word_1_395' title='bbox 290 2871 352 2906; x_wconf 81' lang='lat'>10.</span> <span class='ocrx_word' id='word_1_396' title='bbox 375 2869 506 2918; x_wconf 87' lang='lat' dir='ltr'>April.</span> <span class='ocrx_word' id='word_1_397' title='bbox 531 2869 688 2906; x_wconf 85' lang='lat' dir='ltr'>dicitur.</span> <span class='ocrx_word' id='word_1_398' title='bbox 743 2867 948 2917; x_wconf 79' lang='lat' dir='ltr'>(Bulaeum</span> <span class='ocrx_word' id='word_1_399' title='bbox 978 2869 1189 2907; x_wconf 80' lang='lat' dir='ltr'>Fabricius</span> <span class='ocrx_word' id='word_1_400' title='bbox 1228 2883 1310 2906; x_wconf 92' lang='lat' dir='ltr'>non</span> <span class='ocrx_word' id='word_1_401' title='bbox 1350 2869 1564 2919; x_wconf 84' lang='lat' dir='ltr'>inspexit.)</span> <span class='ocrx_word' id='word_1_402' title='bbox 1627 2868 1853 2918; x_wconf 80' lang='lat' dir='ltr'>Quemnam</span> <span class='ocrx_word' id='word_1_403' title='bbox 1892 2870 1998 2906; x_wconf 84' lang='lat' dir='ltr'>inter</span> 
     </span>
    </p>
   </div>
   <div class='ocr_carea' id='block_1_8' title="bbox 379 3011 1992 3110">
    <p class='ocr_par' dir='ltr' id='par_1_8' title="bbox 379 3011 1992 3110">
     <span class='ocr_line' id='line_1_45' title="bbox 379 3011 1992 3055; baseline 0.001 -12"><span class='ocrx_word' id='word_1_404' title='bbox 379 3011 411 3053; x_wconf 83' lang='lat'>1)</span> <span class='ocrx_word' id='word_1_405' title='bbox 429 3013 524 3046; x_wconf 80' lang='lat' dir='ltr'>Hist,</span> <span class='ocrx_word' id='word_1_406' title='bbox 544 3012 640 3045; x_wconf 87' lang='lat' dir='ltr'>univ.</span> <span class='ocrx_word' id='word_1_407' title='bbox 658 3012 773 3044; x_wconf 58' lang='lat' dir='ltr'>Paris,</span> <span class='ocrx_word' id='word_1_408' title='bbox 792 3013 853 3046; x_wconf 82' lang='lat' dir='ltr'>IV.</span> <span class='ocrx_word' id='word_1_409' title='bbox 873 3024 904 3054; x_wconf 81' lang='lat' dir='ltr'>p.</span> <span class='ocrx_word' id='word_1_410' title='bbox 923 3013 998 3044; x_wconf 80' lang='lat'>960.</span> <span class='ocrx_word' id='word_1_411' title='bbox 1034 3012 1082 3044; x_wconf 86' lang='lat' dir='ltr'>cf.</span> <span class='ocrx_word' id='word_1_412' title='bbox 1101 3012 1188 3044; x_wconf 88' lang='lat' dir='ltr'>ibid.</span> <span class='ocrx_word' id='word_1_413' title='bbox 1206 3024 1239 3054; x_wconf 82' lang='lat'>1).</span> <span class='ocrx_word' id='word_1_414' title='bbox 1257 3014 1331 3045; x_wconf 77' lang='lat'><strong>317.</strong></span> <span class='ocrx_word' id='word_1_415' title='bbox 1351 3023 1403 3053; x_wconf 83' lang='lat' dir='ltr'>sq.</span> <span class='ocrx_word' id='word_1_416' title='bbox 1513 3013 1547 3053; x_wconf 72' lang='lat'>2)</span> <span class='ocrx_word' id='word_1_417' title='bbox 1566 3013 1754 3055; x_wconf 83' lang='lat' dir='ltr'>Repertor.</span> <span class='ocrx_word' id='word_1_418' title='bbox 1774 3017 1821 3044; x_wconf 78' lang='lat'>11⁰.</span> <span class='ocrx_word' id='word_1_419' title='bbox 1844 3014 1992 3045; x_wconf 72' lang='lat'>11935...</span> 
     </span>
     <span class='ocr_line' id='line_1_46' title="bbox 380 3068 1295 3110; baseline 0.001 -12"><span class='ocrx_word' id='word_1_420' title='bbox 380 3070 497 3102; x_wconf 72' lang='lat'>11953,</span> <span class='ocrx_word' id='word_1_421' title='bbox 589 3068 624 3108; x_wconf 89' lang='lat'>3)</span> <span class='ocrx_word' id='word_1_422' title='bbox 645 3069 737 3099; x_wconf 77' lang='lat' dir='ltr'>Hibl.</span> <span class='ocrx_word' id='word_1_423' title='bbox 757 3069 846 3099; x_wconf 84' lang='lat' dir='ltr'>med.</span> <span class='ocrx_word' id='word_1_424' title='bbox 869 3072 903 3098; x_wconf 80' lang='lat' dir='ltr'>et.</span> <span class='ocrx_word' id='word_1_425' title='bbox 922 3068 985 3102; x_wconf 80' lang='lat' dir='ltr'>inf.</span> <span class='ocrx_word' id='word_1_426' title='bbox 1003 3072 1060 3102; x_wconf 67' lang='lat' dir='ltr'>wt,</span> <span class='ocrx_word' id='word_1_427' title='bbox 1082 3068 1146 3099; x_wconf 89' lang='lat' dir='ltr'>III.</span> <span class='ocrx_word' id='word_1_428' title='bbox 1167 3079 1200 3110; x_wconf 84' lang='lat' dir='ltr'>p.</span> <span class='ocrx_word' id='word_1_429' title='bbox 1218 3070 1295 3103; x_wconf 78' lang='lat'>465,</span> 
     </span>
    </p>
   </div>
  </div>
 </body>
</html>
