2119 3522
275 218 370 263 380
767 233 871 254 INDEX
897 230 1147 252 BIOGRAPHICVS
1172 231 1213 251 ET
1237 229 1478 251 ONOMASTICVS.

273 350 487 399 inscriptus
519 353 578 385 est
608 347 752 393 „Iunii
774 347 810 383 5.
834 345 1034 382 Hcm·icus
1065 344 1236 382 Loerete
1269 343 1319 381 de
1351 343 1485 382 Glaris
1525 344 1576 381 ad
1615 350 1719 382 artes
1758 345 1905 382 iuravit
1943 350 1982 382 et

272 403 466 443 solvit“².
528 402 706 440 Colonia}
744 402 821 448 „in
863 400 1073 451 gymnasio
1103 400 1298 437 Montano
1339 400 1589 438 accessiones
1626 400 1678 438 ad
1714 401 1981 438 eruditionem

272 474 353 498 non
385 459 570 509 vulgares
602 459 714 503 fecit,
749 463 787 495 et
817 457 1091 493 testimonium
1113 456 1482 506 philosophicorum
1503 456 1755 505 profectuum
1777 456 1980 506 publicum

270 517 420 553 virtute
452 521 491 551 et
522 514 704 551 doctrina
742 526 815 550 sua
846 510 1139 562 p1·0memit“·³,
1180 512 1220 549 h.
1244 526 1278 549 e.
1300 513 1520 561 magisterii
1549 512 1709 549 titulum
1741 511 1916 549 obtinuit
1945 526 1979 552 a.

274 572 392 608 1510.
460 570 566 607 Vere
598 584 633 607 a.
658 569 778 606 1508.
801 568 1082 605 Hermannum
1113 569 1154 604 in
1187 568 1346 605 ‘Flora‘
1367 565 1380 585 4
1416 567 1526 604 urbis
1568 567 1731 605 laudem
1769 573 1980 605 canentem

270 638 521 675 summopere
563 625 782 662 admiratus
822 630 881 661 est
912 623 1153 661 Glareanus.
1214 624 1299 670 „Ei
1337 621 1587 673 (Herzogius
1626 622 1781 674 pergit)
1823 623 1981 661 domum

270 694 429 719 reverso
468 694 502 718 a.
530 682 649 718 1510.
672 685 900 730 pastoratus
943 680 1119 717 ecelesiae
1159 680 1200 716 in
1239 679 1372 716 Mollis
1412 679 1688 725 deferebatur,
1730 692 1850 729 quam
1885 693 1980 718 vero

270 751 352 774 non
383 737 556 787 accepit,
594 742 633 774 et
662 736 889 773 Lucernam
919 735 1034 781 abiit,
1068 735 1138 772 ubi
1169 734 1417 785 aliquamdiu
1449 741 1711 773 commoratus
1734 735 1911 785 Zvinglii
1943 742 1982 773 et

269 793 451 844 Myconii
482 805 642 830 causam
673 792 832 829 fortiter
863 792 957 841 egit.
1018 791 1067 828 In
1106 797 1191 829 arte
1230 791 1451 841 praesertim
1488 791 1647 841 poetica
1683 792 1740 829 ita
1779 791 1980 838 excelluit,

270 854 314 886 ut
344 862 380 886 a.
400 848 519 885 1512.
543 862 566 885 a
588 847 863 885 Maximili‘ano
886 847 919 885 Ι.
945 846 1102 885 Caesare
1132 848 1272 885 laurea
1302 847 1459 897 poetica
1489 847 1611 884 fuerit
1636 846 1852 885 donatus.“
1901 847 1981 884 Ex-

269 910 328 942 tat
361 904 429 941 ‘In
462 904 546 941 diui
576 904 841 941 maximiliani
862 904 1136 941 Romanorum
1157 903 1416 954 Imperatoris
1444 916 1603 953 semper
1622 902 1797 953 Augusti
1820 903 1982 941 laudem

269 966 309 998 et
342 960 584 1011 praeconium
614 960 783 996 Henrici
815 959 1010 997 Glareani
1048 960 1215 997 helvetii
1252 965 1380 1009 poetae
1411 959 1615 996 Laureati.
1682 959 1731 995 In
1771 960 1981 1010 gymnasio

268 1016 463 1054 Montano
503 1015 612 1066 apud
642 1015 966 1066 Agrippinenses
1005 1015 1423 1065 philosophantissimi
1455 1021 1494 1052 et
1523 1014 1798 1052 Mathematici
1828 1016 1981 1065 perspi-

269 1072 457 1110 catissimi
481 1071 652 1109 Carmen
674 1085 807 1121 paneg
804 1072 980 1122 wicum.
1016 1069 1056 1120 (6
1080 1071 1166 1109 foll.
1189 1072 1231 1108 in
1253 1072 1310 1108 40
1334 1069 1858 1120 c.p1aef.01tvin1G1atu)
1907 1070 1980 1108 Co-

266 1128 387 1165 loniae
419 1141 469 1165 ex
499 1128 662 1165 officina
692 1133 830 1165 nostra
859 1128 1055 1165 litteraria
1088 1127 1240 1165 decimo
1273 1127 1442 1176 septimo
1467 1125 1553 1164 Cal.
1573 1125 1778 1172 Octobris,
1806 1125 1930 1164 Anno
1959 1141 1983 1164 a

268 1183 395 1222 natali
426 1183 645 1221 christiano
668 1182 948 1221 MCCCCOX11'5.
1008 1183 1166 1220 Relicta
1190 1182 1360 1220 Colonia
1383 1181 1624 1232 Ortvinique
1653 1182 1747 1219 olim
1770 1182 1846 1219 sibi
1868 1183 1981 1220 fami-

265 1239 467 1277 liarissimi
498 1239 673 1276 amicitia
703 1253 848 1285 „anno
875 1239 994 1276 1514.
1019 1238 1240 1289 (Herzogio
1262 1237 1381 1287 teste)
1406 1238 1607 1276 Basileam
1636 1238 1766 1284 venit,
1798 1239 1978 1285 Erasmo,

266 1294 418 1332 Budaeo
450 1301 571 1345 atque
593 1295 710 1332 Zasio
742 1295 1078 1333 familiarissimus
1110 1295 1285 1340 evasit“,
1320 1300 1440 1344 atque
1462 1295 1568 1337 inter
1590 1294 1802 1332 alacriores
1824 1295 1980 1332 Reueh-

265 1351 423 1388 linistas
463 1364 611 1388 nomen
650 1364 766 1389 suum
803 1352 1006 1401 professus
1046 1349 1144 1399 estf’·
1187 1364 1318 1389 aciem
1347 1350 1668 1388 Reuchlinistam
1706 1351 1981 1400 cognoscimus

267 1407 387 1445 etiam
417 1420 466 1444 ex
497 1407 594 1457 ipsis
618 1406 666 1446 O.
686 1407 734 1444 V.
754 1406 861 1457 epp.⁷
865 1437 873 1453 ,
916 1413 955 1445 et
986 1421 1094 1444 nunc
1125 1405 1310 1457 quoque‘3
1340 1406 1412 1444 sub
1446 1405 1669 1444 Gloriciani
1699 1420 1729 1446 s.
1755 1406 1862 1444 Outii
1885 1406 1980 1445 Glo-

266 1463 409 1501 riciani
440 1463 622 1509 nomine,
657 1476 735 1513 quo
766 1463 893 1500 utitur
924 1463 1253 1501 cavillabundum
1285 1462 1459 1501 edictum
1492 1462 1664 1500 ‘Contra
1695 1463 1982 1501 sentimentum

267 1517 587 1557 Parrhisiense⁹
589 1548 598 1566 ,
624 1518 873 1557 Glareanum
893 1519 1019 1557 latere
1040 1526 1150 1570 puto.
1208 1519 1330 1556 Anno
1356 1519 1475 1556 1518.
1498 1519 1554 1556 sic
1574 1518 1714 1556 laudat
1736 1532 1827 1556 eum
1849 1518 1979 1570 Chph.

268 1574 454 1613 Crassus:
488 1576 818 1626 „communiceps
849 1584 1004 1621 noster,
1037 1576 1098 1612 vir
1130 1575 1270 1613 doctus
1291 1575 1408 1612 simul
1431 1580 1469 1612 et
1492 1575 1683 1625 diligens,
1718 1587 1880 1625 quoque
1900 1588 1979 1613 me-

263 1631 406 1668 liorem
443 1632 647 1669 neminem
685 1631 851 1677 dixeris,
901 1632 932 1669 is
971 1631 1191 1682 aliquando
1230 1631 1326 1668 mihi
1366 1630 1604 1681 discipulus,
1653 1644 1762 1669 nunc
1796 1631 1981 1669 laborum

264 1687 416 1733 socius,
459 1687 562 1725 nihil
592 1700 752 1738 prorsus
783 1688 825 1725 in
854 1687 1062 1726 literarum
1091 1687 1235 1725 studiis
1267 1700 1399 1738 operae
1430 1687 1472 1724 in
1494 1687 1722 1725 Viennensi
1742 1686 1888 1738 Lycaeo
1920 1688 1979 1725 in-

264 1741 533 1781 termittit“¹⁰.
593 1744 738 1790 „Dein
763 1741 981 1794 (Herzogii
1010 1743 1133 1782 verba
1164 1742 1282 1793 sunt)
1314 1757 1349 1781 a.
1371 1743 1489 1781 1521.
1508 1743 1711 1781 Lutetiam
1742 1743 1817 1780 fuit
1848 1744 1979 1794 profe-

265 1796 403 1845 ctus¹¹,
437 1798 507 1836 ubi
538 1812 610 1849 per
639 1800 878 1846 triennium,
913 1801 1017 1850 regis
1048 1800 1251 1851 stipendio
1284 1812 1396 1846 usus,
1434 1799 1697 1837 substitit...
1747 1799 1981 1838 Eruditioni

267 1854 462 1894 Glareani
493 1856 646 1893 eximiae
679 1857 845 1894 accessit
875 1856 968 1893 vitae
996 1856 1208 1906 integritas
1235 1862 1273 1894 et
1293 1855 1511 1906 singularis
1533 1856 1746 1901 modestia,
1781 1856 1849 1906 qui
1871 1856 1978 1907 prin-

264 1911 398 1962 cipum
429 1911 562 1957 aulas,
596 1912 638 1949 in
670 1925 768 1962 quas
799 1925 905 1963 saepe
938 1912 1014 1949 fuit
1044 1913 1257 1958 invitatus,
1292 1911 1543 1958 fastidiebat,
1575 1911 1692 1949 bonis
1713 1912 1840 1949 literis
1862 1913 1979 1951 unice

263 1981 306 2006 se
345 1972 482 2005 natum
525 1968 772 2006 existimans.
821 1969 1208 2019 temperantissimus
1251 1968 1327 2005 fuit
1357 1969 1399 2005 in
1430 1968 1551 2007 victu.
1697 1968 1861 2006 Lutetia
1891 1982 1979 2006 cum

263 2023 466 2061 Basileam
496 2022 729 2071 rediisset¹²‚
763 2025 804 2061 in
834 2024 1104 2075 professorum
1133 2038 1343 2062 numerum
1371 2024 1552 2062 adlectus
1581 2031 1619 2062 et
1647 2024 1979 2075 philosophorum

265 2079 397 2118 ordini
428 2079 504 2117 fuit
534 2080 760 2131 adscriptus
792 2081 990 2131 poeticam
1021 2082 1226 2131 praecipue
1257 2086 1296 2118 et
1326 2080 1544 2127 mathesin,
1584 2094 1703 2131 quam
1734 2086 1978 2119 restaurasse

265 2136 429 2182 dicitur,
460 2135 620 2186 publice
637 2137 856 2187 professus.
907 2136 1161 2175 Oeconomus
1184 2150 1344 2188 quoque
1366 2137 1407 2173 in
1430 2137 1600 2187 collegio
1624 2137 1701 2174 fuit
1722 2137 1975 2184 constitutus,

263 2191 332 2230 ubi
361 2191 521 2242 publice
551 2192 819 2243 privatimque
859 2193 1041 2231 docendo
1075 2193 1124 2231 de
1156 2194 1366 2231 iuventute
1398 2193 1582 2243 pulchre,
1624 2194 1701 2231 imo
1734 2193 1882 2243 optime
1920 2200 1979 2232 est

263 2248 440 2285 meritus.
506 2249 760 2287 Decanatum
791 2250 912 2287 etiam
943 2249 1086 2300 philos.
1110 2250 1234 2299 gessit
1263 2263 1297 2288 a.
1323 2250 1443 2286 1526.
1507 2249 1679 2287 Basileae
1712 2250 1832 2287 etiam
1864 2249 1979 2288 duxit

263 2304 470 2341 uxorem.“
503 2333 511 2341 .
532 2334 540 2341 .
560 2334 595 2341 ..
636 2304 717 2342 Sed
748 2305 855 2343 facta
885 2306 1055 2343 Basileae
1090 2306 1299 2356 religionis
1330 2305 1551 2343 mutatione
1575 2319 1609 2342 a.
1629 2306 1748 2343 1529.
1772 2319 1860 2343 cum
1888 2306 1977 2344 aliis

262 2359 507 2410 Friburgum
527 2360 721 2411 Brisgoiae
753 2359 1066 2411 commigravit¹²
1098 2391 1106 2398 .
1127 2390 1162 2398 ..
1196 2367 1234 2399 et
1261 2361 1494 2399 historicam
1523 2367 1642 2412 atque
1666 2362 1865 2412 poeticam
1885 2376 1975 2413 pro-

352 2489 385 2527 2)
404 2488 439 2520 C.
457 2488 578 2528 Kraffl
594 2487 631 2518 in
651 2488 780 2519 leclzr.
795 2488 824 2529 f.
842 2498 975 2529 preuss.
996 2488 1111 2520 Gesch.
1129 2499 1190 2520 von
1208 2489 1343 2520 Hassel.
1361 2490 1393 2520 5.
1407 2489 1525 2529 dalem.
1552 2489 1646 2521 Berl.
1667 2489 1764 2521 1868.
1783 2489 1829 2521 80.
1849 2500 1883 2531 p.
1897 2490 1975 2522 483.

352 2542 386 2582 3)
405 2542 535 2575 Adami
553 2553 597 2574 ea
615 2544 726 2575 verba
745 2546 839 2575 sunt.
938 2543 973 2584 4)
994 2553 1098 2585 quam
1117 2543 1261 2575 Floram
1278 2544 1355 2585 ipse
1375 2544 1578 2576 Glareanus
1599 2556 1631 2577 a.
1652 2546 1749 2578 1554.
1767 2545 1883 2578 denuo
1904 2546 1976 2578 edi-

353 2598 418 2633 dit.
523 2599 556 2638 5)
578 2598 638 2631 Sic
656 2600 832 2631 Krafftius
850 2602 923 2631 not.
943 2601 974 2630 2.
995 2600 1057 2633 cit.
1161 2600 1195 2640 6)
1214 2601 1315 2634 Hutt.
1336 2600 1428 2642 Opp.
1447 2601 1475 2632 Ι.
1495 2612 1527 2642 p.
1550 2599 1658 2632 13120.
1693 2601 1739 2633 cf.
1761 2601 1870 2633 etiam
1889 2601 1975 2633 Gla-

351 2653 452 2685 reani
479 2654 654 2696 epistolas
672 2665 781 2696 supra
799 2666 831 2696 p.
851 2657 924 2687 129.
945 2656 1018 2686 141.
1038 2656 1074 2686 in
1093 2655 1222 2697 Consp.
1240 2656 1397 2688 chronol.
1417 2655 1613 2687 indicatas.
1723 2656 1754 2696 7)
1775 2657 1821 2688 cf.
1841 2668 1874 2699 p.
1895 2658 1970 2690 ⁶248.

352 2719 431 2740 cum
449 2720 481 2750 p.
503 2712 554 2741 73.
648 2710 682 2751 8)
703 2710 758 2746 Cf,
778 2711 875 2742 infra.
894 2711 1028 2743 Comm.
1048 2707 1092 2742 ad
1111 2713 1201 2753 Epp.
1222 2711 1263 2743 O.
1280 2713 1321 2743 V.
1340 2723 1371 2753 p.
1389 2710 1499 2744 24812.
1599 2711 1632 2752 9)
1651 2712 1796 2753 repetit.
1816 2713 1852 2743 in
1871 2713 1974 2744 Hutr.

351 2763 441 2805 Opp.
460 2764 519 2796 VI.
537 2776 569 2806 p.
589 2767 664 2800 318.
682 2776 758 2808 sqq.
873 2767 926 2807 10)
948 2768 1053 2799 Denis
1073 2767 1191 2799 PVz'ens
1208 2767 1564 2809 Bachslruckeryesclz.
1585 2778 1617 2808 p.
1639 2768 1711 2800 186.
1827 2768 1881 2807 11)
1902 2769 1974 2800 Sed

351 2819 423 2850 iam
447 2830 478 2850 a.
499 2822 593 2853 1517.
609 2821 663 2863 (5³)
683 2823 888 2854 Nuenarius
915 2823 953 2855 ‘a
973 2823 1155 2855 Glareano
1181 2834 1198 2855 e
1217 2823 1349 2855 Galliis
1376 2834 1482 2864 nuper
1505 2823 1632 2854 literas
1657 2821 1833 2864 accepit'.
1872 2824 1973 2856 Hutt.

351 2873 442 2915 Opp.
459 2875 485 2905 I.
504 2885 537 2916 p.
558 2876 650 2908 1495.
745 2878 798 2916 12)
818 2878 905 2909 Cum
924 2879 1097 2920 Friburgi
1122 2880 1306 2920 professor
1329 2884 1429 2912 esset
1448 2879 1668 2918 Glareanus,
1694 2878 1785 2910 liber
1809 2879 1896 2911 baro
1919 2879 1973 2910 Si-

350 2930 451 2971 gism.
470 2931 507 2961 in
531 2931 769 2964 Herberstein
792 2933 1052 2966 Defensionem
1075 2935 1210 2966 iniuste
1235 2934 1453 2974 delatorum,
1478 2945 1557 2976 quae
1577 2934 1800 2966 Vindobonae
1824 2944 1852 2966 S.
1872 2945 1904 2966 a.
1924 2935 1969 2969 4⁰,

349 2984 499 3026 prodiit,
528 2985 581 3017 illi
603 2986 799 3020 dedicavit.
827 2989 872 3019 cf.
893 2990 996 3020 Dem's
1017 2988 1040 3022 l.
1058 2999 1086 3020 c.
1107 3001 1139 3031 p.
1156 2992 1230 3022 672.
1272 2992 1318 3021 Et
1341 2991 1418 3032 ipse
1446 2990 1647 3023 Glareanus
1673 2991 1711 3021 in
1737 2990 1970 3022 dedicatione

351 3050 423 3072 suae
449 3041 624 3082 Epitomae
658 3042 699 3074 de
731 3054 792 3075 sex
825 3045 1063 3076 arithmeticae
1096 3047 1270 3086 practicae
1304 3046 1514 3087 speciebus,
1548 3056 1626 3087 quae
1653 3045 1805 3080 vindob.
1826 3056 1854 3078 s.
1873 3056 1904 3078 a.
1924 3046 1970 3079 8⁰.
