2119 3522
771 217 913 239 URSINVS
939 232 945 238 .
971 216 1197 239 VADEMECVM.
1743 197 1840 241 493

150 327 184 371 6)
202 329 245 360 D.
265 330 341 360 243.
442 327 528 359 Mai.
552 330 647 361 1524.
754 353 760 360 .
778 355 784 359 .
803 355 808 360 .
830 329 957 361 Oratio
975 330 1169 362 Dominica
1194 329 1231 360 in
1255 338 1381 360 uersus
1405 328 1584 360 adstricta
1606 317 1648 361 C.
1662 328 1704 360 V.
1720 328 1761 359 V.
1781 338 1842 359 au-

751 384 867 416 thore.
904 386 1024 416 Aurea
1048 383 1219 415 Carmina
1237 384 1455 426 Pythagoraa
1480 394 1607 426 graece.
1645 394 1687 415 ac
1712 383 1842 416 deinde

751 438 872 471 latina
891 439 1014 472 eodem
1029 439 1160 471 Vrsino
1177 439 1386 481 interprete.
1412 439 1537 473 Eiusd.
1552 439 1720 482 Epistola
1735 439 1779 470 ad
1798 439 1841 470 D.

751 493 908 526 Erasmfi
931 494 1245 527 Rhoterodamum.
1294 495 1416 527 Eiusd.
1437 496 1539 527 varia
1557 496 1842 537 Epigrammata.

149 551 184 593 7)
202 552 245 583 D.
265 553 342 584 252.
412 552 443 582 6.
462 551 572 583 Mart.
592 551 689 581 1525.
751 551 807 582 De
833 549 991 582 mirabili
1008 550 1174 582 Victoria
1194 549 1484 582 Caesarianorum
1510 550 1686 582 aduersus
1704 549 1840 590 Gallos,

753 616 796 637 ac
815 630 822 637 .
837 630 845 639 .
866 605 976 647 Regis
1003 605 1232 646 captiuitate.
1259 605 1299 639 C.
1312 606 1355 638 V.
1369 606 1410 640 V.
1428 605 1516 638 Ode.
1567 606 1690 638 Eiusd.
1709 606 1746 637 in
1763 606 1840 638 lau-

752 661 831 694 dem
863 661 939 693 diui
965 660 1121 692 Caesaris
1146 661 1387 694 Maximiliani
1417 664 1454 694 et
1478 662 1631 694 Henrici
1649 662 1746 696 VIII.
1764 662 1842 693 Bri·

752 717 888 748 tanniae
905 716 1017 758 Regis
1036 715 1201 748 Carmen.

145 773 180 816 8)
199 775 242 807 D.
262 775 336 806 256.
377 775 408 805 1.
427 773 500 807 kal.
519 774 605 815 Apr.
627 773 723 806 1526.
751 772 867 803 Nenia
894 798 901 803 .
922 797 929 804 .
950 797 956 803 .
983 772 1110 803 Mariae
1143 772 1296 813 Reginae
1325 774 1542 813 Pannonio&
1573 772 1617 804 de
1649 773 1749 805 obitu
1776 799 1782 804 .
1805 798 1810 804 .
1832 797 1838 803 .

749 827 975 859 Elisabethae
1014 827 1166 869 Reginae
1205 828 1390 859 Danorum
1420 854 1427 860 .
1448 854 1454 860 .
1489 828 1529 861 C.
1551 829 1591 859 V.
1614 829 1655 861 V.
1678 829 1840 860 authore.

750 883 923 914 Eiusdem
948 883 995 915 ad
1019 883 1195 915 Diuersos
1221 883 1368 916 diuersa
1393 885 1682 925 Epigrammata.

145 939 179 984 9)
197 942 241 973 D.
261 942 335 974 346.
462 940 627 981 (1526.‘?)
749 938 877 979 Elegia
895 938 940 970 ad
959 938 1164 971 Germaniae
1182 939 1385 981 Principes,
1406 939 1504 981 (post
1516 938 1732 981 Cuspiniani
1749 942 1839 972 orat.

750 994 939 1036 protrept.)

125 1051 179 1096 10)
197 1054 241 1085 D.
260 1054 337 1086 348.
363 1056 393 1087 3.
412 1053 608 1085 Nou.Nov.
626 1053 723 1084 1527.
751 1050 954 1092 Casers.
968 1050 1045 1083 Vel.
1060 1051 1188 1083 Oratio
1217 1051 1345 1083 habita
1373 1051 1410 1083 in
1439 1050 1532 1083 Alba
1561 1051 1693 1092 Regali
1722 1051 1777 1082 die
1805 1077 1811 1083 .
1832 1077 1839 1083 .

750 1107 997 1139 coronationis
1023 1132 1028 1138 .
1047 1132 1053 1138 .
1078 1107 1297 1139 Ferdinandi
1315 1108 1475 1149 Vngarie
1492 1106 1702 1149 Bohemieq3
1721 1107 1841 1148 Regis.

124 1164 178 1208 11)
198 1165 240 1196 D.
260 1166 336 1197 267.
493 1166 588 1198 1528,
750 1163 986 1204 Epigramma
1011 1162 1121 1206 Casp.
1135 1164 1259 1197 Vrsini
1275 1163 1371 1197 Velii
1396 1163 1435 1203 (7
1460 1162 1634 1203 disticha,
1666 1166 1747 1204 post
1769 1163 1840 1195 Ioa.

102 1216 105 1217 ’
372 1249 376 1251 ,
748 1218 859 1251 Fabri
886 1218 1111 1261 Sermones).

124 1274 178 1318 12)
198 1277 240 1308 D.
259 1277 335 1309 269.
430 1276 537 1309 Mart.
559 1275 655 1307 1528.
838 1274 1065 1307 Monosticha
1093 1276 1231 1317 Regum
1260 1275 1396 1316 Italiae,
1430 1275 1672 1315 Albanorum,
1708 1275 1841 1307 Roma-

751 1329 840 1362 nort'i
873 1333 907 1361 et
938 1331 1095 1363 virorum
1125 1331 1340 1372 illustrium,
1373 1334 1447 1363 tum
1474 1331 1660 1363 Caesarum
1688 1339 1771 1371 vsq3
1797 1330 1841 1361 ad

748 1389 908 1418 nostram
931 1390 1090 1419 aetatem.
1138 1387 1370 1420 Monosticha
1393 1397 1609 1419 summorum
1627 1386 1840 1418 Pontificum

750 1443 852 1475 Rom.
872 1453 893 1473 a
912 1442 1021 1474 Petro
1040 1453 1121 1484 usq3
1141 1444 1185 1475 ad
1205 1443 1428 1475 Clementem
1449 1443 1658 1484 Septimum.
1686 1442 1725 1474 C.
1740 1443 1781 1476 V.
1797 1443 1840 1474 V.

748 1499 919 1531 Authore.
968 1499 1092 1533 Eiusd.
1111 1499 1266 1531 Carmen
1285 1499 1331 1531 ad
1350 1499 1547 1530 Adrianum
1567 1499 1712 1529 Sextum
1731 1499 1770 1530 P.
1790 1499 1838 1529 M.

748 1554 931 1586 Adiuneta
964 1558 1047 1586 sunt
1080 1558 1255 1597 praeterea
1284 1556 1556 1597 Epigrammata
1589 1554 1752 1595 quaedam
1783 1564 1840 1603 sq·

746 1611 909 1643 lectiora.

125 1668 178 1711 13)
197 1668 237 1701 D.
260 1669 334 1701 353.
384 1667 459 1709 (20.
478 1666 559 1699 Oct.
582 1667 701 1708 1528.)
750 1667 919 1699 Disticha
937 1667 1122 1699 Caesarum
1140 1669 1383 1700 Romanorum
1410 1678 1431 1698 a
1455 1666 1548 1699 Iulio
1566 1667 1760 1698 Dictatore
1786 1676 1842 1698 us-

748 1733 818 1764 que
852 1723 899 1754 ad
924 1726 1083 1755 nostram
1108 1723 1330 1759 memoriam.
1380 1724 1543 1765 Gaspare
1567 1723 1697 1757 Vrsino
1721 1722 1838 1762 Velio,

749 1779 864 1821 Regio
889 1777 1094 1821 HistoricQ
1123 1779 1287 1811 authore.
1336 1792 1343 1798 ·

122 1836 177 1879 14)
195 1837 238 1868 D.
259 1838 333 1868 396.
497 1838 592 1870 1539.
747 1834 922 1877 Gasparis
941 1836 1062 1867 Vrsini
1080 1835 1176 1868 Velii
1202 1835 1371 1876 Epistola
1401 1836 1446 1868 ad
1470 1837 1649 1868 Lazarum
1674 1835 1840 1866 Bonami-

748 1902 838 1926 cum.
879 1892 1014 1923 Lazari
1041 1892 1230 1923 Bonamici
1256 1892 1500 1934 Responsum,
1531 1891 1617 1922 item
1643 1890 1817 1923 carmine.

122 1948 178 1990 15)
197 1949 239 1980 D.
259 1949 334 1980 612.
496 1949 592 1980 1560.
746 1947 918 1989 Casparis
937 1948 1059 1980 Vrsini
1084 1948 1180 1979 Velii
1203 1948 1328 1979 Poetae
1355 1951 1391 1980 et
1412 1947 1709 1988 Historiographi
1732 1946 1839 1987 Regii

748 2003 955 2049 Leopoldus
985 2014 1051 2036 seu
1075 2004 1187 2035 Paean
1211 2005 1248 2034 in
1274 2004 1406 2035 Diuum
1432 2002 1656 2045 Leopoldum
1682 2002 1839 2033 Austriae

747 2060 955 2101 Principem
982 2063 1019 2092 et
1043 2059 1202 2091 tutelare
1228 2070 1371 2092 numen.
1400 2058 1498 2101 (post
1522 2059 1598 2092 Viti
1622 2058 1782 2090 Iacobaei
1808 2081 1839 2089 ..

751 2116 794 2148 de
820 2117 915 2148 Diuo
940 2115 1125 2158 Leopoldo
1150 2140 1179 2148 ..
1203 2115 1496 2157 Panegyricum.)

122 2193 436 2234 VADEMECVM.
482 2195 564 2234 Sub
586 2196 662 2233 hoc
683 2195 855 2234 barbaro
884 2197 1048 2234 nomine
1071 2196 1320 2234 diversarum
1344 2196 1617 2233 doctrinarum
1639 2195 1840 2232 elementa

120 2253 329 2291 tradentes
367 2253 461 2290 libri
502 2253 755 2302 prodierunt.
779 2253 847 2303 qui
878 2266 912 2298 p.
929 2252 1016 2287 224⁹
1039 2259 1077 2290 et
1090 2250 1202 2288 ,25820
1232 2257 1495 2298 memoratur,
1539 2257 1677 2302 aperte
1710 2265 1838 2301 gram-

121 2310 288 2346 maticus
320 2302 398 2346 fuit
428 2309 495 2347 vel
526 2322 675 2359 parvus
706 2308 1008 2356 vocabularius,
1050 2322 1168 2359 quem
1199 2314 1334 2346 tamen
1365 2309 1451 2359 ipse
1483 2321 1566 2345 non
1597 2307 1725 2345 solum
1757 2320 1838 2344 11011

121 2365 224 2412 vidi,
265 2365 337 2403 sed
377 2379 428 2403 ne
465 2370 726 2402 memoratum
759 2364 923 2416 quidem
962 2365 1127 2403 inve-nio
1160 2364 1209 2401 ab
1249 2365 1352 2403 aliis.
1376 2365 1487 2402 cuius
1528 2364 1670 2401 farinae
1702 2363 1836 2409 fuerit,

120 2423 216 2459 satis
248 2435 297 2459 ex
318 2435 399 2459 uno
431 2422 615 2472 exemplo
638 2421 735 2459 inde
759 2422 970 2472 desumpto
996 2419 1047 2471 (p.
1066 2419 1216 2470 224²···‘⁴)
1250 2427 1375 2472 patet.
1430 2420 1580 2459 Similis
1611 2419 1839 2470 argumenti

121 2483 215 2515 sunt
244 2478 493 2515 Exercitium
522 2491 750 2528 puerorum,
786 2477 1098 2516 Grammatellus
1129 2490 1202 2528 pro
1234 2477 1427 2515 iuvenum
1459 2476 1708 2522 eruditione,
1741 2475 1837 2512 Par-

121 2533 304 2571 vulorum
334 2534 546 2580 institutio,
580 2535 782 2571 Dominus
813 2547 903 2584 quae
933 2548 1037 2585 pars,
1071 2534 1126 2571 Es
1150 2540 1192 2570 tu
1224 2533 1402 2579 scolaris,
1433 2533 1577 2582 Pappa
1608 2544 1835 2581 puerorum,

121 2589 264 2627 breves
294 2589 544 2628 vocabularii
574 2603 605 2627 s.
627 2590 887 2628 vocabulistae
926 2596 965 2627 et
1002 2590 1205 2627 innumeri
1237 2590 1317 2627 alii.
1341 2590 1373 2626 is
1404 2587 1680 2626 Vademecum
1718 2599 1838 2637 quem

120 2645 207 2683 Ioa.
232 2643 451 2683 Cerdonis¹
482 2651 724 2684 testamento
755 2646 931 2697 reliquit,
965 2659 1053 2683 eum
1084 2651 1180 2696 post
1202 2644 1417 2683 Sermones
1441 2642 1652 2693 discipuli2
1683 2643 1837 2693 positus

120 2702 293 2751 legatur,
327 2701 497 2739 fortasse
527 2702 789 2752 theologicus,
822 2715 905 2739 non
928 2702 1211 2752 grammaticus
1241 2701 1403 2738 libellus
1436 2700 1530 2737 fuit:
1562 2698 1837 2749 Norimbergae

123 2773 158 2797 a.
184 2758 304 2796 1507.
327 2758 386 2795 4⁰.
408 2757 560 2808 prodiit
592 2758 898 2796 ‘Vademecum.
920 2758 1085 2795 Missale
1125 2757 1411 2795 Itinerantium
1448 2769 1519 2793 scu
1558 2755 1681 2792 Misse
1718 2768 1837 2805 pecu-

122 2814 243 2851 liares
273 2813 393 2851 valde
416 2813 596 2851 deuote‘.
644 2813 950 2864 Quasidoctoris
971 2813 1145 2850 Antonii
1165 2813 1216 2850 N.
1242 2813 1534 2851 ‘Vademecum
1553 2812 1595 2849 in
1617 2810 1836 2849 medicina'

124 2868 176 2919 (p.
192 2867 286 2920 63²⁵)
319 2869 423 2908 liber
453 2869 616 2920 quidem
646 2883 729 2907 non
760 2870 854 2917 suit,
888 2870 960 2907 sed
992 2882 1112 2920 capsa
1143 2882 1193 2907 ex
1223 2868 1365 2907 eadem
1395 2881 1535 2915 causa,
1568 2880 1657 2918 quae
1688 2866 1837 2904 libellis

123 2939 271 2964 nomen
303 2926 411 2973 fecit,
444 2927 501 2964 sic
531 2926 749 2977 appellata.
796 2925 1014 2976 Hodieque
1045 2926 1122 2963 ista
1143 2926 1353 2976 inscriptio
1378 2925 1704 2971 ‘Vademecum’‚
1739 2936 1836 2974 prae-

215 3036 248 3078 1)
264 3037 367 3068 Hutt.
386 3036 478 3079 Opp.
496 3036 556 3072 VI.
573 3047 608 3078 p.
625 3037 690 3068 457
700 3035 737 3068 ²⁵.
857 3037 892 3077 2)
913 3036 959 3069 cf.
979 3045 1084 3078 supra
1102 3046 1134 3078 p.
1153 3037 1229 3068 390.
1251 3039 1317 3069 art.
1337 3035 1476 3068 Herolt.
