2119 3522
513 205 806 228 AESTICAMPIANVS
832 221 837 227 .
854 221 858 227 .
876 221 881 228 .
908 206 1115 228 ALEXANDER
1139 207 1184 227 DE
1208 205 1315 228 VILLA
1340 207 1409 227 DEI.
1716 189 1809 233 297

101 328 337 358 ALBERTVS
370 328 574 367 MAGNVS,
610 320 768 359 Gallice
796 323 996 368 Maubert,
1028 323 1171 359 Auberl
1198 325 1233 358 le
1258 325 1401 370 yr'ansl,
1439 323 1575 360 ‘unice
1606 321 1810 372 magnus¹,

99 377 295 426 Lauingae
323 390 374 414 ex
395 377 613 415 clarissima
634 377 965 415 Bolstatiensium
986 379 1174 415 comitum
1195 379 1384 428 prosapia
1406 384 1522 416 natus
1547 376 1672 427 (anno
1693 379 1811 416 1193.

101 438 170 470 aut
193 431 388 480 1205.?)‚
422 438 637 483 postquam
656 433 896 471 adulescens
918 434 1063 472 Patavi
1086 434 1289 472 studiosus
1310 434 1547 485 Philosophi
1570 448 1716 473 nomen
1738 434 1813 472 sibi

100 494 312 535 meruerat,
337 502 444 527 anno
466 490 584 527 1223.
603 488 910 539 praedicatorum
933 490 1114 527 ordinem
1135 504 1166 527 s.
1184 491 1387 528 Dominici
1407 491 1611 541 ingressus
1633 497 1704 528 est.
1739 490 1812 529 Oo-

99 545 251 582 loniam
273 546 443 595 primum
463 558 497 584 a.
518 545 636 584 1228.
655 545 769 583 venit
789 545 927 596 ibique
948 559 1075 596 usque
1094 546 1142 584 ad
1163 560 1197 583 a.
1214 547 1334 584 1233.
1368 547 1671 585 Sententiarum
1690 547 1813 584 libros

99 602 218 651 legit,
254 602 480 651 iterumque
503 598 610 651 (post
637 603 770 639 varias
797 601 945 639 similes
966 603 1182 648 stationes,
1215 602 1535 649 Hildesiensem,
1567 603 1812 654 Friburgen-

99 671 200 703 sem,
234 656 639 708 Argentoratensem,
673 656 1029 708 Ratisponensem)
1064 658 1113 695 ab
1144 672 1179 695 a.
1205 658 1344 703 1240..
1379 659 1447 696 ubi
1468 659 1666 698 Thomam
1686 658 1812 710 Aqui-

100 719 235 751 uatem
268 712 507 764 discipulum
537 713 681 751 habuit
701 727 737 750 a.
762 714 903 760 1244.,
945 727 1117 764 quocum
1148 728 1255 752 anno
1287 720 1377 764 post
1407 715 1583 753 Parisios
1615 716 1811 766 migravit,

100 770 141 807 in
164 782 243 820 qua
263 770 383 815 urbe,
414 775 457 806 ut
479 769 731 815 fabulantur,
766 775 930 819 propter
951 770 1115 806 nimiam
1137 770 1365 807 auditorum
1387 772 1656 821 frequentiam
1676 772 1812 809 lectio-

100 838 171 863 nes
202 826 245 862 in
274 825 436 876 publico
468 825 576 871 1000,
618 825 714 862 inde
748 825 902 875 ‘platea
935 823 1144 875 (Magistri
1175 840 1204 862 s.
1228 826 1395 875 Magni)
1425 826 1602 873 Alberti,
1634 830 1671 863 la
1699 831 1814 874 place

101 881 302 918 MAubert'
337 881 463 926 dicto,
496 881 648 918 habere
671 887 832 919 coactus
855 881 943 919 fuit.
992 882 1153 919 tertium
1178 881 1389 919 Coloniam
1412 897 1447 920 a.
1476 883 1593 921 1248.
1618 896 1812 929 reversus,

100 937 315 987 theologiae
348 937 486 975 doctor
517 937 663 984 factus,
699 938 918 975 conventui
951 938 1104 976 ordinis
1135 938 1197 975 sui
1219 938 1380 988 praefuit
1401 952 1528 989 usque
1550 939 1601 977 ad
1624 954 1659 977 a.
1682 940 1812 983 1254.,

99 1007 178 1044 quo
218 1007 324 1031 anno
360 993 629 1031 Provincialis
664 993 1025 1031 Dominicanorum
1058 994 1389 1032 Germanicorum
1430 995 1581 1033 electus
1622 1001 1694 1033 est.
1743 996 1815 1033 sed

99 1063 249 1101 paucos
290 1063 419 1088 annos
458 1064 481 1087 a
513 1049 684 1088 Colonia
721 1050 843 1097 afuit,
884 1064 1015 1101 neque
1056 1065 1144 1088 cum
1183 1065 1216 1089 a.
1246 1051 1363 1089 1260.
1388 1052 1599 1102 episcopus
1630 1052 1813 1102 Ratispo-

100 1107 237 1144 nensis
270 1106 398 1144 factus
431 1112 552 1152 esset,
587 1107 692 1144 ultra
722 1107 959 1152 triennium,
994 1113 1085 1157 post
1116 1107 1223 1157 qnod
1255 1107 1310 1145 ibi
1334 1107 1477 1146 docere
1499 1107 1815 1158 muneribusque

101 1162 399 1209 ecclesiasticis,
433 1175 522 1213 quae
552 1168 688 1201 tamen
720 1177 801 1200 non
834 1163 946 1201 nulla
978 1164 1098 1201 etiam
1127 1163 1356 1213 longiorum
1386 1164 1576 1202 itinerum
1606 1164 1814 1203 faciendo-

100 1232 188 1257 rum
218 1219 500 1257 necessitatem
532 1219 568 1257 ei
599 1219 896 1268 imposuerunt,
931 1219 1114 1258 omnibus
1144 1220 1297 1257 viribus
1319 1221 1436 1269 fungi
1457 1222 1654 1271 perrexit,
1689 1234 1815 1271 usque

101 1275 197 1313 dum
227 1281 449 1313 moreretur
481 1275 519 1312 d.
545 1275 608 1314 15.
630 1275 735 1314 Nov.
760 1290 795 1315 a.
823 1276 941 1314 1280.
1002 1276 1065 1314 De
1096 1276 1262 1326 ingenio
1295 1277 1527 1327 meritisque
1558 1277 1652 1323 viri,
1693 1290 1815 1327 supra

100 1337 286 1370 naturam
323 1331 494 1381 insignis
532 1345 578 1369 ac
608 1332 778 1378 mirifici,
820 1333 853 1369 si
885 1332 1138 1370 crederemus
1175 1334 1410 1375 commentis
1440 1333 1813 1379 Dominicanorum,

45 1393 48 1396 ⁴
99 1388 234 1425 verius
266 1400 386 1438 quam
412 1387 603 1425 blandius
632 1402 763 1438 nuper
784 1394 1015 1439 competens
1038 1389 1160 1426 iudex
1181 1388 1495 1439 pronuntiavit².
1556 1390 1620 1427 De
1641 1390 1725 1427 vita
1745 1389 1814 1426 Al-

98 1444 204 1482 berti
234 1445 485 1495 scripserunt
514 1442 663 1482 multi3.
697 1458 747 1482 ex
776 1446 953 1495 scriptis,
988 1458 1076 1495 quae
1108 1458 1190 1482 non
1221 1445 1355 1483 omnia
1375 1445 1520 1483 Petrus
1543 1446 1708 1497 Jammy
1731 1445 1814 1483 ord.

100 1500 350 1551 praedicator.
379 1500 572 1551 Lugduni
603 1515 639 1538 a.
665 1502 786 1538 1651.
817 1502 933 1539 tomis
964 1501 1084 1539 XXI.
1115 1501 1204 1539 f010.
1235 1499 1405 1548 edidit⁴‚
1454 1501 1519 1539 hic
1557 1502 1814 1540 memoranda

99 1557 292 1595 videntur
323 1557 473 1595 diversi
511 1557 553 1594 in
584 1556 845 1596 Aristotelem
877 1558 1170 1604 commentarii,
1213 1557 1277 1595 De
1307 1557 1660 1604 Praedicabilibus,
1697 1559 1761 1596 De
1791 1573 1816 1595 X

98 1613 442 1664 praedicamentis,
474 1613 538 1651 De
569 1627 641 1651 sex
670 1614 879 1664 principiis
902 1613 1077 1652 Gilberti
1102 1614 1351 1660 Porretonii,
1393 1614 1606 1653 Sermones
1640 1615 1689 1652 de
1720 1620 1816 1653 tem-

99 1683 215 1721 pore,
252 1669 539 1708 Commentarii
570 1671 611 1707 in
641 1670 765 1708 libros
789 1670 1110 1717 Sententiarum,
1147 1671 1309 1709 Summa
1333 1671 1539 1709 catholicae
1560 1671 1655 1709 fidei
1677 1677 1817 1709 contra

100 1727 285 1777 gentiles.
328 1726 422 1764 vide
454 1727 571 1777 plura
602 1727 711 1777 apud
741 1725 1079 1778 bibliographos?
1129 1727 1178 1765 de
1211 1728 1258 1765 iis
1289 1741 1377 1777 quae
1409 1728 1460 1765 ad
1491 1728 1664 1778 logicam
1695 1729 1815 1779 perti-

100 1788 216 1829 nent,
252 1783 480 1821 doctissime
509 1788 654 1821 tractat
684 1781 859 1821 Prantlfi.

192 1860 223 1898 1)
244 1860 345 1892 Hutt.
365 1859 455 1901 Opp.
474 1860 501 1894 I.
522 1871 554 1901 p.
576 1861 650 1893 178.
765 1861 802 1901 2)
821 1862 945 1893 Prantl
964 1861 1079 1893 Geseh.
1100 1863 1132 1892 d.
1151 1861 1261 1903 Logilc
1277 1861 1342 1893 111.
1364 1873 1396 1903 p.
1416 1861 1469 1893 89.
1486 1872 1561 1903 sqq,
1611 1862 1738 1895 ..Auclz
1761 1863 1816 1893 ΑΙ-

190 1916 302 1948 bertus
325 1916 471 1958 Magnus
496 1915 587 1957 (θεῖ).
607 1918 712 1954 1193,
734 1923 819 1959 qest.
840 1916 947 1957 1280)
971 1928 1043 1948 war
1066 1919 1118 1948 ein
1142 1917 1302 1948 zmlclarer
1326 1918 1430 1959 Kopf
1452 1919 1520 1949 und
1548 1918 1637 1949 nieht
1658 1917 1815 1959 befci'lzz‘yl,

189 1973 311 2013 irqend
330 1975 403 2004 eine
424 1973 693 2014 yrmzdsci'lzlz'clze
714 1974 921 2015 Azeffassunss
945 1972 1252 2009 Izinmtszudenlcen,
1277 1974 1391 2005 sowez't
1409 1974 1552 2005 dieselbe
1570 1974 1687 2005 reiclzt.
1738 1972 1817 2005 Sein

187 2038 323 2068 Ψοεεεε
345 2028 543 2064 Ver-«liena,
568 2029 708 2061 welches
731 2030 911 2061 verneinen
933 2040 973 2060 zu
994 2031 1111 2060 wollen
1135 2029 1279 2060 tkiirz'clzt
1302 2032 1409 2066 zedre,
1434 2030 1512 2071 Περι
1535 2030 1568 2060 in
1590 2030 1702 2061 seiner
1719 2039 1816 2061 uner-

190 2084 383 2114 messliclzen
400 2084 630 2121 Belesenheit‚
655 2086 759 2116 dur-elz
781 2085 902 2117 welche
925 2096 963 2116 er
981 2085 1041 2124 fibr-
1057 2087 1148 2117 sez'ne
1167 2086 1310 2116 Mitwele
1327 2087 1395 2116 und
1412 2086 1548 2117 mielzste
1566 2086 1738 2117 Naclzwelt
1755 2087 1818 2117 der

191 2140 428 2171 bedezctendste
453 2139 561 2181 Stoff-
573 2141 751 2178 Liel'erant
776 2143 914 2176 warde,-
943 2141 1025 2172 aher
1047 2143 1220 2172 Verstancl
1247 2143 1331 2172 oder
1354 2146 1438 2172 elwa
1461 2152 1526 2182 qar-
1549 2142 1817 2182 philosophisehe

191 2195 374 2237 Beyabnnq
397 2196 512 2227 besass
534 2207 572 2227 er
593 2197 679 2228 wohl
702 2197 791 2228 nieht
813 2199 846 2228 in
868 2197 1023 2228 hoster-em
1044 2197 1171 2234 Grade,
1203 2200 1253 2228 uls
1273 2199 1327 2229 die
1342 2208 1448 2238 (lauze
1465 2208 1582 2239 qrosse
1600 2198 1715 2229 Masse
1733 2199 1818 2229 aller

191 2252 483 2294 Mittelmti'ssiyen,
506 2253 552 2292 ja
652 2263 755 2294 sogum·
786 2254 817 2284 in
847 2254 1055 2293 gyerz'ngyerem
1083 2253 1209 2285 Grade.
1260 2254 1312 2284 Er
1340 2255 1383 2284 ist
1411 2264 1474 2284 nur
1497 2254 1720 2294 Compilator,
1751 2254 1818 2285 und

192 2308 300 2345 Alles,
326 2308 502 2349 dzcrolzwegy
521 2309 630 2347 ΑΗΘ-ς,
655 2319 723 2340 was
741 2319 779 2339 er
794 2309 957 2345 schreibt,
984 2311 1028 2340 ist
1041 2308 1192 2348 frenzdes
1211 2310 1292 2345 (jul,-
1309 2309 1354 2349 ja
1371 2310 1455 2341 anch
1471 2311 1562 2342 seine
1581 2311 1748 2342 bisweilen
1765 2311 1817 2341 ins

190 2363 341 2396 Endtose
362 2364 536 2406 gehenden
560 2365 822 2402 Distinctz'onen,
853 2365 974 2397 welche
998 2376 1072 2395 man
1098 2375 1202 2405 gerne
1227 2376 1271 2396 an
1294 2365 1357 2397 ilem
1380 2366 1504 2399 rillmzt.
1537 2367 1614 2397 sind
1635 2366 1724 2398 nicht
1746 2367 1817 2398 sein

192 2419 414 2461 Erzeuym'ss:
439 2421 493 2451 die
512 2421 682 2457 Auswsdel,
708 2421 829 2453 welche
853 2432 891 2452 er
907 2421 1068 2452 :wischen
1086 2421 1344 2453 verschiedenen
1366 2422 1549 2454 Ansielzten
1572 2423 1677 2464 trz'ffl,
1701 2422 1819 2454 berulzl

192 2475 282 2506 nieht
313 2476 378 2516 auf
403 2476 591 2507 einlzez'llielz
621 2477 887 2518 festgyelzaltenen
922 2477 1155 2509 Grundscitzen
1170 2502 1177 2513 ‚
1218 2479 1366 2509 sondern
1399 2479 1465 2518 auf
1490 2479 1562 2510 dem
1593 2483 1818 2510 momentanen

193 2530 342 2568 Drueke,
368 2532 513 2563 welelzen
530 2533 770 2565 Anetoritdten
795 2534 860 2572 aus*
874 2533 930 2564 z‘lm
949 2533 1126 2571 ausilbten,
1152 2533 1259 2564 daher·
1275 2545 1348 2564 man
1365 2534 1436 2565 sich
1453 2535 1537 2565 auch
1554 2535 1641 2565 nieht
1658 2535 1818 2566 wundern

193 2587 290 2627 (lars,
323 2598 416 2618 wenn
438 2598 513 2619 man
535 2589 589 2619 ilm
612 2589 723 2629 lztl'ufigy
745 2589 810 2628 auf
829 2589 1121 2629 uramus-praeben
1145 2594 1284 2629 erlappl
1298 2617 1304 2623 .
1320 2593 1361 2623 .“,
1489 2588 1523 2630 3)
1550 2589 1594 2621 cf.
1615 2589 1736 2620 Vitam
1763 2589 1818 2622 ed.

192 2641 309 2682 Lugd.
324 2645 407 2674 tom.
426 2644 455 2675 1.
470 2644 705 2684 praemissam.
746 2645 890 2676 Fabrio.
905 2644 998 2676 Bibl.
1013 2645 1095 2675 Lat.
1112 2644 1199 2675 med.
1214 2648 1248 2675 et
1266 2644 1330 2675 ins.
1348 2648 1406 2677 tet.
1422 2646 1450 2676 Ι.
1465 2656 1497 2686 p.
1513 2646 1587 2678 113.
1600 2654 1677 2686 sqq.
1712 2645 1819 2677 Buhle

195 2698 312 2729 Gesck.
332 2699 362 2729 (l.
382 2698 508 2732 Philas.
526 2700 568 2731 V.
587 2711 619 2741 p.
634 2701 710 2732 289.
727 2710 803 2741 sqq.
823 2703 859 2731 et
883 2711 969 2741 quos
994 2701 1158 2732 nominat
1177 2700 1326 2731 Gieseler
1344 2700 1606 2742 Ii'z'relzenyeselz.
1625 2700 1671 2732 II.
1691 2702 1721 2732 2.
1741 2699 1818 2742 (ed.

196 2754 293 2784 1832.
312 2751 374 2794 8⁰.)
389 2764 422 2794 p.
438 2754 512 2785 414.
529 2764 580 2795 sq.
596 2758 666 2788 not.
684 2765 710 2788 r.
748 2755 879 2787 Bimzeo
900 2756 1015 2789 Geselz.
1032 2757 1064 2789 d.
1079 2757 1136 2787 alt.
1154 2755 1246 2788 Unio.
1260 2756 1362 2790 Ko'ln,
1376 2757 1404 2789 I.
1421 2767 1453 2797 p.
1471 2757 1520 2788 16.
1533 2766 1610 2798 sqq.
1703 2755 1738 2798 4)
1752 2757 1819 2788 Fa-

193 2808 329 2840 bricius
347 2809 368 2842 l.
391 2819 419 2841 e.
440 2819 472 2849 p.
493 2810 684 2842 114...1·20.
801 2809 835 2853 5)
860 2812 957 2843 Hain
981 2812 1169 2853 Repertor.
1188 2815 1236 2841 11⁰.
1256 2812 1450 2843 427...572.
1470 2813 1588 2844 11915.
1617 2814 1653 2842 et.
1680 2811 1820 2843 Panzer

194 2863 285 2894 Ann.
305 2867 380 2905 typ.
399 2866 440 2898 V.
460 2876 493 2906 p.
516 2866 665 2898 15...18.
685 2866 727 2898 X.
745 2877 779 2907 p.
799 2867 946 2899 76...78.
1038 2864 1072 2908 6)
1091 2866 1218 2898 Prantl
1235 2866 1257 2899 l.
1278 2876 1309 2900 e.
1328 2866 1394 2900 III.
1414 2878 1446 2908 p.
1465 2868 1507 2899 89
1521 2868 1640 2900 ...107.

104 2939 220 2970 ALEs
251 2935 321 2970 vid.
342 2933 484 2972 Hales.

105 3017 388 3049 ALEXANDER
408 3019 469 3048 DE
492 3019 632 3049 VILLA
654 3019 735 3049 DEI
760 3010 813 3061 (s.
831 3011 1067 3063 Villadeus)
1092 3027 1122 3051 s.
1147 3020 1344 3061 GALLVS,
1377 3027 1428 3053 ex
1449 3015 1599 3066 oppido
1621 3015 1821 3053 Neustriae
