2119 3522
271 231 366 275 542
787 243 1051 266 COMMENTARIVS
1075 242 1120 263 AD
1145 241 1217 263 ΕΡΡ.
1235 242 1266 263 o.
1283 242 1316 264 v.
1340 241 1416 264 vor..
1435 241 1458 264 1.

269 307 356 337 Patr.
380 305 440 340 16.

323 331 341 347 0
360 358 506 391 Statuta
534 356 602 389 sac.
620 355 709 398 phil.
728 365 749 388 a
771 353 948 387 Zarnckio
984 352 1066 386 edd.
1083 352 1238 386 habent:
1284 352 1416 394 „Libri
1447 353 1493 386 ad
1522 352 1678 396 gradum
1711 352 1978 386 baccalariatus

359 414 444 446 sunt
467 412 647 445 tractatus
670 409 773 443 Petri
795 409 966 452 Hispani,
997 407 1206 441 Priscianus
1230 409 1395 450 brevior,
1429 409 1535 442 vetus
1560 418 1634 449 ars,
1667 408 1831 451 priorum
1856 409 1977 452 poste-

359 469 513 508 riorum,
540 465 780 505 Elencorum,
806 463 1055 504 Phisicorum,
1088 463 1133 496 de
1152 465 1291 506 anima,
1319 463 1435 507 Spera
1458 463 1692 497 Materialis'.
1718 463 1804 497 vide
1827 463 1978 497 Zarnck.

362 521 661 557 Statvutenbzicher
698 521 762 553 der
795 519 862 553 Uol.
881 520 970 562 Lpz.
988 531 1024 562 p.
1042 523 1117 553 311.
1137 521 1174 553 et
1206 519 1252 553 ad
1274 518 1448 553 Manuale
1478 519 1700 552 scholarium
1730 530 1765 562 p.
1786 523 1835 553 10.
1855 519 1978 552 adnot.

358 590 392 621 p.
412 580 487 611 288.
541 576 592 610 Cf.
612 576 689 609 Ind.
707 576 824 620 biogr.
842 576 926 609 artt.
944 574 1123 618 Porphyr.
1140 574 1331 609 Porreton.
1385 574 1533 608 Statuta
1555 573 1760 618 Lipsiensia
1782 574 1827 608 de
1854 578 1979 608 1499...

361 637 455 666 1522.
476 643 553 676 (ap.
572 631 722 665 Zarnck.
740 630 1040 664 *S'tcttutenbz'lcher
1063 630 1127 664 der
1154 630 1221 664 Uni.
1238 630 1324 672 Lpz.
1343 642 1378 674 p.
1396 632 1491 671 447.)
1517 642 1545 664 c.
1564 633 1593 663 6.
1612 633 1631 671 ἕ
1657 635 1687 664 9.
1713 657 1750 672 „.
1766 657 1773 664 .
1793 631 1830 663 in
1852 631 1978 664 vetere

360 690 437 722 arte
463 689 528 721 hos
545 687 696 730 reputat
714 686 882 730 [facultas
900 686 1034 719 artium
1053 685 1184 730 dignos
1200 685 1450 719 baccalariatu
1467 687 1505 719 in
1523 686 1642 729 artib.]
1662 697 1699 720 se
1718 686 1812 720 bene
1829 686 1978 726 habere,

359 745 422 788 qui
448 743 537 787 quid
562 753 708 783 nomen,
738 742 827 785 quid
852 742 1007 776 verbum
1025 741 1124 785 apud
1141 741 1289 785 loycum
1306 741 1526 785 propositio,
1553 752 1652 784 quae,
1679 741 1814 785 qualia,
1841 743 1982 784 quanta

359 802 395 833 et
419 800 456 832 111
482 809 555 842 qua
578 798 735 832 materia
759 798 806 831 sit
831 809 871 831 ac
898 798 993 831 circa
1011 808 1092 831 eam
1110 797 1375 841 opposicioues,
1401 796 1515 841 leges,
1542 797 1798 831 conversiones
1815 798 1854 830 et
1870 798 1980 840 aequi-

359 854 561 898 pollencias
583 854 809 898 generaliter
826 854 963 894 sciunt,
991 854 1029 887 et
1052 853 1121 886 hoc
1140 853 1239 896 quod
1257 853 1303 886 ad
1320 853 1596 896 periermenias,
1623 853 1687 886 sed
1705 853 1827 896 quoad
1843 852 1980 886 librum

358 910 542 954 Porphirii
574 909 818 943 diffiniciones
849 909 1012 952 quinque
1043 908 1308 942 universalium
1406 908 1453 942 Et
1477 919 1549 952 quo
1575 908 1621 941 ad
1644 908 1779 942 librum
1803 908 1980 952 praedica-

360 967 587 1007 mentorum,
622 966 713 1009 quot
739 966 776 999 et
799 975 880 1008 quae
906 965 979 998 sint
1002 964 1380 1008 antepraedicamenta
1404 975 1492 998 vera
1508 964 1798 1008 praedicamenta
1822 965 1860 997 et
1882 965 1980 1007 post-

360 1021 649 1066 praedicamenta
676 1021 762 1054 &c.“

270 1083 311 1112 26
332 1088 401 1121 pro
426 1077 666 1120 completione]
694 1076 790 1118 Quid
813 1076 882 1110 hoc
907 1076 976 1109 sibi
1001 1076 1103 1117 velit,
1129 1075 1321 1109 commode
1340 1075 1449 1109 docet
1471 1074 1643 1109 Manuale
1661 1075 1881 1109 scholarium
1907 1086 1936 1109 c.
1950 1080 1980 1109 3.

362 1144 397 1176 (Ka
414 1132 591 1166 Zarnckio
618 1132 674 1165 ed.
692 1143 726 1175 p.
746 1134 812 1174 10.)
836 1132 874 1164 111
899 1131 1084 1174 colloquio
1103 1130 1367 1174 discipulorum
1387 1130 1533 1164 Camilli
1551 1132 1587 1165 et
1605 1130 1771 1165 Bartoldi
1788 1131 1863 1165 hic:
1913 1131 1980 1173 „C.

362 1189 439 1230 Quo
457 1189 566 1232 pacto
585 1187 818 1231 complentur
837 1188 983 1231 [novem
1000 1187 1177 1220 lectiones
1196 1188 1233 1220 et
1249 1197 1312 1220 sex
1331 1187 1530 1230 exerciti-aL
1550 1187 1690 1220 scisne?
1760 1186 1801 1221 B.
1821 1187 1980 1228 Quidni?

359 1256 444 1278 nam
474 1243 671 1287 tripartitae
696 1244 782 1276 sunt
805 1244 843 1277 et
869 1243 1048 1277 lectiones
1079 1243 1116 1276 et
1142 1243 1328 1276 exercitia.
1347 1243 1472 1286 itaque
1503 1243 1540 1275 in
1572 1242 1690 1275 tribus
1714 1242 1981 1276 mutationibus

360 1301 440 1343 quis
472 1300 617 1343 integre
642 1298 828 1342 complere
852 1298 1007 1342 poterit,
1032 1298 1052 1331 i.
1072 1309 1101 1331 e.
1120 1298 1157 1331 in
1182 1299 1305 1342 spacio
1329 1298 1435 1332 unius
1460 1298 1546 1331 anni
1564 1309 1647 1332 011111
1665 1297 1829 1335 dimidio.
1847 1309 1981 1342 nempe

360 1367 433 1390 una
449 1356 487 1388 in
504 1354 709 1388 mutatione
727 1356 803 1388 tres
819 1354 998 1388 lectiones
1015 1354 1162 1397 duoque
1181 1354 1357 1388 exercitia
1372 1354 1537 1398 recipere
1557 1365 1597 1388 ac
1615 1354 1742 1388 audire
1762 1355 1817 1388 est
1833 1365 1980 1388 necesse

360 1412 424 1455 qui
441 1411 513 1445 cito
531 1411 742 1455 promoveri
760 1410 940 1444 voluerit.
956 1438 963 1444 .
979 1437 986 1443 .
1063 1410 1099 1443 C.
1124 1409 1202 1454 Ego
1220 1411 1343 1444 tecum
1362 1421 1436 1443 una
1452 1409 1674 1453 proficiscar,
1694 1422 1777 1444 cum
1795 1410 1980 1454 complere

361 1467 539 1507 volueris,
567 1466 614 1500 ad
632 1466 857 1501 audiendum
875 1465 1087 1499 huiusmodi
1103 1465 1225 1500 libros.
1245 1466 1309 1499 sed
1323 1493 1330 1500 .
1346 1492 1352 1499 .
1368 1466 1507 1507 ferunt,
1542 1466 1571 1499 si
1588 1467 1625 1498 in
1648 1466 1830 1509 principio
1849 1477 1889 1500 ac
1908 1466 1980 1499 fine

361 1523 563 1557 lectionum
586 1522 780 1563 fuerimus,
807 1523 864 1556 sat
888 1533 965 1556 esse
990 1532 1056 1565 pro
1075 1521 1340 1565 completione,
1369 1522 1406 1555 et
1429 1521 1458 1554 si
1476 1521 1719 1562 voluerimus,
1746 1521 1870 1555 medio
1888 1522 1980 1555 tem-

361 1589 450 1623 pore
480 1580 538 1612 ter
568 1579 746 1621 quaterve
770 1578 1000 1612 intrabimus.
1103 1577 1143 1611 B.
1177 1576 1249 1611 Cur
1272 1577 1365 1610 110οῬ
1399 1577 1518 1620 qualis
1543 1577 1608 1611 illa
1633 1577 1834 1620 completio
1861 1578 1981 1611 esset?

362 1635 398 1668 C.
424 1634 560 1667 Dicunt
592 1634 690 1667 enim
714 1634 806 1667 nihil
830 1644 895 1667 1103
920 1633 1112 1677 percipere
1143 1634 1181 1665 in
1216 1632 1454 1673 lectionibus,
1492 1634 1698 1676 praesertim
1728 1633 1765 1666 in
1791 1632 1982 1667 altioribus

361 1690 474 1731 libris,
494 1690 623 1733 utpote
641 1689 866 1733 phisicorum
885 1690 922 1723 et
938 1688 1200 1730 consimilibus,
1219 1688 1283 1721 sed
1301 1699 1384 1722 cum
1403 1688 1449 1721 ad
1467 1688 1739 1732 promotionem
1755 1689 1980 1732 pervenerit,

362 1745 552 1779 nobiscum
571 1746 814 1789 dispensatur.
885 1745 925 1779 B.
950 1745 1057 1778 Erras
1076 1744 1328 1785 vehementer,
1355 1755 1441 1778 nam
1459 1744 1645 1778 facultatis
1663 1744 1799 1778 artium
1814 1744 1983 1789 magistri

361 1802 413 1835 ita
429 1802 679 1842 instituerunt,
699 1802 740 1834 ut
757 1812 993 1845 quemquam,
1020 1801 1236 1845 priusquam
1254 1799 1493 1841 admittatur,
1521 1800 1705 1834 affirmare
1723 1801 1871 1844 oportet
1886 1801 1981 1834 iura-

363 1858 489 1890 mento
507 1857 668 1900 qualiter
685 1856 881 1898 audiverit,
901 1857 1191 1900 quotiescunque
1209 1856 1428 1900 neglexerit.
1446 1855 1634 1899 quondam
1652 1857 1732 1890 erat
1747 1857 1790 1890 ut
1805 1856 1983 1900 permulti

363 1913 679 1956 promovebantur
702 1913 765 1956 qui
789 1913 971 1946 rarissime
996 1912 1146 1946 suerunt
1171 1911 1207 1944 111
1232 1911 1467 1953 lectionibus3
1493 1911 1649 1955 proinde
1673 1922 1847 1956 magnam
1864 1922 1982 1945 311300-

363 1970 499 2012 perunt
523 1969 718 2012 pecuniam
744 1979 810 2012 pro
836 1968 901 2001 tali
926 1968 1177 2012 negligentia.
1194 1972 1253 2002 ..“

272 2029 313 2059 27
339 2025 396 2058 hic
411 2051 417 2058 .
434 2051 440 2057 .
457 2052 463 2058 .
478 2025 643 2067 honestis]
669 2024 810 2058 Eadem
835 2024 994 2058 formula
1019 2025 1075 2057 est
1091 2025 1202 2057 26815.
1222 2023 1374 2057 fortasse
1400 2023 1486 2057 inde
1511 2024 1625 2065 venit,
1652 2023 1751 2067 quod
1776 2024 1822 2058 ad
1846 2024 1984 2058 iudicia

362 2080 534 2113 habenda
558 2080 725 2123 quemvis
750 2081 847 2113 intra
872 2080 1046 2114 dicecesin
1064 2079 1203 2121 locum,
1230 2079 1339 2113 modo
1359 2079 1404 2113 sit
1421 2080 1524 2113 tutus
1542 2081 1580 2113 et
1595 2080 1782 2121 honestus,
1808 2079 1890 2113 iura
1906 2079 1981 2113 ido-

362 2147 472 2169 neum
491 2146 568 2169 esse
586 2137 763 2169 statuunt.
782 2137 946 2170 ceterum
964 2135 1083 2169 multa
1096 2136 1234 2169 statuta
1248 2135 1482 2169 facultatium
1498 2137 1543 2178 (e.
1557 2147 1609 2180 gr.
1624 2135 1692 2169 fac.
1707 2136 1843 2169 artium
1856 2135 1983 2170 Ubior.

363 2202 393 2224 a.
410 2196 504 2225 1522.
523 2191 670 2225 reform.
689 2203 717 2225 c.
732 2193 799 2233 34.)
818 2191 1122 2235 praescribebant,
1149 2193 1222 2232 „ut
1238 2191 1447 2225 scholastici
1464 2201 1577 2225 onera
1593 2191 1869 2235 gymnasiorum
1888 2191 1982 2225 ferre

362 2247 545 2288 valentes,
580 2247 790 2281 inhabitent
819 2247 973 2290 quisque
1005 2258 1111 2280 suum
1136 2247 1371 2291 gymnasium
1396 2248 1434 2280 et
1457 2247 1530 2280 sint
1555 2247 1621 2280 sub
1647 2257 1735 2280 cura
1758 2248 1795 2281 et
1818 2247 1985 2281 custodia

362 2313 511 2335 suorum
529 2303 805 2346 magistrorum;
832 2303 1020 2336 nobilibus
1035 2304 1161 2337 tamen
1180 2303 1218 2336 et
1237 2302 1316 2335 aliis
1335 2302 1494 2346 egregiis
1510 2303 1676 2346 personis
1692 2302 1928 2346 indulgemus
1946 2303 1984 2336 et

363 2358 596 2391 concedimus
622 2368 850 2401 quaecunque
875 2358 1030 2392 honesta
1053 2358 1134 2392 loca
1158 2358 1280 2392 studio
1305 2359 1485 2391 bonarum
1510 2358 1645 2391 artium
1671 2358 1949 2392 accommoda“.

490 2446 723 2481 EPISTOLA
752 2449 813 2483 11.
858 2446 1129 2481 CORNELIVS
1154 2446 1511 2481 FENESTRIFICIS
1538 2445 1767 2481 ORTVINO.

274 2531 315 2561 29
340 2526 428 2560 Haec
453 2536 600 2569 quoque
626 2525 783 2569 epistola
808 2525 1010 2569 Moguntiae
1036 2525 1174 2570 scripta
1197 2525 1316 2560 videri
1341 2526 1432 2567 vult,
1458 2525 1581 2559 nescio
1607 2536 1629 2559 a
1653 2536 1736 2569 quo.

275 2587 313 2616 31
343 2581 394 2615 Cf.
413 2581 460 2615 ad
485 2583 535 2615 9³.

274 2642 315 2671 :54
339 2638 461 2682 logica
495 2637 733 2671 scientiarum
769 2637 923 2671 scientia
958 2638 1260 2681 proverbialiter3
1293 2638 1405 2671 etiam
1437 2642 1479 2672 30
1490 2638 1525 2672 ¹⁶.
1573 2637 1733 2672 Thomas
1762 2637 1831 2681 Aq.
1850 2664 1888 2679 „.
1903 2664 1910 2671 .
1925 2649 1983 2672 ars

364 2693 499 2737 logica,
524 2693 546 2726 i.
566 2704 595 2726 e.
614 2693 804 2727 rationalis
828 2693 985 2727 scientia
1004 2720 1011 2728 .
1027 2720 1033 2727 .
1050 2721 1056 2727 .
1076 2693 1224 2727 videtur
1248 2704 1324 2727 esse
1349 2704 1405 2727 ars
1429 2694 1600 2728 1111111111.ιζ
1648 2694 1787 2727 Prcmtl
1806 2694 1929 2729 Gesch.
1947 2694 1981 2727 d.

364 2748 488 2792 Logjilc.
509 2748 571 2782 III.
589 2760 623 2792 p.
643 2753 716 2783 109.
735 2750 809 2783 not.
826 2753 902 2783 491.
942 2749 1096 2793 Proprie
1120 2749 1272 2792 quidem
1296 2749 1493 2783 dialectica
1510 2750 1565 2782 est
1588 2749 1750 2783 secunda
1771 2748 1981 2782 liberalium

365 2803 509 2845 artium,
529 2804 591 2837 sed
609 2805 816 2848 promiscuo
835 2805 948 2839 etiam
964 2805 1123 2850 logicam
1140 2816 1206 2849 pro
1224 2805 1291 2838 illa
1306 2805 1506 2849 ponebant,
1532 2805 1574 2838 ut
1590 2803 1689 2838 Petr.
1706 2804 1891 2848 Hispanus
1909 2806 1981 2848 (ap.

365 2858 503 2892 Prantl.
521 2859 543 2892 l.
562 2871 590 2893 0.
608 2871 642 2903 p.
661 2864 714 2894 41.
732 2862 807 2894 not.
828 2864 915 2904 146.)
942 2860 1190 2904 „Dyalectica
1214 2862 1269 2895 est
1293 2872 1349 2894 ars
1373 2861 1524 2901 artium,
1552 2860 1706 2894 scientia
1730 2860 1980 2901 scientiarum,

366 2915 411 2946 ad
444 2915 606 2948 omnium
637 2916 895 2950 methodorum
918 2916 1101 2960 principia
1124 2917 1222 2950 viam
1244 2917 1413 2950 habens“
1447 2918 1484 2950 et
1504 2916 1616 2950 tertio
1639 2916 1772 2949 saeoulo
1795 2916 1880 2959 post
1901 2915 1980 2959 ipse

367 2970 540 3003 Ortvinus
558 2969 705 3004 Gratius
722 2973 759 3004 in
777 2971 1014 3005 Orationibus
1032 2972 1291 3015 quodlibeticis
1309 2974 1355 3014 (a.
1375 2974 1485 3015 1508.)
1502 2984 1537 3016 p.
1557 2974 1588 3008 (Ε
1599 2984 1629 3007 ιι
1641 2972 1709 3014 13¹³.
1726 2982 1778 3014 sq.
1796 2971 1873 3013 „de
1903 2970 1980 3004 lau-

367 3024 473 3057 dibus
491 3026 577 3057 artis
595 3025 798 3060 dialectice.
847 3026 1123 3061 Grammaticen
1141 3027 1334 3060 dialectice
1353 3027 1589 3070 subsequitur
1609 3055 1613 3060 .
1630 3054 1637 3060 .
1654 3054 1660 3060 .
1680 3037 1751 3069 que
1770 3037 1827 3059 ars
1845 3026 1979 3060 artium
