2119 3522
328 228 421 272 734
839 243 1102 267 οοΜΜΕΝΤΑΒινε
1125 245 1171 267 An
1196 244 1268 266 npp,
1286 244 1316 266 0.
1334 243 1366 266 v.
1391 243 1469 266 vot..
1486 242 1523 265 11.

323 304 408 343 Pag.
429 300 519 336 264.

411 367 445 388 11.
463 358 581 389 10088.
602 357 719 388 10082.
739 357 856 389 10086.
895 353 988 388 Mihi
1005 354 1052 388 ad
1070 365 1200 389 manus
1217 355 1273 389 est
1290 354 1502 399 exemplum
1519 353 1692 388 Latinum
1711 353 1869 390 Coloniae
1887 367 1918 390 a.
1934 359 2028 390 1528.

411 411 449 444 in
467 414 513 444 8⁰.
531 409 682 444 editum.

325 471 364 500 12
388 466 476 508 folio
492 466 569 508 1η]
596 465 719 499 Verba
743 476 764 499 a
787 465 1034 510 Pepericorno
1060 467 1098 500 et
1122 477 1166 501 ex
1190 466 1260 501 1100
1285 477 1306 500 0
1323 466 1536 511 Clingesoro
1559 467 1706 501 tantum
1730 478 1803 501 non
1828 467 1953 501 omnia
1975 478 2030 501 re-

410 521 530 566 petita
553 522 638 554 sunt
655 522 821 555 extrema
838 521 968 565 capitis
985 534 1072 564 mv„
1100 522 1262 566 exempli
1279 521 1404 556 Colon.
1422 523 1481 556 cit.
1499 535 1533 567 p.
1552 522 1600 556 Ei
1604 523 1619 567 j
1632 529 1662 556 ³:
1689 522 1810 565 „lllud
1835 522 2028 564 attendite,

410 588 430 611 o
454 576 623 621 treligiosi
654 576 891 611 Trevirenses
921 578 960 611 et
989 587 1054 611 vos
1090 577 1301 621 philosophi
1327 577 1576 620 Colonienses‚
1614 589 1660 612 ne
1691 578 1771 622 lupi
1800 589 1953 622 rapaces
1976 578 2030 611 in-

411 633 560 666 troeant
581 632 619 665 in
645 632 741 666 ovile
760 633 935 674 vestrum,
961 632 1093 667 fratres
1118 633 1216 667 enim
1242 633 1339 675 estis,
1365 643 1412 666 ne
1430 633 1493 666 alii
1509 633 1694 678 accipiant
1710 644 1862 668 coronas
1878 635 2029 668 vestras.

411 687 656 732 Temporibus
687 687 786 721 enim
810 688 942 722 vestris
974 690 1156 733 exurgent
1185 699 1282 722 nova
1312 688 1481 722 inaudita
1509 689 1546 722 in
1579 689 1742 723 ecclesiis
1767 689 1915 731 vestris,
1948 700 2029 732 quae

412 744 633 788 almipotens
665 744 844 777 avertat-..⁴⁴
893 743 1069 778 Ortvinus
1097 744 1135 777 in
1166 744 1311 788 apolog.
1335 744 1440 788 epist.
1466 745 1521 788 (p.
1546 746 1658 779 40023.
1682 745 1738 778 ed.
1762 747 1818 788 n.)
1843 744 1890 778 de
1916 747 2029 778 ‘com-

409 800 518 834 misso
543 799 695 833 crimine
721 798 819 841 falsi⁷
846 809 1007 843 nequam
1033 799 1140 834 editis
1163 799 1426 844 prognosticis’
1452 799 1689 835 lamentatur.
1721 800 1765 835 cf.
1782 800 1905 834 locum
1923 799 1970 834 ad
1993 812 2028 844 p.

409 857 520 890 27113.
538 855 812 898 transcriptum.

320 916 360 946 21
387 912 576 955 Sophonicc
591 911 625 955 1.]
655 915 705 944 12.

319 974 360 1003 32
385 968 537 1003 sordida
556 994 562 1001 .
577 993 584 1000 .
599 993 606 1000 .
622 968 813 1012 theologia]
841 966 892 1002 Cf.
910 967 1068 1002 Hutteni
1085 967 1226 1012 praefat.
1245 968 1291 1002 ad
1309 967 1415 1002 Nem.
1434 971 1474 1010 ἓξ
1492 972 1544 1003 33.
1563 972 1616 1003 36.
1630 979 1708 1012 sqq.
1727 967 1836 1013 (Opp.
1854 968 1880 1002 Ι.
1898 980 1933 1013 11.
1954 972 2027 1002 181.

407 1025 500 1068 sqq.)
519 1023 636 1066 ⁷‚nihil
654 1023 744 1057 scire
770 1035 866 1057 nunc
891 1023 1096 1068 theologos,
1122 1024 1221 1067 quod
1245 1034 1319 1058 non
1345 1024 1484 1058 discere
1509 1024 1591 1068 quis
1613 1023 1673 1058 vel
1698 1024 1774 1057 sine
1799 1025 2027 1068 praeceptore

405 1081 564 1124 posset.“
597 1080 731 1123 „quasi
755 1079 824 1113 1100
848 1080 1017 1123 tempore
1035 1079 1201 1124 theologi
1218 1090 1291 1113 non
1309 1079 1406 1113 sint?
1431 1079 1602 1122 Minime,
1628 1079 1692 1113 sed
1710 1079 1809 1122 quod
1827 1080 1903 1113 tam
1921 1079 2027 1113 nihili

404 1135 572 1170 homines
596 1135 633 1168 in
659 1134 909 1178 apostolorum
934 1135 1057 1168 locum
1082 1136 1306 1170 succedant.
1326 1162 1333 1169 .
1352 1138 1402 1170 .“.
1864 1130 1866 1132 ¹

315 1193 509 1237 Pag.265.
972 1213 1014 1215 W
1053 1213 1059 1214 .
1109 1213 1167 1215 w-.
1193 1213 1210 1215 —
1238 1213 1261 1215 W
1296 1213 1371 1215 W

316 1253 332 1282 1
360 1249 431 1292 ipsi
456 1251 576 1282 autem
591 1257 666 1282 ozon
681 1247 819 1291 scimzt]
846 1246 1070 1281 Reuchlinus
1094 1247 1132 1280 in
1149 1246 1296 1281 Defens.
1315 1247 1371 1281 ed.
1392 1250 1487 1281 1513.
1504 1259 1539 1291 p.
1559 1247 1630 1291 Aij
1643 1247 1667 1281 b.
1686 1247 1733 1280 ad
1751 1246 1930 1282 Caesarem
1955 1247 2024 1281 ita:

404 1302 555 1348 ⁷,Cogor
586 1304 712 1337 autem
741 1303 779 1336 in
811 1303 879 1336 hac
910 1313 1020 1337 causa
1044 1304 1173 1337 contra
1195 1302 1364 1337 homines
1387 1303 1514 1345 rudeS‚
1548 1303 1794 1337 contentionis
1819 1303 2026 1348 cupidiores

404 1370 515 1403 quam
542 1359 726 1401 veritatis,
753 1358 857 1392 tenui
882 1358 944 1393 filo
971 1359 1135 1401 dicendi,
1163 1386 1170 1393 .
1189 1387 1196 1393 .
1216 1387 1222 1393 .
1249 1359 1382 1404 exiguo
1407 1360 1554 1393 tantum
1579 1369 1746 1392 sermone
1771 1359 1849 1393 istis
1872 1358 2026 1393 triviali-

402 1416 470 1449 bus
502 1414 674 1459 sophistis
706 1415 810 1458 apto,
849 1415 891 1448 ut
926 1415 1115 1449 incondito
1146 1416 1184 1449 et
1212 1426 1328 1459 prope
1361 1415 1591 1449 soloecisante
1621 1425 1700 1449 rem
1725 1425 1872 1449 omnem
1903 1425 2024 1459 agere,

404 1498 436 1505 ..
456 1499 463 1505 .
488 1472 530 1505 ut
560 1481 619 1505 me
653 1470 854 1504 adversarii
885 1471 976 1513 mei,
1010 1471 1149 1514 alioqui
1180 1471 1303 1505 animo
1334 1470 1528 1514 vulpiones
1554 1472 1592 1505 et
1614 1470 1867 1513 bovinatores‚
1898 1470 2027 1515 lingua

402 1538 490 1561 vero
516 1528 680 1571 agrestes
706 1527 743 1560 et
766 1526 933 1569 barbari,
966 1526 1161 1561 latinitatis
1185 1526 1350 1570 imperiti
1376 1527 1413 1560 et
1442 1527 1689 1560 humanorum
1713 1527 1919 1560 studiorum
1943 1537 2025 1570 per-

401 1583 481 1617 taesi
505 1582 649 1616 facilius
673 1582 883 1627 intelligere
909 1582 1086 1626 possint.⁴‘

311 1644 332 1674 4
356 1642 496 1674 movent
523 1639 614 1673 iomt.
633 1638 776 1682 quaest]
808 1638 891 1682 Ipse
918 1649 947 1672 e.
966 1650 1019 1683 gr.
1039 1637 1212 1672 Ortvinus
1238 1638 1455 1681 (Orationes
1486 1638 1747 1682 quodlibeticae
1777 1637 2024 1683 periucundae.

403 1695 527 1730 Colon.
548 1694 881 1738 1508.40.11.1111.>;
924 1694 1013 1736 „Ad
1038 1694 1273 1739 gymnasium
1298 1693 1458 1737 denique
1483 1694 1664 1728 bonarum
1695 1694 1830 1728 artium
1861 1693 2024 1728 traducti

403 1751 617 1785 cathedram
642 1750 770 1794 primis
797 1750 1042 1784 conscendere
1068 1751 1321 1794 ceperuntque
1340 1750 1453 1784 dubia
1469 1761 1618 1785 movere
1638 1751 1676 1785 et
1693 1750 1913 1794 quaestiones
1930 1750 2024 1784 alter

402 1807 509 1841 alteri
540 1817 760 1850 proponere.
787 1805 955 1847 Quesivit
972 1818 1074 1849 unus,
1101 1808 1226 1840 utrum
1243 1806 1478 1851 philosophia
1495 1808 1638 1851 septem
1662 1806 1757 1841 filias
1783 1807 1839 1850 [sc.
1856 1818 1899 1840 νιι
1915 1807 2022 1851 artes]

399 1862 607 1907 peperisset
636 1873 708 1896 uno
740 1863 934 1906 tempore?
982 1862 1051 1896 Hic
1083 1874 1188 1905 vero,
1220 1864 1395 1896 utrumne
1427 1862 1581 1907 Iugurta
1610 1873 1702 1896 uxor
1731 1862 1862 1896 fuisset
1884 1861 2023 1896 Hanni-

399 1917 503 1951 balis.
552 1918 656 1952 Alius
681 1919 823 1961 autem,
857 1919 959 1952 cuius
990 1919 1110 1952 mater
1141 1918 1327 1952 diceretur
1357 1918 1492 1960 Eneas,
1527 1919 1565 1952 et
1588 1919 1680 1962 quot
1710 1919 1833 1952 essent
1862 1918 1954 1952 vitia
1984 1918 2022 1951 in

399 1973 642 2018 appositione.
691 1974 840 2018 Reliqui
865 1974 999 2008 deinde
1024 1975 1226 2009 Iohannem
1252 1975 1297 2008 de
1324 1973 1542 2017 Garlandia,
1567 1974 1720 2008 Petrum
1744 1973 1842 2008 helie
1868 1974 1906 2007 et
1930 1973 2021 2007 anti-

399 2041 473 2074 qua
497 2030 835 2074 grammatistarum
861 2030 1067 2075 glosemata
1090 2031 1129 2064 in
1154 2031 1275 2065 celum
1299 2041 1415 2073 usque
1442 2029 1680 2064 efferebant.“

310 2092 351 2122 10
378 2087 519 2121 Graecos
545 2087 618 2130 etc]
646 2085 795 2128 „Graeci
820 2088 1052 2120 recesserunt
1076 2086 1121 2120 ab
1148 2086 1333 2120 ecclesia“
1359 2098 1393 2130 p.
1412 2088 1523 2120 24122.

311 2147 349 2177 12
375 2144 416 2177 in
440 2142 673 2186 Bohemimnj
700 2142 804 2176 Hutt.
823 2142 845 2176 l.
865 2153 893 2176 0.
912 2146 931 2184 ξ
947 2146 1000 2176 44.
1026 2170 1064 2185 ‚‚.
1084 2169 1091 2177 .
1116 2142 1239 2176 nullus
1267 2143 1394 2176 tamen
1424 2142 1609 2186 reperitur
1633 2141 1696 2186 qui
1727 2141 1917 2187 religionis
1941 2142 2020 2176 zelo

397 2199 436 2232 in
461 2198 598 2232 Turcas
624 2199 685 2232 eat
709 2198 821 2232 fidem
840 2198 974 2233 Christi
998 2198 1275 2242 praedicaturus,
1303 2199 1367 2231 aut
1390 2198 1472 2232 illos
1497 2198 1628 2232 saltem
1645 2198 1682 2231 in
1707 2197 1829 2232 medio
1854 2199 2020 2232 nostrum

397 2255 580 2289 Bohemos
604 2255 646 2288 ut
671 2254 816 2288 erudiat
834 2281 840 2288 .
859 2281 866 2288 .
880 2257 900 2272 “

309 2316 349 2346 13
373 2311 425 2345 ibi
450 2337 457 2344 .
477 2338 483 2344 .
503 2337 509 2344 .
536 2312 637 2354 opus]
663 2310 768 2344 Hutt.
786 2310 810 2344 l.
830 2322 858 2344 c.
879 2310 1075 2353 „Profecto
1100 2311 1165 2344 ubi
1189 2311 1282 2344 nihil
1306 2322 1398 2354 opus
1423 2312 1488 2352 est,
1515 2310 1748 2348 ferociunt..
1767 2312 1806 2344 .“

310 2371 349 2402 18
373 2377 490 2410 nuper
510 2393 538 2401 ..
559 2366 738 2400 Erasmus
756 2367 890 2401 emend.
911 2367 984 2410 eta]
1017 2366 1236 2410 Hieronymi
1266 2377 1379 2411 opera
1402 2366 1512 2400 tomis
1536 2365 1596 2400 IX.
1622 2365 1684 2400 fol.
1708 2365 1927 2409 prodierunt
1949 2365 2018 2400 Ba-

396 2423 494 2457 sileae
519 2433 564 2456 ex
589 2421 648 2456 off.
665 2421 895 2456 Frobeniana
920 2434 950 2456 a.
971 2426 1201 2456 1516...1518.
1230 2423 1274 2456 cf.
1292 2422 1433 2456 Panzer
1456 2422 1551 2456 Ann.
1568 2423 1646 2466 typ.
1664 2421 1726 2455 VI.
1744 2433 1779 2465 p.
1798 2426 1872 2456 196.
1890 2434 1925 2456 11.
1944 2426 2018 2457 160.

308 2485 348 2516 19
373 2478 576 2514 emendavit
598 2478 741 2512 Novum
760 2478 1043 2521 Testcmzeoztzmz]
1078 2477 1177 2521 quod
1201 2478 1340 2522 prodiit
1363 2490 1411 2512 m.
1428 2477 1534 2512 Febr.
1553 2489 1583 2512 a.
1603 2481 1698 2511 1516.
1735 2477 1779 2512 cf.
1797 2477 1844 2512 ad
1867 2490 1902 2522 p.
1921 2481 1985 2512 263
1994 2482 2016 2512 ⁹.

396 2536 433 2570 et
456 2534 598 2569 Panzer
614 2534 707 2568 Ann.
725 2535 803 2578 typ.
828 2534 852 2568 1.
870 2545 898 2568 0.
917 2546 951 2568 11.
971 2538 1044 2569 159.

307 2597 347 2626 23
373 2592 415 2626 [le
441 2592 537 2634 facto
563 2591 902 2634 eoecommumatus]
930 2590 1134 2624 contemnis
1158 2592 1302 2624 sanctos
1327 2591 1539 2634 ordinisque
1564 2591 1681 2625 nostri
1705 2591 1928 2636 coryphaeos.

305 2653 345 2683 27
373 2647 564 2682 dummodo
666 2648 801 2691 secum]
827 2646 849 2680 i.
875 2657 905 2680 e.
929 2658 1012 2680 cum
1038 2657 1091 2680 eo.
1139 2646 1235 2680 Nam
1267 2646 1362 2690 „qui
1393 2658 1476 2680 cum
1509 2647 1827 2681 excommunicato
1858 2648 2016 2682 scienter

395 2703 734 2745 communicaverit,
762 2702 1152 2738 excommunicationis
1168 2713 1328 2746 poenam
1346 2703 1532 2737 contrahit
1548 2714 1631 2737 cum
1649 2703 1780 2737 eodem
1799 2730 1807 2737 .
1825 2706 1874 2737 .“.
1901 2703 2014 2738 Clem.

393 2773 444 2794 111.
478 2771 555 2804 cap.
575 2763 626 2793 15.
644 2759 686 2793 X.
705 2759 750 2793 de
775 2760 867 2793 sent.
886 2770 1062 2794 excomm.
1080 2759 1124 2793 V.
1142 2764 1195 2793 39.

304 2821 345 2852 33
372 2820 457 2851 sunt
474 2819 506 2850 et
522 2817 686 2860 fuerunt]
709 2815 841 2850 Petrus
857 2815 1055 2849 Ravennas
1075 2826 1171 2850 anno
1190 2819 1285 2850 1516.
1303 2815 1428 2850 vivere
1447 2815 1623 2858 desierat3
1649 2817 1815 2850 ceterum
1832 2815 1878 2850 de
1895 2818 2013 2850 morte

392 2872 463 2906 viri
494 2871 586 2906 nihil
617 2873 771 2906 constat.
820 2882 916 2906 anno
943 2875 1039 2906 1508.
1059 2871 1295 2906 Colonienses
1325 2883 1410 2906 eum
1448 2872 1678 2916 expulerant.
1723 2871 1775 2906 Cf.
1799 2872 2012 2916 Ind.biogr.

391 2940 426 2972 p.
444 2932 520 2962 447.
538 2939 615 2972 sqq.
633 2928 739 2972 impr.
757 2940 791 2972 p.
808 2933 884 2962 450.
902 2929 969 2962 art.
986 2928 1199 2971 Ravennas‚
1222 2928 1365 2962 Petrus.

302 2986 387 3030 Pag.
407 2986 497 3022 266.

303 3044 323 3074 2
347 3051 462 3074 senem
480 3041 679 3074 Iohannem
696 3040 754 3085 R]
781 3041 1005 3075 lteuchlinus
1030 3042 1062 3074 d.
1081 3046 1133 3075 28.
1152 3041 1239 3076 Dec.
1257 3042 1343 3075 anni
1363 3046 1457 3076 1518.
1476 3042 1734 3086 sexagenarius
1758 3041 1876 3075 factus
1901 3041 1965 3074 est.
