2119 3522
273 207 368 253 (330
702 219 966 243 COMMENTARIVS
993 217 1040 240 AD
1065 218 1138 240 EPP.
1156 217 1187 239 o.
1205 218 1237 239 v.
1262 216 1341 239 vot„
1359 217 1382 239 1.
1407 216 1552 240 APPEND.

269 280 504 369 ῗέἕὰεῗῗεὶὒί
526 331 682 375 veniam]
709 330 848 364 dimisit
873 339 972 369 eam,
999 328 1109 362 eiecit
1133 328 1254 362 domo.

272 394 310 423 19
334 390 376 422 in
394 388 550 431 propria
576 387 689 430 domo]
715 396 878 419 seorsum
901 384 1057 418 habitat.

312 445 382 486 fac.
408 447 482 477 ant.
508 446 585 476 tun.
610 442 733 485 novas]
764 452 832 475 acu
856 441 997 474 victum
1022 440 1211 484 quaeritat,
1237 440 1286 474 ist
1309 440 1652 475 Flickschneiderin
1675 441 1869 485 yeworclen.

268 505 310 534 ‘20
328 502 448 542 propt.
468 526 474 532 .
494 526 500 531 .
520 526 526 531 .
545 497 767 541 alternatim]
793 507 860 541 per
884 496 1051 530 veterem
1074 497 1241 530 nostrum
1265 496 1437 529 mutuum
1462 506 1636 530 amorem.

269 560 307 589 21
335 555 392 588 lib.
412 582 418 588 .
439 581 445 587 .
465 554 606 597 ,31111211
632 553 707 586 iam
732 552 795 585 diu
821 562 902 586 eam
929 551 1064 596 cupivi.

311 611 478 644 timebam
504 637 511 644 .
531 636 563 643 ..
589 609 709 653 virgo]
743 607 892 642 Scilicet
924 618 1008 642 cum
1033 607 1214 642 deflorata
1243 617 1321 640 rem
1351 607 1490 642 habere
1515 619 1589 642 non
1614 609 1774 642 veretur.
1807 607 1852 642 cf.
1870 609 1983 643 249²¹.

356 665 441 699 talis
467 666 562 709 ‘ipse
589 666 643 698 est
668 664 788 698 adhuc
813 664 938 708 virgo’
966 664 1056 705 203³,
1084 663 1122 697 et
1147 666 1276 707 ‘purus
1300 663 1424 707 virgo’
1451 666 1547 697 226⁶.

313 722 462 766 fecistis]
488 721 611 755 facere
638 721 751 754 etiam
776 719 876 764 apud
900 718 1050 753 Latinos
1075 718 1282 763 scriptores,
1310 720 1353 752 ut
1376 719 1476 763 apud
1499 729 1565 753 nos
1591 730 1624 754 es
1648 720 1749 754 thun.

314 778 363 812 (cd
380 788 493 811 unam
512 776 644 821 dicam]
670 776 746 818 auf
763 777 820 809 e'zsn
839 775 1029 817 Κενῦἷιοῖε,
1054 776 1134 809 eive
1149 775 1363 820 Rechnzmq,
1389 775 1646 809 communibus
1663 775 1843 820 expensis.
1869 775 1987 818 „Dica

359 833 554 877 (Ducang.>
594 835 626 876 1)
653 832 804 874 Charta,
837 843 858 865 a
889 830 1057 865 dicendo.
1082 831 1139 865 Ita
1167 830 1311 875 Papias
1336 831 1387 865 Io.
1406 831 1451 865 de
1485 831 1576 865 Ian:
1610 830 1717 874 Dica,
1749 831 1892 874 tabula,
1925 832 1986 866 vel

358 889 492 931 cautio,
519 888 578 922 vel
604 889 732 922 charta
756 887 922 932 proprie,
951 887 1015 920 ubi
1041 887 1252 921 continetur
1276 898 1420 921 summa
1445 887 1579 929 debiti,
1607 888 1645 922 et
1668 887 1820 922 nomina
1843 887 1985 922 debito-

358 957 450 987 rum,
479 946 517 979 et
540 944 692 988 ponitur
715 955 782 988 pro
809 943 977 987 qualibet
1000 944 1107 987 palte
1133 943 1287 979 chartae:
1315 944 1353 977 et
1370 943 1505 977 dicitur
1530 953 1552 976 a
1576 943 1669 985 dico,
1697 943 1757 978 cis.
1776 970 1783 978 .
1802 971 1809 978 .
1829 943 1986 978 Glossar.

358 1001 437 1035 Lat.
454 1001 497 1035 It.
515 1000 578 1034 ΜΓ.
604 1000 707 1042 Dica,
732 1000 771 1034 la
796 1000 897 1034 carta
922 999 983 1033 del
1008 998 1146 1033 debito.
1194 1000 1228 1042 2)
1253 998 1339 1033 Non
1363 1000 1441 1033 tam
1465 1010 1531 1043 pro
1557 999 1710 1033 charta.
1731 1026 1738 1033 .
1758 1026 1764 1032 .
1783 1010 1896 1043 quam
1919 1010 1986 1043 pro

358 1057 510 1098 taleola,
545 1056 638 1090 Gall.
656 1056 778 1097 tailIe,
812 1055 934 1090 Germ.
954 1056 1149 1097 Kerblwle,
1181 1055 1219 1088 in
1244 1066 1318 1098 qua
1348 1065 1472 1088 rerum
1496 1065 1672 1089 numerus
1703 1056 1903 1089 annotatur
1927 1082 1934 1089 .
1953 1082 1961 1089 .

358 1113 431 1146 vid.
450 1112 566 1146 Diche
593 1138 599 1146 .
620 1138 627 1145 .
653 1111 746 1145 Dica
771 1112 850 1146 eine
874 1112 1000 1154 Kerffe
1027 1111 1187 1155 [Kerbe].
1225 1110 1359 1145 Procul
1384 1110 1497 1144 dubio
1523 1111 1569 1144 ab
1601 1110 1715 1144 obsol.
1733 1121 1822 1144 voce
1849 1110 1987 1152 dichen,

360 1169 526 1210 dez‘chen,
558 1168 701 1209 fodere,
735 1167 913 1202 scindere.
939 1168 1012 1202 vid.
1031 1167 1164 1201 Diccus
1201 1168 1230 1200 ὣ
1261 1166 1404 1200 Dicella
1438 1166 1591 1210 [Deich]
1617 1193 1624 1199 .
1644 1193 1650 1200 .
1670 1193 1677 1200 .
1725 1167 1760 1210 3)
1786 1193 1793 1200 .
1812 1194 1819 1200 .
1838 1193 1845 1200 .
1870 1166 1986 1209 tallia,

360 1224 515 1265 exactio,
542 1223 755 1267 praestatio.
776 1250 782 1257 .
802 1250 834 1257 ..
883 1226 916 1267 4)
944 1251 976 1257 ..
1003 1223 1193 1265 iudiciuin,
1221 1222 1319 1257 actio
1347 1222 1462 1267 [δίκη]
1490 1223 1585 1256 etc.“

313 1281 463 1325 mutuis]
491 1279 758 1313 communibus.

268 1341 310 1370 27
334 1337 424 1380 seio]
457 1336 535 1369 [am
567 1335 785 1370 sciscitando
817 1336 885 1369 sibi
917 1335 1153 1380 persuaserat
1182 1335 1267 1369 ante
1306 1345 1418 1378 quam
1449 1334 1684 1369 condiciones
1714 1334 1869 1370 Ortvino
1906 1346 1988 1380 pro-

359 1393 526 1436 poneret.

271 1452 313 1482 29
340 1459 440 1482 renes
458 1449 635 1492 put-ymo]
663 1448 707 1481 cf.
726 1449 773 1481 ad
799 1451 873 1482 14⁵³.

271 1510 313 1539 30
337 1504 442 1546 fuiss.
462 1532 468 1537 .
485 1531 490 1537 .
509 1505 671 1548 trans-ic]
699 1504 782 1538 alvo
801 1505 875 1538 cita
891 1504 1111 1538 laborarem.
1146 1503 1304 1538 ‘Debilis
1328 1503 1576 1538 transitionis'
1603 1503 1806 1538 vocabatur
1831 1515 1853 1538 a
1869 1515 1989 1549 gram-

360 1560 505 1593 maticis
533 1560 685 1594 verbum
711 1560 965 1602 transitivum,
992 1560 1123 1604 „quod
1148 1560 1305 1603 requirit
1328 1560 1413 1604 post
1437 1570 1474 1594 se
1501 1559 1695 1603 obliquum
1720 1559 1835 1594 alium
1861 1560 1906 1595 ab
1932 1571 1990 1595 ac-

362 1615 451 1658 tivo,
478 1618 520 1649 ut
544 1617 722 1650 misereor
746 1617 946 1661 pauperis.
967 1619 999 1650 .“

317 1675 385 1706 met
409 1672 519 1716 ivise]
546 1673 624 1716 ipse
651 1672 844 1706 venissem.

273 1734 313 1764 31
340 1729 449 1763 lam-sa
466 1728 532 1772 M]
566 1728 668 1762 cuius
692 1739 825 1773 regens
849 1728 1047 1772 primarius
1079 1729 1135 1762 est
1165 1729 1290 1762 noster
1314 1727 1443 1762 doctor
1467 1728 1505 1761 in
1530 1738 1634 1762 sacra
1658 1728 1805 1773 pagina.
1847 1728 1892 1763 of.
1910 1729 1990 1764 Ind.

360 1784 477 1828 biogr.
496 1796 531 1828 p.
551 1788 626 1819 322.
646 1796 677 1818 v.
698 1784 822 1818 Bursae
842 1784 1087 1818 Colonienses

467 1873 702 1908 EPISTOLA
719 1876 783 1912 46.
807 1874 924 1916 (ΑΡΡ.
943 1875 992 1916 5.)
1034 1873 1248 1908 IOANNES
1275 1873 1545 1909 CVRRIFICIS
1571 1874 1805 1910 ORTVINO.

272 1957 314 1987 34
340 1953 519 1995 „Ioannes
546 1952 730 1987 Currificis
761 1952 1075 1997 Landsbergensis
1099 1952 1280 1995 Bavarus,
1313 1952 1410 1997 Lips.
1428 1952 1526 1998 Mag.
1544 1952 1642 1987 Med.
1661 1953 1723 1988 Dr.
1742 1954 1891 1999 collegii
1915 1966 1990 1989 ma-

360 2009 446 2043 ioris
471 2009 624 2054 collega.
663 2008 788 2043 Claret
812 2009 932 2043 adhuc
960 2010 1003 2053 [a.
1024 2011 1177 2054 1515.]“.
1210 2009 1349 2044 Mader.
1369 2009 1516 2044 Centur.
1533 2021 1568 2044 n.
1587 2013 1640 2044 58.
1665 2010 1769 2044 Idem
1797 2010 1885 2045 ‘Ioa.
1905 2010 1991 2045 Cur-

362 2065 473 2106 rifex,
507 2065 597 2100 alias
628 2065 811 2110 Wagner,
845 2065 1178 2110 Landsbergensis’
1205 2065 1353 2110 collegii
1387 2066 1502 2110 princ.
1521 2065 1670 2100 maioris
1701 2066 1920 2112 collegiatus
1945 2067 1991 2102 ad

363 2133 393 2155 a.
415 2125 646 2156 1490...1509.
664 2123 892 2155 memoratur
930 2122 969 2155 in
1008 2123 1077 2155 act.
1102 2122 1201 2155 univ.
1220 2121 1317 2166 Lips.
1333 2132 1389 2166 ap.
1408 2121 1560 2156 Zarnck.
1585 2122 1627 2156 in
1651 2122 1764 2157 Abhh.
1784 2122 1848 2157 cler
1879 2123 1992 2158 sc'ichs.

365 2177 550 2212 Gesellsclz.
570 2178 604 2211 d.
628 2177 684 2211 W.
704 2178 775 2212 vol.
794 2177 839 2211 II.
857 2177 954 2221 Lips.
975 2182 1069 2212 1857.
1088 2190 1124 2222 p.
1145 2182 1218 2212 751.
1236 2190 1270 2211 11.
1290 2181 1342 2212 65,
1391 2177 1498 2212 Hunc
1529 2178 1651 2222 ipsum
1683 2178 1853 2213 deridere
1889 2178 1992 2213 volu-

364 2233 432 2266 isse
457 2233 566 2267 liuius
592 2244 648 2277 ep.
667 2235 857 2267 auctorem
889 2229 1041 2268 minime
1074 2234 1248 2278 equidem
1274 2234 1421 2278 opinor,
1457 2235 1589 2282 opinor
1619 2236 1744 2269 autem
1775 2235 1992 2269 memoriam

364 2288 433 2322 sibi
458 2289 537 2322 noti
561 2289 631 2322 viri
663 2288 844 2332 effecisse,
882 2291 924 2323 ut
955 2290 1032 2323 cius
1063 2298 1199 2323 nomen
1231 2290 1414 2334 epistolae,
1453 2302 1533 2334 quse
1564 2290 1825 2335 Heidelbergae
1856 2291 1993 2335 scripta

366 2344 535 2389 fingitur,
562 2345 820 2389 przeposuerit3
848 2346 947 2389 quod
971 2356 1017 2379 ne
1043 2346 1199 2379 nimium
1224 2346 1463 2380 manifestum
1489 2347 1600 2388 esset,
1628 2357 1672 2380 ex
1697 2345 1993 2392 Landsbergensi

365 2401 455 2434 fecit
478 2400 790 2434 Amba-eliensem:
824 2401 1003 2445 oppidum
1035 2403 1099 2434 aut
1128 2402 1230 2435 vicus
1260 2402 1421 2436 Ambcwh
1453 2402 1636 2446 (quamvis
1666 2402 1735 2436 hoc
1766 2413 1902 2437 nomen
1927 2402 1992 2436 ali-

366 2457 468 2491 cuius
493 2457 566 2491 vici
591 2468 668 2490 esse
686 2457 809 2501 potius
834 2468 945 2500 quam
963 2457 1081 2491 multa
1106 2458 1189 2499 alia,
1217 2468 1246 2492 e.
1265 2470 1317 2503 gr.
1337 2458 1609 2501 Dummerwitz,
1635 2460 1840 2502 exspectes)
1858 2459 1896 2492 in
1913 2460 1994 2494 tota

367 2512 575 2555 Germania,
602 2512 701 2557 quod
725 2513 849 2554 sciam,
876 2524 996 2557 neque
1017 2514 1129 2556 extat,
1154 2525 1276 2558 neque
1295 2514 1428 2548 extitit.
1453 2514 1657 2557 Hccmbccch,
1682 2514 1783 2549 vicus
1801 2526 1884 2549 cum
1909 2526 1992 2550 arce

366 2569 404 2602 in
429 2568 593 2613 Spirensi
611 2568 781 2611 docecesi,
809 2569 896 2603 satis
920 2571 1049 2603 notum
1075 2571 1130 2603 est
1153 2580 1300 2612 nomen,
1327 2570 1437 2614 quod,
1463 2571 1505 2604 ut
1520 2570 1718 2605 Hainbach
1741 2570 1780 2604 in
1805 2570 1887 2604 aliis
1904 2581 1993 2615 quo-

366 2636 437 2668 que
464 2624 670 2659 Germaniae
695 2625 869 2669 'partibus
900 2626 1068 2659 occurrit.
1095 2647 1137 2650 —
1167 2625 1272 2659 Alius
1298 2626 1470 2660 ‘Ioannes
1496 2625 1681 2660 Currificis
1711 2626 1991 2670 Herbornensis,

366 2680 619 2715 baccalaurius
648 2681 847 2726 theologiae
872 2681 1068 2724 formatus,
1102 2693 1132 2716 a.
1153 2685 1248 2717 1486.
1274 2682 1428 2717 Basileae
1460 2682 1618 2727 collegio
1643 2681 1855 2716 Brandiano
1879 2681 1919 2715 in
1942 2695 1993 2716 im

367 2748 480 2770 annos
505 2737 645 2780 primus
676 2737 873 2781 praefectus
904 2739 976 2771 est’
1004 2749 1073 2772 sec.
1091 2737 1260 2772 Vischeri
1288 2738 1410 2773 Gesch.
1430 2738 1493 2773 cler
1522 2738 1629 2773 Univ.
1646 2738 1758 2773 Basel
1788 2750 1823 2783 p.
1842 2742 1897 2773 84.
1945 2738 1995 2773 Et

368 2792 405 2825 in
431 2792 555 2825 album
580 2794 679 2827 univ.
698 2793 821 2828 Viteb.
840 2804 910 2827 sec.
928 2793 1105 2828 Forstem.
1124 2806 1159 2838 p.
1179 2798 1230 2828 11.
1248 2797 1300 2828 26.
1318 2794 1488 2839 inscripti
1513 2795 1614 2829 sunt:
1648 2806 1680 2829 a.
1699 2798 1795 2829 1503.
1846 2793 1993 2828 ‘Frater

370 2847 505 2891 Caspai·
523 2848 706 2883 Currificis
732 2850 776 2883 de
803 2849 976 2884 erffordia
998 2850 1116 2884 lector
1134 2850 1271 2884 ordinis
1295 2850 1510 2893 minorum',
1537 2851 1575 2885 et
1591 2861 1621 2884 a.
1643 2853 1738 2884 1508.
1767 2849 1840 2884 ⁶Fr.
1858 2860 1993 2895 gaspar

370 2903 545 2936 currificis
571 2904 646 2938 ord.
667 2904 700 2938 S.
719 2906 918 2950 Augustini
942 2905 1148 2940 Monacen.'

280 2961 366 3002 Pag.
388 2960 448 2996 70.

282 3019 297 3048 1
327 3014 484 3048 doctores
501 3018 532 3047 et
551 3017 726 3060 mrtyz'strae']
747 3016 885 3058 Quibus
903 3017 1090 3061 discipuli,
1111 3028 1206 3051 anno
1226 3022 1321 3052 1514.
1340 3018 1598 3062 Heidelbergae
1615 3018 1782 3062 inscripti
1798 3017 1992 3062 Philippus
