2119 3522
253 185 348 229 488
749 199 853 220 ιΝῡΕΧ
877 196 1130 219 BiOGRAPHJCVS
1154 197 1195 218 ET
1220 195 1460 218 ONOMASTICVS.

251 324 442 357 superasse
484 312 624 353 Quique
644 309 844 342 demosteni
868 319 976 350 grece
996 311 1032 340 et
1048 308 1153 340 tullio
1170 307 1285 340 latine
1305 308 1517 350 eloquencie
1541 309 1766 350 principibus
1783 309 1960 351 preripuit

252 381 295 401 ne
326 369 393 400 soli
424 371 586 399 oratores
618 368 740 397 essent
771 364 955 406 facileque
987 363 1030 395 de
1063 366 1141 395 arte
1175 364 1345 396 facundie
1382 374 1444 396 sue
1485 364 1592 396 claua
1623 364 1776 396 detrusit
1803 368 1842 397 vt
1871 365 1960 396 haut

251 424 428 456 immerito
454 422 515 453 lux
541 421 661 452 mundi
687 421 732 452 ab
759 419 973 452 allexandro
998 419 1105 460 hegio
1131 421 1167 451 et
1189 419 1346 451 Ioannes
1376 429 1528 461 magnus
1555 419 1600 450 ab
1626 419 1774 452 henrico
1798 420 1960 452 bebellio

251 481 296 511 sit
320 479 503 511 vocitatus
546 477 686 518 Dignus
711 476 875 517 profecto
901 475 1028 516 quouis
1052 474 1186 507 honore
1210 476 1424 507 reuerencia
1450 479 1486 507 et
1510 475 1692 518 dignitate
1718 476 1780 516 qui
1808 476 1958 508 hebreo-

250 545 324 566 rum
345 543 599 576 grecorumque
622 535 764 564 secreta
789 531 952 572 plurimis
977 531 1049 562 iam
1075 530 1180 561 annis
1206 531 1413 562 enixissime
1440 534 1637 572 penetrans
1661 531 1884 573 germaniam
1901 541 1961 563 no-

250 593 361 622 stram
378 588 568 630 magnifice
592 587 795 619 illustrauit
836 585 904 617 Cui
929 596 1043 627 genus
1068 586 1253 618 scribendi
1276 586 1475 618 facilimum
1499 587 1643 627 quidem
1659 586 1724 618 sed
1743 590 1779 618 et
1795 596 1961 618 sonorum

252 645 358 677 dictis
385 648 421 676 et
445 645 713 675 sentenciarum
738 642 921 685 grauitate
948 641 1231 673 illustrissimum
1256 642 1293 672 in
1317 642 1442 683 primis
1472 642 1645 674 refertum
1671 645 1707 674 et
1730 642 1961 675 memorabile

250 706 285 733 et
311 708 418 741 quoq3
443 699 546 731 docto
576 700 654 730 viro
681 698 930 740 dignissimum
983 698 1053 738 Qui
1083 698 1220 728 vtinam
1251 700 1326 729 tam
1351 697 1484 729 litteris
1519 708 1632 739 usque
1665 699 1743 729 sine
1778 698 1962 730 obstaculi

251 757 406 787 alicuius
432 754 699 796 intercapedine
723 763 855 785 vacare
880 757 1000 795 posset
1026 756 1134 795 atque
1158 753 1315 795 publicis
1345 753 1650 795 occupacionibus
1675 753 1817 794 cogitur
1841 763 1962 795 parem

250 816 347 844 certe
373 810 580 843 erudicione
608 813 644 841 et
668 809 838 841 librorum
865 809 1030 841 edicione
1058 812 1136 841 etas
1161 812 1285 841 nostra
1309 808 1463 840 haberet
1486 809 1665 841 neminem
1707 809 1836 841 Hicin
1855 820 1962 841 ceno-

249 869 307 899 bio
332 878 394 900 suo
420 865 676 908 spanhemensi
702 865 819 897 adhuc
853 865 1072 897 constitutus
1102 865 1259 907 plurima
1289 865 1502 897 excellentis
1527 865 1663 906 ingenii
1687 865 1743 897 sui
1768 864 1962 906 elegantis-

251 925 342 955 sima
375 922 592 964 conscripsit
622 920 798 963 opuscula
830 924 865 953 et
896 920 1070 952 nonnulla
1100 921 1289 953 deuocioni
1316 931 1358 952 ac
1386 921 1655 962 compunctioni
1681 920 1771 952 adeo
1798 931 1962 963 congena

248 984 287 1012 vt
313 990 366 1010 me
392 988 574 1019 nunquam
601 976 735 1008 similia
760 976 896 1018 legisse
921 976 1144 1008 meminerim
1187 977 1300 1008 Totus
1326 976 1420 1007 enim
1442 976 1546 1008 ardet
1565 976 1683 1008 feruet
1698 976 1864 1008 incendit
1880 987 1961 1008 sua—

250 1036 308 1067 det
344 1035 490 1066 instruit
521 1037 642 1065 monet
675 1033 824 1074 corripit
877 1032 950 1063 Nec
982 1032 1202 1073 quorundam
1234 1042 1331 1063 more
1363 1032 1644 1073 superuacaneis
1675 1031 1963 1073 allegacionibus

249 1095 391 1132 tempus
415 1089 594 1121 inutiliter
618 1089 766 1120 insumit
790 1087 853 1119 sed
878 1088 1056 1119 rhetorice
1082 1091 1243 1120 veterum
1268 1098 1365 1119 more
1398 1087 1627 1119 ornatissime
1652 1097 1717 1128 per
1742 1087 1822 1118 cola
1848 1091 1885 1119 et
1909 1098 1964 1119 co-

250 1150 348 1178 mata
375 1147 441 1183 [sic]
471 1145 663 1176 distinctus
689 1143 825 1175 incedit
850 1153 919 1174 nec
944 1142 1217 1184 superficialiter
1249 1143 1312 1174 sed
1343 1154 1385 1174 ex
1412 1142 1519 1174 corde
1547 1142 1696 1184 roquens
1722 1145 1796 1174 tam
1825 1143 1964 1175 erudite

252 1206 287 1233 et
319 1200 589 1233 rationabiliter
620 1203 692 1230 tam
726 1199 854 1231 deuote
889 1202 924 1230 ct
954 1198 1089 1230 diserte
1121 1201 1160 1230 vt
1190 1198 1337 1240 lapidea
1366 1198 1475 1230 corda
1500 1208 1605 1240 posse
1630 1208 1776 1230 mouere
1800 1199 1966 1230 videatur

250 1258 346 1288 Hinc
372 1261 427 1288 est
453 1256 545 1298 quod
572 1255 616 1286 ad
642 1255 740 1286 illius
766 1255 902 1295 scripta
928 1255 1061 1296 quique
1087 1254 1242 1286 studiosi
1267 1258 1303 1286 et
1321 1254 1443 1286 deuoti
1461 1254 1706 1296 perdiscenda
1723 1255 1966 1286 sentenciosis

250 1313 357 1344 dietis
383 1312 576 1343 trahantur
602 1315 637 1342 et
663 1314 793 1342 ornatu
838 1310 906 1350 Qui
934 1310 986 1342 sic
1010 1310 1144 1342 litteris
1171 1314 1207 1342 et
1231 1310 1397 1343 doctrina
1423 1311 1475 1342 sic
1502 1310 1610 1342 dictis
1636 1315 1672 1342 et
1697 1311 1965 1342 sentenciarum

249 1369 412 1400 vtilitate
438 1368 490 1400 sic
515 1366 717 1399 instruendi
742 1365 999 1398 beniuolencia
1026 1368 1061 1397 et
1086 1365 1178 1398 bene
1204 1366 1351 1398 viuendi
1379 1366 1529 1398 consilio
1555 1366 1718 1398 omnibus
1742 1366 1879 1398 viribus
1904 1377 1964 1408 ge-

250 1425 341 1456 niali
366 1424 520 1464 quadam
546 1423 666 1464 gratia
693 1425 833 1454 ceteros
859 1422 972 1453 nostri
997 1421 1113 1453 seculi
1137 1421 1301 1454 homines
1328 1421 1471 1453 excellit
1504 1425 1542 1453 vt
1567 1422 1674 1463 plane
1701 1422 1864 1454 omnibus
1889 1432 1966 1463 per-

251 1484 412 1521 spectum
444 1480 493 1511 sit
523 1478 625 1510 illum
657 1478 815 1509 numeris
849 1477 1156 1508 absolutissimum
1189 1478 1294 1510 nobis
1326 1489 1347 1509 a
1378 1481 1510 1509 natura
1542 1478 1587 1509 ad
1617 1477 1828 1509 miraculum
1859 1479 1966 1509 etatis

250 1536 354 1567 istius
380 1535 559 1577 proditum
586 1543 666 1565 esse
716 1534 856 1574 Quippe
883 1533 943 1574 qui
968 1536 1108 1564 tantum
1134 1534 1255 1565 mundi
1283 1537 1466 1575 stuporem
1493 1533 1536 1564 de
1567 1544 1606 1565 se
1637 1534 1767 1575 prebet
1792 1537 1828 1565 et
1854 1533 1967 1565 admi-

250 1592 433 1623 racionem
464 1593 504 1622 vt
533 1586 707 1621 demirar'i
737 1590 827 1622 satis
856 1592 1013 1630 nequeat
1042 1589 1135 1621 ullus
1166 1599 1275 1620 vnum
1307 1588 1448 1621 scilicet
1480 1600 1501 1620 a
1525 1592 1657 1621 natura
1683 1599 1762 1621 esse
1787 1588 1967 1630 proditum

251 1648 353 1680 cuius
384 1647 569 1688 ingenium
602 1649 637 1677 et
668 1655 800 1687 capere
833 1655 954 1676 omnes
987 1644 1200 1686 disciplinas
1232 1648 1355 1686 posset
1387 1648 1422 1676 et
1453 1645 1489 1675 in
1515 1644 1670 1687 singulis
1695 1645 1854 1686 reliquos
1878 1655 1967 1676 mor—

251 1702 345 1734 tales
376 1701 600 1734 antecellere
650 1700 716 1732 Cui
746 1711 812 1732 nec
846 1701 1035 1742 germania
1071 1700 1225 1732 similem
1262 1701 1372 1732 habet
1407 1711 1475 1732 nec
1510 1701 1628 1741 ytalia
1664 1705 1766 1733 tenet
1803 1700 1967 1742 equalem

252 1758 415 1790 Tandem
447 1768 532 1790 vero
564 1756 722 1789 offensus
754 1756 977 1798 inprobitate
1010 1756 1265 1789 monachorum
1300 1766 1443 1787 suorum
1476 1757 1535 1797 qui
1562 1767 1642 1788 eum
1668 1756 1814 1788 nimium
1840 1756 1968 1789 studiis

251 1815 429 1846 intentum
456 1823 536 1844 esse
562 1813 737 1844 (licebant
762 1811 979 1853 temporalia
1005 1822 1145 1853 quoque
1169 1812 1355 1854 negligere
1384 1816 1515 1852 agente
1541 1812 1578 1843 id
1604 1813 1640 1844 in
1667 1813 1719 1844 eis
1745 1812 1882 1844 inuidie
1908 1822 1969 1844 au-

252 1874 351 1902 ctore
383 1868 676 1910 multiplicesque
707 1868 896 1910 passiones
930 1873 965 1899 et
997 1867 1256 1910 displicencias
1287 1871 1414 1899 contra
1446 1878 1525 1900 eum
1557 1869 1785 1910 accipientes
1817 1868 1968 1900 scanda-

252 1926 353 1957 lizati
384 1927 467 1956 sunt
498 1925 535 1956 in
568 1934 608 1956 eo
643 1934 710 1964 quo
742 1924 896 1955 maxime
931 1923 1134 1955 debuerant
1165 1923 1327 1956 edificati
1354 1924 1466 1955 fuisse
1510 1923 1612 1956 Dans
1636 1924 1748 1965 igitur
1773 1923 1891 1956 locum
1915 1924 1968 1955 ire

251 1991 317 2013 nec
342 1991 421 2012 cum
446 1980 591 2021 ignauis
622 1980 833 2021 ignarisque
863 1983 899 2011 et
923 1979 1080 2020 ingratis
1106 1979 1247 2011 diucius
1273 1990 1420 2011 manere
1447 1980 1683 2012 consenciens
1707 1980 1969 2012 monasterium

253 2037 312 2068 cui
336 2037 407 2067 iam
433 2036 565 2077 viginti
590 2035 706 2067 tribus
730 2035 835 2067 annis
861 2034 1099 2067 laudabiliter
1125 2036 1314 2077 prefuerat
1333 2045 1412 2067 cum
1430 2035 1700 2067 habitatoribus
1719 2035 1915 2076 dereliquit
1933 2041 1970 2067 et

254 2092 299 2123 ad
325 2102 403 2124 eum
431 2100 498 2133 quo
525 2092 597 2122 iam
623 2091 725 2132 degit
749 2091 994 2123 habitacionis
1019 2091 1139 2124 locum
1163 2091 1440 2133 transmigrauit
1488 2091 1559 2123 Vbi
1585 2091 1677 2123 etin
1695 2101 1825 2133 magno
1843 2092 1969 2133 precio

253 2148 407 2179 habetur
433 2148 581 2189 scripsit
604 2148 727 2188 itaque
752 2147 790 2179 in
816 2147 958 2189 prefato
984 2148 1204 2179 monasterio
1230 2157 1292 2179 suo
1318 2147 1436 2180 adhuc
1463 2147 1680 2179 constitutus
1711 2147 1854 2188 gemino
1886 2146 1969 2178 stilo

253 2203 366 2234 multa
399 2202 565 2244 preclara
597 2213 641 2234 ac
671 2213 764 2244 pene
796 2202 937 2234 infinita
968 2204 1107 2245 ingenii
1137 2204 1194 2235 sui
1225 2204 1447 2245 sintagmata
1477 2203 1609 2245 quibus
1641 2203 1797 2234 nominis
1827 2202 1883 2234 sui
1906 2203 1970 2233 im-

254 2258 513 2290 mortalitatem
546 2261 581 2290 et
606 2258 758 2299 gloriam
785 2269 863 2290 cum
890 2269 1022 2300 magna
1046 2259 1155 2291 laude
1183 2262 1219 2290 et
1243 2260 1455 2300 reuerencia
1480 2259 1576 2301 apud
1601 2259 1856 2301 posteritatem
1881 2268 1973 2303 sem1

254 2325 318 2355 per
344 2314 524 2345 obtinebit
575 2314 732 2352 Quorum
764 2314 874 2346 lectio
908 2314 1046 2347 deuotis
1078 2318 1114 2347 et
1146 2314 1302 2346 eruditis
1332 2315 1420 2346 viris
1453 2325 1495 2345 ac
1528 2314 1639 2345 etiarn
1667 2314 1826 2346 cuiusuis
1852 2317 1971 2345 status

253 2369 458 2400 hominibus
489 2379 559 2400 non
589 2369 705 2400 minus
735 2369 838 2401 vtilis
870 2379 978 2411 quam
1013 2370 1276 2402 iucundissima
1309 2370 1564 2411 comprobatur
1618 2370 1647 2401 E
1680 2370 1810 2411 quibus
1844 2373 1971 2402 extant

257 2424 425 2456 subiecta

254 2480 499 2512 Abbreuiacio
527 2482 742 2512 statutorum
767 2481 903 2513 ordinis
1111 2481 1137 2513 li
1156 2489 1173 2521 J
1301 2477 1367 2520 Qm
1393 2481 1533 2513 volenti
1559 2481 1703 2522 singula

256 2537 308 2568 De
334 2535 437 2567 modo
464 2535 675 2567 celebrandi
701 2536 902 2578 capitulum
1112 2537 1137 2568 li
1158 2546 1174 2577 J
1301 2534 1368 2576 an
1397 2537 1433 2568 in
1461 2536 1690 2570 celebrandis
1716 2538 1890 2579 capitulis

256 2593 310 2623 De
336 2591 550 2623 visitacione
573 2591 829 2623 monachorum
1110 2593 1138 2625 li
1157 2602 1175 2634 J
1300 2593 1450 2625 Fratres
1476 2596 1557 2625 tuos
1582 2593 1754 2625 visitabis
1777 2595 1809 2625 si
1833 2597 1934 2625 recte

255 2648 295 2679 In
320 2646 483 2688 regulam
509 2647 628 2678 sancti
651 2647 837 2680 benedicti
1112 2649 1138 2680 li
1163 2649 1187 2690 ij
1301 2650 1431 2681 Venite
1457 2648 1523 2680 filii
1548 2649 1673 2681 audite
1698 2660 1753 2681 me

257 2703 560 2735 Exhortacionem
585 2702 632 2734 ad
656 2703 852 2735 monachos
1111 2704 1139 2736 li
1163 2704 1188 2745 ij
1300 2705 1436 2737 Milicie
1464 2705 1662 2736 christiane
1689 2705 1862 2737 conuenit

257 2758 311 2790 De
335 2758 602 2792 tentacionibus
628 2759 880 2801 religiosorum
1113 2760 1139 2792 li
1163 2770 1188 2800 1J
1301 2761 1506 2792 Humanum
1532 2771 1646 2802 genus
1671 2771 1736 2802 per

257 2813 310 2844 Ad
332 2813 512 2845 nicolaum
536 2815 788 2856 presbyterum
806 2815 850 2847 de
867 2816 946 2848 vita
963 2826 1067 2849 sacer
1114 2816 1140 2848 li
1157 2824 1174 2856 J
1303 2817 1403 2848 Petis
1430 2828 1451 2849 a
1475 2827 1530 2849 me
1555 2816 1699 2849 nicolae
1725 2816 1840 2848 frater

258 2870 312 2900 De
337 2869 434 2900 vicio
459 2870 694 2910 proprietatis
1109 2873 1137 2904 li
1157 2881 1174 2913 J
1303 2873 1437 2904 Omnes
1463 2872 1509 2904 ad
1533 2872 1647 2905 vitam
1672 2875 1835 2904 eternam
1859 2874 1938 2904 sine

258 2925 313 2956 De
339 2925 487 2956 miseria
511 2924 616 2957 huius
640 2927 713 2957 vite
949 2964 956 2969 ,
1115 2928 1142 2959 li
1161 2937 1178 2968 J
1305 2927 1394 2960 Cum
1419 2927 1467 2960 mi
1496 2928 1545 2960 sit
1569 2928 1646 2960 vita
1670 2927 1735 2970 piis
1760 2938 1915 2970 superne

258 2980 313 3011 De
338 2979 444 3011 ruina
469 2980 605 3012 ordinis
628 2983 743 3013 nostri
1036 2992 1038 2994 ’
1113 2984 1143 3015 li
1161 2992 1177 3023 J
1305 2984 1394 3016 Cum
1418 2983 1553 3016 ordinis
1577 2985 1691 3016 nostri
1712 2984 1903 3025 pristinum
1927 2983 1971 3016 de
