2119 3522
568 224 620 245 ΕΡ.
639 221 680 245 11.
706 223 895 245 CORNELIVS
918 222 1172 246 FENESTRIFICIS
1196 222 1353 244 ORTVINO.
1722 201 1816 246 547

101 281 188 323 Pag.
208 281 268 317 17.
1242 280 1328 321 Pag.
1344 281 1396 311 17.
1414 290 1444 311 v.
1460 287 1490 310 11
1508 302 1516 310 .
1529 302 1536 309 .
1552 302 1560 310 .
1577 278 1664 319 Pag.
1679 279 1730 310 18.
1749 288 1779 309 v.
1793 285 1818 308 8.

190 334 403 378 parationes
439 335 524 368 sunt
559 346 640 378 quae
676 334 749 368 alio
785 335 934 369 nomine
972 335 1148 376 Summae,
1187 345 1217 368 e.
1234 346 1288 378 gr.
1312 333 1611 377 „Reparationes
1640 331 1820 365 librorum

191 390 311 424 tocius
334 389 515 423 naturalis
539 390 773 434 philosophie
799 391 1001 424 secundum
1024 401 1236 435 processum
1252 389 1541 423 Albertistarum
1560 389 1598 422 et
1614 387 1819 422 Thomista-

191 448 305 478 rum“
325 445 485 479 Coloniae
514 456 546 479 a.
566 449 662 480 1494.
686 448 733 480 4⁰.
755 446 985 490 prodierunt.
1032 446 1141 480 Hain.
1164 458 1199 480 n.
1219 449 1338 480 13872.
1362 457 1388 479 S.
1413 444 1556 478 Panzer
1578 444 1673 478 Ann.
1691 445 1769 487 typ.
1794 444 1820 477 I.

190 513 226 545 p.
244 505 320 536 308.
337 513 373 535 n.
393 505 469 536 228.

102 561 145 592 30
164 558 393 601 passaqium]
419 557 613 599 transitus,
639 558 711 591 iter
736 559 774 592 et
798 559 870 592 iter
892 558 1123 599 institutum,
1151 557 1245 592 Gall.
1258 567 1424 600 pcessccye.
1464 556 1643 601 Ducange
1668 556 1702 589 h.
1722 568 1754 589 v.

101 617 142 646 31
168 613 281 646 tunic.
300 613 405 656 dom]
432 613 544 657 vulgo
570 614 634 647 der
655 614 737 647 heessl.
755 614 865 648 Roob.
913 614 965 648 Cf.
983 626 1065 657 quae
1091 613 1350 647 adnotavimus
1382 613 1427 646 ad
1453 612 1698 646 Η1111.Τι·10(1.
1716 612 1820 647 Rom.

192 672 210 709 ξ
230 672 303 703 188.
322 668 431 712 (Opp.
451 669 512 703 IV.
531 681 565 713 p.
585 671 687 713 ⁶233).
728 669 992 703 Gildemeister
1012 671 1050 703 et
1067 669 1181 713 Sybel
1199 668 1274 702 Der
1290 668 1376 702 heil.
1395 668 1497 702 Rock
1517 680 1559 701 zu
1578 668 1693 702 Trier.
1719 667 1823 701 Bonn

195 728 290 758 1844.
310 726 356 758 8⁰.

103 784 145 815 32
172 780 354 814 Cornutus
379 781 614 826 syllogismus
639 782 788 825 proprie
815 782 870 814 est
894 781 954 814 1110
980 780 1194 824 Chrysippi,
1222 781 1298 814 sive
1324 780 1518 813 Eubulidis
1544 782 1600 813 est
1624 782 1695 824 (ap.
1714 780 1821 824 Diog.

192 835 312 870 Laert.
332 837 411 871 VH.
432 839 521 880 187.)
548 865 567 879 „
579 836 616 870 Si
634 837 723 880 quid
740 848 814 870 non
834 836 1006 878 amisisti,
1024 836 1094 870 hoc
1112 836 1243 877 habes,
1263 847 1401 869 cornua
1418 837 1540 869 auten]
1560 846 1633 869 non
1651 836 1822 869 amisisti:

192 892 307 926 habes
324 904 413 937 ergo
432 896 612 928 cornua“.
635 893 722 926 inde
741 893 878 926 similes
896 892 1218 936 sophisticationes
1235 892 1434 932 ceratinas‚
1453 891 1613 935 κέρατα,
1638 892 1823 933 dicebant,

194 949 236 982 ut
253 948 513 991 crocodilinas‚
533 950 819 992 κροκοδείλους,
838 948 977 982 similes
993 948 1079 981 huic
1096 948 1187 981 item
1206 947 1434 991 Chrysippeo
1454 949 1525 990 (ap.
1544 946 1692 980 Lucian.
1707 947 1823 981 Vitar.

193 1005 288 1039 auct.
308 1007 387 1048 22).
436 1005 507 1047 „Si
535 1006 632 1039 hunc
658 1006 833 1049 [puerum
850 1004 976 1048 tuum]
1002 1004 1097 1038 forte
1123 1003 1328 1038 crocodilus
1353 1002 1400 1036 ad
1426 1002 1563 1036 flumen
1589 996 1824 1036 oberrantem

194 1061 332 1105 rapiat,
359 1072 401 1094 ac
426 1060 561 1095 deinde
579 1061 813 1095 redditurum
830 1072 868 1094 se
887 1060 957 1094 sibi
972 1060 1195 1104 polliceatur
1214 1070 1258 1093 ea
1274 1059 1375 1103 lege,
1403 1059 1432 1092 si
1456 1070 1585 1092 verum
1610 1058 1710 1092 dicas
1735 1059 1824 1102 quid

193 1117 367 1150 statuerit
382 1117 461 1161 ipse
480 1117 526 1150 de
544 1117 734 1151 reddendo
752 1128 885 1161 puero,
913 1116 1003 1159 quid
1028 1115 1128 1149 dices
1156 1115 1262 1148 illum
1280 1115 1512 1149 decrevisse?
1524 1117 1544 1132 “
1594 1114 1645 1148 Cf.
1663 1115 1824 1158 interpp.

194 1173 241 1206 ad
265 1172 481 1214 Quintilian.
498 1172 582 1207 inst.
601 1184 651 1207 or.
671 1173 696 1207 Ι.
718 1178 773 1215 10,
793 1174 842 1214 5.,
862 1172 909 1206 ad
926 1172 1076 1206 Lucian.
1095 1172 1180 1205 dial.
1199 1172 1374 1206 mortuor.
1393 1171 1418 1204 I.
1437 1174 1467 1204 2.
1487 1172 1525 1204 et
1546 1171 1727 1214 imprimis
1751 1170 1826 1204 Me-

193 1230 295 1273 nagii
313 1228 414 1263 Obss.
434 1229 480 1262 ad
498 1228 604 1273 Diog.
619 1228 740 1263 Laert.
754 1229 799 1263 H.
817 1240 930 1273 segni.
948 1232 1021 1262 108.
1060 1227 1138 1261 Hoc
1157 1229 1304 1261 tantum
1322 1227 1468 1261 adicere
1486 1226 1614 1269 liceat,
1633 1237 1706 1261 non
1724 1228 1826 1260 recte

194 1285 312 1318 videri
337 1284 383 1318 ad
408 1284 514 1318 illum
532 1286 727 1318 cornutum
746 1285 882 1318 adduci
902 1285 1023 1318 10011111
1042 1284 1223 1317 Artemid.
1240 1283 1448 1317 oneirocrit.
1467 1287 1498 1325 2,
1519 1294 1559 1317 11.
1586 1277 1670 1325 „siu
1687 1280 1710 1326 ἡ
1729 1279 1827 1326 γυνή

194 1353 262 1376 σου
291 1337 491 1384 πορνεύσει
524 1342 587 1376 καὶ
614 1338 654 1376 τὸ
682 1338 886 1385 λεγόμενον
912 1336 1052 1384 κέρατά
1077 1351 1134 1374 σοι
1159 1337 1360 1384 ποιήσει“,
1387 1350 1508 1382 neque
1534 1338 1826 1382 appellationem

192 1397 317 1431 mariti
348 1397 526 1431 adulterae
557 1396 697 1438 uxoris,
733 1396 951 1431 ‘Cornutus'
986 1396 1101 1439 (Gall.
1120 1396 1276 1429 cornard
1309 1395 1372 1439 [cf.
1391 1406 1469 1429 voc.
1488 1396 1613 1438 cocu],
1646 1395 1823 1428 1101001·-

192 1455 299 1496 nuto,
325 1453 440 1487 becco
465 1454 636 1495 cornut03
663 1464 771 1497 porre
796 1453 831 1486 le
858 1463 970 1486 corna
986 1469 1029 1481 -—-
1046 1452 1197 1486 Ho'rner
1220 1452 1420 1495 messetxen)
1447 1462 1491 1484 ex
1516 1451 1586 1484 isto
1612 1451 1826 1495 syllogismo

193 1509 450 1543 deducendam
476 1519 564 1543 esse.

103 1570 146 1600 34
170 1566 288 1599 maior
306 1593 313 1600 .
329 1593 337 1600 .
352 1593 360 1600 .
378 1566 510 1609 minor]
537 1565 581 1599 cf.
600 1565 682 1599 adn.
702 1566 749 1599 ad
767 1578 799 1599 v.
821 1570 848 1599 1.
867 1565 1106 1610 superiorem.

103 1626 146 1657 35
170 1621 404 1666 Hieronym]
432 1632 489 1666 ep.
510 1625 550 1655 15
568 1623 662 1664 (17).
690 1622 735 1655 ad
761 1621 961 1655 Damasum
995 1622 1073 1665 (ed.
1090 1621 1198 1655 Mart.
1217 1621 1243 1654 l.
1261 1632 1295 1664 p.
1315 1622 1396 1664 38):
1433 1620 1646 1662 „Quoniam
1678 1620 1826 1653 vetusto

195 1678 326 1712 Oriens
348 1678 447 1711 inter
469 1689 506 1712 se
532 1678 755 1722 populorum
780 1678 904 1712 furore
934 1678 1098 1719 collisus,
1140 1677 1369 1711 indiscissam
1395 1677 1485 1720 [non
1518 1676 1825 1717 ‘inconsutilem',

194 1734 293 1778 quod
318 1745 391 1768 non
408 1745 547 1768 novum
565 1734 734 1778 quidem,
759 1734 823 1768 sed
846 1734 1045 1768 barbarum
1070 1734 1293 1768 vocabulum
1317 1733 1390 1776 est]
1417 1732 1558 1765 domini
1580 1733 1764 1774 tunicam,
1791 1734 1828 1765 et

195 1791 356 1834 desuper
385 1791 544 1832 textam,
583 1790 796 1824 minutatim
829 1802 896 1834 per
920 1790 1038 1824 frusta
1062 1790 1240 1834 discerpit
1263 1790 1301 1823 et
1323 1788 1458 1823 Christi
1482 1788 1630 1822 vineam
1655 1789 1826 1822 extermi-

193 1847 285 1880 nant
308 1847 455 1891 vulpes,
488 1848 530 1880 ut
552 1847 651 1891 inter
674 1846 775 1880 lacus
801 1846 995 1889 contritos,
1030 1847 1093 1890 qui
1119 1857 1254 1890 aquam
1279 1856 1353 1879 11011
1377 1845 1532 1886 habent,
1567 1844 1735 1886 difficile,
1763 1844 1827 1877 ubi

193 1903 274 1937 fons
291 1903 456 1947 signatus
474 1905 512 1937 et
528 1903 657 1937 hortus
673 1903 737 1936 ille
755 1901 947 1936 conclusus
965 1903 1027 1945 sit,
1054 1902 1170 1946 possit
1193 1901 1372 1946 intelligi,
1401 1901 1482 1934 ideo
1500 1900 1591 1934 mihi
1609 1900 1824 1934 cathedram

193 1959 297 1993 Petri
322 1960 361 1992 et
382 1959 494 1993 fidem
519 1959 722 2003 apostolico
749 1970 810 1992 ore
841 1958 1032 1992 laudatam
1057 1959 1183 1992 censui
1206 1956 1470 1991 consulendam
1491 1984 1499 1991 .
1519 1959 1569 1991 .“.
1611 1956 1655 1989 cf.
1674 1955 1825 1990 Hieron.

196 2026 327 2059 evang.
345 2014 471 2049 Ioann.
490 2027 519 2049 c.
537 2028 607 2050 mx,
626 2029 655 2049 v.
669 2025 711 2049 23.

105 2076 147 2107 37
173 2073 217 2106 de
239 2072 332 2116 stylo
357 2073 494 2116 ermzy]
521 2072 592 2105 alio
618 2071 803 2105 scribendi
827 2082 983 2116 genere,
1011 2071 1112 2112 stilo,
1143 2070 1262 2104 utitur
1285 2070 1397 2113 atque
1423 2069 1669 2113 evangelium.

103 2132 147 2163 38
171 2128 402 2171 immodicae]
427 2128 555 2172 plane,
582 2139 746 2172 prorsus,
773 2128 850 2161 sine
877 2127 1108 2171 exceptione.

102 2189 146 2219 40
171 2185 214 2218 cle
238 2184 336 2226 facto
356 2211 363 2218 .
384 2212 391 2218 .
413 2211 420 2218 .
440 2195 463 2218 0
482 2185 598 2228 papa]
630 2183 774 2228 Lepida
803 2185 859 2217 est
887 2184 964 2217 haec
997 2182 1239 2217 contradictio
1272 2184 1310 2216 et
1341 2182 1505 2216 confusio
1532 2182 1825 2216 excommunica-

192 2240 304 2274 tionis
328 2240 412 2274 latae
438 2251 480 2274 ac
505 2239 667 2274 ferendae
692 2239 897 2274 sententiae.

103 2299 190 2341 Pag.
212 2297 274 2334 18.

104 2357 121 2386 1
148 2352 349 2396 curtisa‘ni]
376 2353 439 2396 qui
465 2364 486 2386 a
508 2353 610 2386 curia
633 2352 802 2387 Romana
824 2353 1005 2387 beneficia
1035 2353 1176 2387 habent
1198 2352 1263 2386 aut
1285 2352 1484 2385 sectantur.
1534 2350 1674 2395 Saepius
1699 2348 1824 2394 appel-

192 2408 332 2443 latione
358 2409 621 2443 contemnendi
647 2420 757 2443 causa
781 2411 952 2451 utuntur,
980 2409 1056 2443 fere
1082 2410 1124 2442 ut
1147 2408 1258 2442 hodie
1285 2408 1345 2442 die
1368 2408 1571 2451 Romlinye.

103 2469 123 2500 3
149 2465 363 2499 ‘tribulare'
390 2465 504 2499 verbo
535 2475 608 2500 non
637 2466 707 2499 nisi
737 2465 915 2499 translate
947 2466 1104 2499 utuntur
1129 2464 1283 2499 Obscuri
1309 2475 1376 2508 pro
1405 2475 1560 2508 angere,
1594 2463 1822 2504 calumniari,

194 2521 432 2555 ehiecmz‘eren.
474 2522 571 2565 quod
592 2522 721 2556 contra
736 2521 929 2556 haereticos
947 2522 985 2556 et
1000 2521 1118 2555 malos
1135 2521 1353 2555 christianos
1372 2520 1533 2554 zelosum
1545 2547 1552 2561 ‚
1578 2519 1766 2553 laudabile
1786 2520 1825 2552 et

193 2577 339 2621 piarum
365 2577 509 2610 aurium
534 2577 733 2612 delectatio
759 2579 825 2611 est.

148 2633 300 2676 simpleoe
323 2634 363 2677 3.]
390 2633 434 2667 cf.
452 2633 499 2666 ad
516 2635 584 2668 9³5.

103 2693 122 2724 7
149 2690 308 2724 latinum
331 2689 397 2732 id]
423 2688 468 2722 cf.
486 2689 565 2722 Ind.
583 2689 700 2733 biogr.
718 2701 753 2733 p.
772 2693 847 2723 351.
866 2690 934 2723 art.
953 2688 1141 2723 Corvinus.

104 2749 124 2780 8
148 2745 311 2790 91071110]
337 2744 555 2779 Β1000100111.
587 2745 631 2779 cf.
650 2745 727 2779 Ind.
745 2745 862 2789 biogr.
881 2757 915 2789 p.
935 2749 1010 2778 317.
1027 2745 1062 2778 h.
1080 2747 1148 2778 art.

148 2801 341 2835 Valerium
357 2800 561 2834 Maximum
585 2788 662 2835 tffm
681 2800 841 2835 Coloniae
867 2811 978 2844 quam
996 2800 1128 2844 Lipsiae
1155 2811 1197 2834 ac
1215 2800 1486 2845 Wittenbergae
1513 2801 1552 2834 et
1574 2800 1611 2833 in
1637 2799 1718 2834 aliis
1743 2800 1821 2834 uni-

193 2857 431 2891 versitatibus
454 2858 534 2890 tum
557 2857 717 2890 maxime
742 2857 805 2900 qui
830 2856 1060 2891 vocabantur
1083 2857 1203 2900 poetae
1229 2856 1266 2890 111
1292 2856 1425 2890 00110110
1447 2857 1635 2901 legebant.
1682 2856 1821 2890 Editio-

192 2924 282 2946 num
299 2912 384 2946 inde
403 2913 448 2947 ab
467 2924 498 2947 a.
517 2917 613 2948 1471.
631 2912 905 2957 publicatarum
930 2922 1105 2956 magnam
1131 2913 1275 2956 copiam
1301 2912 1442 2947 indicat
1464 2912 1607 2947 Panzer
1628 2912 1723 2946 Anu.
1742 2914 1821 2956 typ.

192 2968 236 3003 V.
254 2981 289 3013 p.
306 2972 382 3004 436.
400 2980 452 3013 sq.
476 2969 537 3004 XI.
554 2981 589 3013 p.
610 2973 684 3003 158.
702 2980 754 3012 sq.

141 3026 282 3069 poetas]
309 3025 353 3059 cf.
371 3025 416 3059 ad
437 3029 454 3060 7
467 3027 503 3059 ¹².

1481 3082 1551 3116 35*
