2119 3522
380 240 452 262 EPP.
466 237 508 263 26.
521 238 564 263 27.
589 240 665 263 ANT.
678 240 935 264 RVBENSTADIVS
951 239 1110 265 ORTVINO.
1127 248 1172 254 —
1186 240 1255 263 IoA.
1273 240 1481 264 STABLERIVS
1498 241 1656 264 ORTVINO.
1783 222 1843 267 57
1852 223 1878 267 9

163 297 250 339 Pag.
268 295 334 332 40.
1285 298 1373 340 Pag.
1386 300 1440 331 40.
1457 310 1488 330 v.
1503 306 1535 331 16
1554 324 1561 331 .
1576 323 1583 330 .
1598 323 1605 330 .
1622 299 1708 339 Pag.
1721 299 1775 330 41.
1794 309 1824 330 v.
1838 306 1880 330 14.

164 354 206 384 35
224 361 302 394 sqq.
327 350 409 385 vad.
436 379 442 385 .
462 379 468 385 .
492 352 642 396 vescere]
675 351 775 395 apud
798 362 863 385 nos
887 352 1024 395 passim
1049 353 1230 397 spei-gunt
1252 363 1440 386 rumorem
1464 352 1597 386 fratres
1620 351 1882 396 praedicatores

257 405 304 440 ad
328 406 397 440 hoe
422 406 640 451 impetrasse
659 434 665 440 .
682 434 688 440 .
705 433 730 449 .,
757 408 800 441 ut
824 408 976 451 possent
1000 420 1033 442 v.

163 464 248 505 Pag.
267 463 332 499 41.

166 521 181 550 l
208 518 250 551 in
268 545 274 551 .
293 546 298 551 .
315 546 321 551 .
341 519 453 563 basso]
478 529 546 552 wes
562 518 720 552 Stcmdes
739 519 792 552 sie
808 519 902 553 auch
917 519 1032 561 sez’eoz,
1056 519 1170 553 hohen
1186 519 1272 554 oder
1287 519 1460 554 m‘ederen
1478 521 1546 554 ete.
1595 520 1720 554 Verba
1735 521 1884 564 sumpta

253 575 340 608 sunt
363 585 407 608 ex
425 574 576 609 Thomae
601 574 646 608 de
664 574 817 618 Waleys
833 574 1079 618 Metamorph.
1101 574 1156 608 ed.
1174 575 1287 608 Paris.
1308 579 1403 610 1509.
1421 577 1467 610 4⁰.
1485 576 1546 609 fol.
1565 588 1601 609 1x
1610 577 1633 609 b.
1659 575 1779 620 „quia
1801 576 1882 609 bre-

252 629 350 663 viter
378 640 452 663 non
485 630 541 663 est
564 630 673 664 hodie
700 630 787 665 dare
813 631 976 674 aliquem
1001 631 1139 664 statum
1163 631 1241 664 siue
1266 631 1440 665 bassum:
1459 631 1536 665 31116
1562 631 1679 665 altum
1698 645 1705 664 t
1724 631 1801 665 31116
1827 642 1883 665 66-

253 685 499 719 clesiasticum
518 700 525 719 :
545 685 622 720 siue
654 687 884 720 mundanum
918 687 957 720 in
994 697 1067 730 quo
1103 697 1177 720 non
1221 686 1268 720 sit
1309 686 1396 720 dare
1433 687 1641 731 nymphas:
1660 687 1884 720 famulantes

255 740 373 775 dianae
393 741 438 774 .i.
464 752 641 785 personas
665 742 883 776 obedientes
910 742 1064 776 luxuriae
1084 744 1155 775 ..“.

165 801 183 830 2
212 798 251 830 in
275 800 360 831 actu
384 797 448 831 illo
473 799 548 841 etc]
574 798 679 832 Hanc
704 797 937 831 iudiciariam
962 798 1127 839 turbam,
1156 797 1201 831 de
1227 808 1302 841 qua
1324 799 1362 831 in
1387 799 1638 843 superioribus
1658 810 1805 843 quoque
1823 810 1885 833 vo-

253 852 456 886 luminibus
481 853 660 897 (impl-im.
679 852 743 886 ΠΙ.
760 864 795 897 p.
814 856 890 887 438.
909 864 986 896 sqq.
1011 853 1094 896 [ubi
1117 865 1152 897 p.
1170 857 1247 888 438.
1265 854 1312 887 ad
1334 866 1367 887 v.
1387 858 1460 888 750.
1481 865 1548 898 pro
1579 856 1650 888 ⁴11.
1670 854 1762 889 Oct.⁷
1788 866 1884 899 pone

255 911 325 943 ι13.
344 907 474 953 061.’])
507 908 731 952 aliquotiens
756 919 876 942 sermo
902 908 988 950 fuit,
1021 908 1100 952 ipse
1125 908 1353 942 Reuchlinus
1376 909 1415 942 in
1441 909 1599 953 epistola
1623 910 1670 943 ad
1694 910 1885 955 Wimphe-

253 964 398 1009 lingum
416 964 449 998 d.
468 975 493 998 s.
512 964 671 998 Andreae
690 975 720 998 a.
740 968 836 998 1513.
855 964 993 1008 scripta
1011 964 1070 1007 (cf.
1090 963 1220 1008 Consp.
1239 964 1403 998 chronol.
1421 964 1453 998 d.
1473 969 1526 999 30.
1543 964 1637 999 Nov.
1656 976 1686 999 a.
1707 969 1817 1009 1513.)
1836 967 1886 1000 316

253 1020 464 1064 descripsit:
492 1047 532 1062 „.
547 1047 554 1054 .
571 1020 727 1054 Iamiam
752 1020 884 1054 aderat
905 1020 1082 1054 terribilis
1107 1019 1169 1053 ille
1196 1020 1274 1054 dies
1298 1020 1492 1054 sententiae
1510 1020 1690 1063 ferendae,
1718 1033 1798 1065 quae
1815 1022 1887 1055 fuit

253 1077 387 1120 quarta
409 1075 505 1110 feria
531 1077 629 1120 [post
653 1076 753 1110 diem
778 1088 804 1110 s.
822 1076 1006 1120 Dionysii,
1032 1076 1054 1109 i.
1074 1086 1104 1110 e.
1123 1076 1157 1110 d.
1177 1079 1228 1110 13.
1248 1076 1328 1110 Oct.
1346 1087 1376 1110 a.
1397 1076 1525 1119 1513.],
1558 1076 1596 1109 in
1622 1088 1696 1120 qua
1720 1078 1885 1111 creatum

253 1133 308 1166 est
331 1132 514 1166 luminare
540 1132 678 1174 minus,
709 1133 752 1166 111
774 1133 951 1177 praeesset
974 1132 1091 1166 nocti:
1125 1132 1164 1166 et
1192 1132 1283 1166 hora
1313 1143 1421 1166 mane
1455 1133 1586 1166 octava
1611 1143 1695 1166 611111
1719 1133 1885 1167 nondum

252 1188 424 1222 rediisset
455 1199 477 1222 a
506 1188 656 1222 domino
688 1188 910 1233 Moguntino
940 1188 1097 1222 nuncius
1128 1188 1433 1232 praememoratus
1465 1187 1531 1232 [ad
1555 1188 1885 1233 Archiepiscopum

252 1244 418 1278 Urielem
443 1243 804 1289 Aschaffenburgum
829 1255 850 1278 a
875 1244 1134 1278 commissariis
1158 1244 1342 1278 iudicibus
1366 1243 1716 1288 Moguntinensibus
1742 1245 1884 1287 missus,

249 1301 292 1334 111
323 1299 534 1334 differretur
564 1300 750 1334 sententia
780 1300 818 1333 in
850 1311 961 1334 causa
983 1299 1220 1344 Reuehlini],
1251 1311 1320 1334 nec
1352 1301 1463 1334 antea
1492 1300 1625 1344 aliquis
1657 1300 1883 1335 adversario-

252 1367 335 1389 rum
366 1367 534 1390 meorum
566 1356 677 1389 sciret
707 1357 905 1400 quicquam
938 1356 983 1390 de
1016 1356 1151 1390 nuncio
1184 1355 1294 1389 misso
1326 1357 1391 1390 aut
1421 1356 1663 1398 remittendo,
1701 1357 1886 1390 venerunt

252 1412 291 1445 et
315 1422 504 1455 pavonum
528 1412 714 1456 gressibus
739 1411 971 1446 incesserunt
995 1412 1212 1456 amplissimi
1237 1411 1366 1445 Patres
1392 1412 1430 1445 61
1453 1411 1601 1446 Fratres
1617 1411 1885 1446 Praedicatores

251 1479 335 1501 cum
369 1478 434 1501 suo
465 1467 686 1511 Inquisitore
720 1467 1001 1512 [Hochstrato],
1033 1468 1216 1501 irruentes
1247 1468 1456 1509 turmatim,
1495 1468 1595 1501 certe
1627 1478 1711 1500 eum
1742 1468 1885 1512 ingenti

251 1534 406 1568 pompa:
434 1525 473 1557 et
495 1523 605 1557 simul
629 1523 808 1557 Doctores
832 1522 1045 1567 Theologiae
1072 1523 1242 1567 plurimi,
1276 1524 1314 1556 et
1338 1523 1383 1556 de
1411 1522 1564 1557 Colonia
1589 1524 1626 1557 61
1651 1523 1697 1557 (16
1722 1523 1887 1558 Lovania

252 1580 290 1613 et
314 1580 359 1613 (16
383 1579 598 1621 Erdfordia,
632 1580 674 1613 ut
698 1579 909 1621 dicebatur,
943 1590 1033 1623 quos
1062 1590 1188 1613 secum
1214 1579 1457 1612 adduxerant.
1504 1577 1675 1622 Denique
1700 1580 1886 1613 trecentos

251 1635 365 1669 etiam
391 1635 470 1669 dies
494 1635 727 1669 donaverant
750 1635 1070 1680 indulgentiarum
1097 1645 1141 1668 ex
1166 1635 1340 1669 thesauro
1357 1634 1530 1668 Ecclesiae
1549 1633 1748 1669 Catholicae
1770 1635 1885 1669 omni-

250 1691 338 1734 bus,
365 1692 577 1735 quicunque
602 1691 688 1725 111116
713 1692 814 1725 actui
838 1691 1026 1726 adessent:
1059 1691 1158 1725 unde
1185 1692 1426 1725 accurrerunt
1448 1690 1532 1735 plus
1558 1702 1671 1734 quam
1694 1691 1796 1725 misse
1821 1691 1885 1725 ho-

250 1748 386 1790 mines,
413 1748 606 1792 cupientes
629 1747 756 1782 videre
780 1747 908 1790 finem,
934 1748 1083 1792 iamque
1108 1758 1175 1792 pro
1200 1747 1380 1781 tribunali
1397 1746 1525 1781 sedere
1545 1748 1736 1791 coeperant
1752 1758 1885 1792 graves

249 1803 323 1838 fllae
342 1803 522 1837 columnae
535 1803 726 1845 Ecclesiae,
743 1804 809 1838 sub
828 1815 984 1848 quorum
1000 1803 1159 1848 pedibus
1176 1799 1277 1837 t'erra
1293 1803 1439 1846 tremit,
1460 1814 1502 1837 ae
1519 1814 1594 1837 una
1610 1814 1694 1837 cum
1713 1804 1764 1837 eis
1780 1804 1887 1837 sedet

250 1860 288 1894 et
318 1860 626 1904 praetensissimus
655 1859 857 1904 Inquisitor
880 1861 1072 1904 tamquam
1097 1859 1223 1901 Iudas,
1257 1859 1359 1893 volui
1384 1859 1507 1893 dicere
1532 1858 1661 1901 iudex,
1695 1859 1760 1903 qui
1783 1859 1885 1903 prius

248 1915 321 1949 fuit
343 1927 445 1960 pars,
478 1916 558 1949 tum
585 1918 687 1950 ecce!
724 1916 884 1950 accurrit
907 1915 1062 1949 nuncius
1086 1914 1366 1959 Arehiepiscopi
1393 1926 1477 1949 curn
1507 1914 1684 1949 mandato
1716 1915 1884 1959 superius

251 1972 557 2014 commemorato,
591 1972 691 2016 quod
721 1972 795 2006 illis
819 1972 1018 2016 requisitus
1042 1972 1207 2005 notarius
1232 1971 1450 2014 insinuavit,
1484 1971 1583 2005 clara
1608 1981 1698 2004 voce
1722 1970 1883 2015 legendo

249 2038 373 2062 eoram
400 2027 500 2062 omni
523 2027 681 2072 populo,
716 2028 797 2061 erat
821 2027 920 2061 enim
944 2028 982 2060 in
1006 2027 1137 2071 lingua
1160 2027 1350 2061 teutonica
1374 2027 1641 2071 conscriptum,
1675 2027 1714 2060 61
1737 2026 1884 2060 decide-

250 2084 338 2117 runt
362 2083 486 2118 vulims
511 2083 661 2118 illorum
685 2094 945 2128 pronosorum,
973 2084 1015 2117 ut
1038 2083 1100 2117 vix
1117 2083 1258 2117 hiscere
1280 2083 1439 2126 quirent.
1487 2082 1591 2116 Tunc
1609 2082 1768 2116 surrexit
1783 2082 1884 2116 Iaco-

248 2139 317 2173 bus
340 2139 404 2173 ille
430 2139 475 2174 de
502 2139 579 2173 alta
595 2139 722 2184 platea
740 2140 778 2173 et
793 2139 1072 2183 protestabatur
1089 2139 1134 2173 de
1154 2138 1340 2183 denegata
1356 2138 1516 2181 iustitia,
1542 2138 1710 2182 profecto
1726 2137 1883 2171 nimium

248 2195 381 2229 frivole
415 2196 453 2229 et
482 2206 594 2239 super
625 2206 736 2239 quam
767 2195 856 2229 ferri
888 2195 998 2229 decet
1027 2195 1242 2237 temerarie,
1277 2195 1406 2228 contra
1427 2195 1575 2228 tantum
1601 2195 1639 2228 et
1662 2195 1741 2228 tam
1765 2193 1884 2228 Reve-

248 2251 509 2286 rendissimum
539 2251 740 2285 Dominum
770 2250 1114 2296 Moguntinensem,
1153 2251 1216 2295 qui
1248 2261 1323 2285 non
1354 2250 1558 2294 denegavit
1586 2249 1785 2291 iustitiam,
1818 2249 1884 2283 sed

248 2307 344 2342 fovit
360 2335 481 2341 ......
513 2307 593 2341 Hoc
623 2307 734 2342 modo
760 2308 902 2342 confusi
926 2307 1078 2349 rubore,
1110 2307 1185 2340 imo
1216 2305 1368 2350 quidam
1400 2317 1528 2340 eorum
1557 2305 1675 2339 livore
1705 2305 1837 2349 pallidi
1862 2317 1884 2339 a

249 2364 450 2407 conspectu
480 2363 674 2397 hominum
704 2374 742 2397 se
768 2363 1047 2405 subtraxerunt,
1078 2373 1146 2407 per
1177 2362 1365 2406 quendam
1391 2361 1553 2396 ambitus
1584 2360 1684 2395 illius
1714 2361 1883 2395 strictum

248 2420 486 2465 angiportum
517 2420 555 2453 in
587 2419 739 2454 domum
770 2419 931 2453 vicinam
958 2419 1152 2461 Canonici,
1184 2418 1309 2453 1163610
1335 2418 1454 2460 cuius,
1487 2417 1629 2452 36111661
1657 2417 1777 2451 beatae
1802 2417 1883 2451 Vir-

247 2476 344 2521 ginis
370 2475 416 2510 ad
441 2475 594 2521 gradus,
627 2487 711 2510 cum
735 2475 854 2509 multa
877 2475 1165 2509 subsannatione
1197 2473 1480 2518 insequentibus
1509 2473 1634 2517 pneris
1660 2474 1698 2506 et
1726 2473 1882 2507 striden-

247 2532 348 2566 tibus
372 2532 527 2574 adultis,
561 2544 645 2566 611111
671 2532 836 2566 omnium
862 2532 949 2566 voto
982 2533 1020 2565 et
1043 2530 1312 2575 imprecatione
1342 2530 1411 2563 hac
1443 2540 1516 2563 non
1542 2529 1689 2563 occulta
1714 2529 1882 2563 ‘Utinam

248 2588 380 2622 fratres
406 2588 468 2622 isti
493 2588 636 2622 arvales
660 2588 731 2632 ipsi
756 2588 1079 2630 comburerentur,
1111 2587 1175 2630 qui
1200 2586 1284 2619 huic
1309 2586 1389 2619 viro
1414 2586 1511 2619 bono
1537 2583 1738 2619 voluerunt
1760 2585 1882 2619 facere

249 2644 423 2678 iniuriam
449 2645 488 2678 et
510 2644 674 2689 irrogare
700 2643 923 2678 infamiam'.
970 2643 1050 2687 Ego
1076 2642 1151 2676 abii
1175 2641 1366 2675 tandem.“

159 2705 189 2734 3.
208 2711 287 2744 sqq.
308 2699 458 2743 quidam
477 2700 592 2742 prced.
612 2700 693 2743 etc]
730 2699 782 2733 Cf.
800 2699 879 2732 Ind.
897 2699 1015 2743 biogr.
1033 2710 1118 2742 pag.
1137 2701 1213 2731 512.
1231 2709 1283 2740 3(1.
1302 2697 1368 2730 art.
1387 2695 1595 2738 Zehender,
1630 2697 1669 2730 et
1698 2696 1883 2740 imprimis

247 2755 439 2799 Triumph.
456 2755 609 2789 Reuchl.
628 2767 687 2789 vv.
707 2759 782 2790 772.
799 2767 878 2798 sqq.
904 2754 1024 2798 (Hutt.
1043 2754 1137 2797 Opp.
1156 2753 1218 2786 ΠΙ.
1236 2753 1378 2796 1].439.)

158 2816 178 2846 8
204 2811 405 2855 fallaciam]
432 2811 532 2844 viam
556 2810 733 2844 furtivam
759 2809 971 2844 avertendae
996 2809 1125 2843 iudicii
1151 2808 1390 2843 executionis.

157 2872 177 2902 9
202 2879 281 2911 sqq.
306 2877 405 2901 unus
428 2866 546 2901 socius
571 2867 652 2911 etc]
684 2866 772 2900 Haee
804 2865 973 2909 quamvis
998 2864 1164 2898 Hutteno
1196 2874 1270 2898 non
1300 2863 1397 2897 male
1429 2864 1672 2906 conveniant,
1702 2864 1732 2897 is
1756 2864 1882 2898 tamen

247 2922 307 2956 hie
332 2922 450 2956 socius
475 2933 549 2956 non
574 2922 665 2956 fuit:
691 2933 777 2956 nam
810 2922 896 2955 ante
928 2932 1066 2954 annum
1092 2924 1187 2954 1514.
1205 2931 1278 2954 non
1310 2930 1479 2953 reversus
1512 2921 1568 2954 est
1599 2931 1643 2954 ex
1668 2919 1788 2954 Italia.
1837 2920 1881 2954 cf.

247 2978 351 3012 Hutt.
371 2977 466 3023 Opp.
483 2978 511 3012 Ι.
528 2990 563 3012 n.
580 2991 637 3012 xx.

158 3039 201 3069 14
220 3035 431 3078 pultronus]
457 3033 653 3078 Ducange:
681 3033 926 3078 „Pultrones,
952 3033 996 3067 It.
1007 3033 1212 3076 poltrowes,
1239 3032 1334 3067 Gall.
1346 3033 1513 3076 poltrons
1531 3060 1536 3065 .
1553 3060 1559 3066 .
1576 3035 1614 3066 .“
1641 3031 1879 3075 „Posti-onus,

1540 3089 1612 3124 37ss
