2119 3522
714 203 922 226 ALEXANDER
946 204 992 225 DE
1015 203 1121 226 VILLA
1144 204 1215 226 DEI.
1721 185 1815 230 299

104 320 216 365 774.,
251 321 381 357 Sermo
404 321 620 357 Alexandri
649 321 693 355 de
725 332 756 356 z.
778 321 813 355 cl.
836 331 900 368 ap.
922 318 1047 355 Hain.
1070 323 1130 356 n0.
1150 319 1264 364 775„
1311 320 1588 356 Vocabulccrius
1609 332 1673 369 ap.
1691 318 1815 357 Hain

100 381 159 413 n0.
179 377 271 414 776.
323 376 387 413 De
410 377 563 412 Summa
585 387 615 412 s.
637 376 878 423 Aryzcmentzs
899 378 1065 421 capitum
1086 388 1246 425 ommam
1268 377 1464 412 bzblz'orum
1485 379 1682 423 utrzusque
1703 380 1817 412 testa-

101 435 215 468 menti
244 431 433 470 videatur
453 431 663 468 Fabricius
692 431 734 467 in
763 429 869 467 Bibl.
891 430 982 467 Lat.
1005 431 1109 470 med.
1132 430 1360 481 Hamburgi
1384 431 1503 468 1734.
1527 432 1585 469 8⁰.
1607 431 1641 468 I
1663 445 1702 482 p.
1724 433 1816 469 197.

99 488 335 538 Diligenter
367 488 416 525 de
447 486 677 525 Alexandri
706 486 866 536 scriptis
907 499 1038 536 nuper
1076 487 1297 537 disputavit
1330 486 1421 525 Can
1443 486 1602 525 Thurot
1629 487 1694 525 De
1721 486 1816 525 Ale-

98 543 244 581 xandri
283 544 333 582 de
362 544 471 581 Villa
511 543 577 580 dei
607 541 836 579 Doctrinali
865 542 934 579 &e
956 542 1084 581 Pa1is.
1110 543 1230 580 1850.
1254 544 1311 580 8⁰.
1323 572 1332 589 ,
1375 556 1424 580 ex
1460 555 1538 607 quo
1570 543 1708 581 libello
1739 544 1817 581 iam

100 613 222 650 supra
261 614 344 637 non
383 599 516 637 nullos
552 598 820 636 recentiorum
850 598 1117 636 litteratorum
1149 612 1302 636 errores
1334 599 1591 637 colreximus.
1649 601 1818 637 Primum

101 657 206 703 Opus
234 668 264 692 s.
283 657 535 702 Alphabetum
564 658 705 701 maiſtres
737 653 934 691 Iohannis
956 653 1171 691 Ianuensis
1196 649 1403 692 Catholico
1431 655 1692 702 simillimum,
1727 670 1816 706 pio-

97 712 204 750 saice
226 711 449 750 secundum
471 711 654 748 ordinem
675 684 975 760 alphabeticum
997 709 1048 747 ad
1067 715 1172 748 artes
1191 710 1403 748 liberales
1397 724 1681 762 sacrorumque
1696 712 1817 749 libro-

99 782 184 805 rum
214 768 594 818 interpretationem
632 766 883 815 pertinentia
914 766 1108 803 continet.
1169 766 1269 812 „Ab
1308 767 1377 804 illo
1408 766 1640 816 Alphabeto
1678 769 1817 805 maiori

98 824 335 862 Alexander
356 828 592 860 extraoeerat
619 823 696 859 tria
727 834 850 871 opera
879 821 1063 859 versibus
1093 822 1260 871 scripta,
1295 822 1346 859 ad
1367 823 1664 860 institutionem
1685 837 1815 861 usum-

97 893 176 931 que
207 880 442 917 clericorum
473 877 792 924 accommodata,
827 883 866 915 et
896 877 1040 927 quibus
1070 878 1297 916 clericalem
1319 878 1658 929 christianamque
1680 893 1809 929 quam-

99 936 190 974 dam
221 932 574 986 ἐγκυκλοπαιὸείαν
604 934 817 984 complecti
846 933 922 971 sibi
952 933 1186 980 videbatur,
1220 936 1445 971 Doctrinale
1475 935 1646 981 50111001,
1681 938 1815 972 Eccle-

97 995 209 1039 siale,
252 994 485 1029 Glossarium
517 990 731 1041 (101111111οιι
771 990 972 1041 incipiens
1006 990 1179 1028 ‘Vocum
1210 1004 1281 1040 pro
1314 1004 1431 1041 posse
1463 1004 1560 1041 paro
1592 992 1817 1041 significata

99 1049 276 1087 docere‘.
337 1047 422 1095 „In
453 1049 671 1084 Doctrinali
699 1046 875 1084 leoninis
906 1046 1088 1084 versibus
1121 1046 1390 1097 descripserat
1420 1060 1508 1097 quae
1541 1047 1590 1085 de
1622 1061 1815 1098 gramma—

97 1106 176 1143 tica
205 1104 282 1142 sibi
309 1103 556 1142 videbantur
577 1103 704 1153 magis
727 1108 835 1153 apta.
894 1103 945 1140 In
967 1105 1176 1140 Ecclesialz·
1195 1110 1434 1154 reposuerat
1455 1104 1732 1141 calendarium
1752 1104 1817 1142 vel

98 1161 300 1212 quidquid
330 1159 562 1211 pertinebat
593 1158 644 1196 ad
677 1164 905 1209 compotum
939 1157 987 1207 [i.
1012 1172 1046 1198 e.
1069 1165 1299 1210 computum
1319 1174 1350 1197 5.
1373 1155 1722 1212 chronologiam],
1756 1161 1817 1198 ius

99 1223 139 1255 et
170 1217 346 1254 officium
377 1216 568 1255 ecclesiae.
632 1218 866 1252 Glossarium
889 1216 1042 1253 omissis
1072 1216 1119 1253 iis
1149 1229 1237 1266 quae
1266 1217 1408 1253 iamin
1429 1216 1659 1254 Doctrinali
1681 1222 1720 1254 et
1740 1217 1815 1255 Ee-

97 1273 250 1311 clesiali
282 1273 568 1323 exscr'ipseiat,
609 1285 691 1308 11011
725 1271 804 1309 alia
836 1271 1071 1309 continebat
1102 1285 1221 1322 quam
1251 1272 1528 1323 Alphabetum
1558 1273 1703 1319 maius,
1744 1274 1816 1311 sci-

94 1330 191 1368 licet
220 1342 362 1367 vocum
393 1328 717 1393 significationes
744 1333 783 1365 et
815 1329 1130 1378 grammaticalia
1161 1328 1406 1374 accidentia,
1449 1342 1702 1381 s3nonyma,
1735 1329 1815 1368 He-

96 1386 294 1424 braeorum
316 1386 525 1422 nominum
547 1384 834 1434 expositiones,
858 1378 1043 1434 quaedam
1065 1384 1115 1422 ad
1138 1385 1311 1434 logicam
1333 1386 1590 1435 pertinentia.
1622 1384 1818 1424 Ordinem

96 1443 242 1494 partim
273 1441 592 1492 alphabeticum,
627 1441 772 1490 partim
804 1441 1143 1490 grammaticalem
1174 1441 1437 1505 sequebatur,
1480 1441 1574 1479 dum
1605 1442 1818 1492 primitivis

99 1499 300 1544 derivata,
339 1496 586 1548 simplicibus
626 1497 847 1548 composita
883 1491 1106 1547 subiungit
1177 1496 1296 1547 Quod
1335 1498 1376 1535 in
1408 1497 1640 1548 Alphabeto
1678 1499 1818 1536 maiori

97 1555 276 1606 pedestri
306 1567 490 1592 sermone
521 1554 713 1603 scriptum
743 1553 897 1599 fuerat,
931 1553 1114 1591 νο15111115
1146 1554 1385 1604 plerumque
1418 1553 1616 1592 reddebat
1639 1554 1815 1592 Alexan-

99 1612 194 1660 der;
245 1612 399 1648 iocosas
441 1610 618 1660 denique
657 1609 928 1659 digressiones
970 1609 1199 1648 addiderat.
1266 1610 1342 1647 His
1383 1611 1541 1661 scriptis
1583 1611 1818 1649 addendum

98 1681 183 1706 esse
223 1667 385 1705 videtur
425 1680 475 1705 ex
515 1666 683 1717 prologo
720 1666 967 1703 Doctrinalis
1005 1668 1257 1713 Alplzabetmn
1298 1671 1444 1715 minus,
1493 1667 1543 1705 de
1590 1680 1669 1718 quo
1718 1667 1820 1704 nihil

97 1724 194 1762 mihi
233 1729 403 1761 constat.
553 1723 807 1770 Alphabecum
843 1726 965 1760 maius
1000 1721 1123 1760 hodie
1163 1723 1420 1773 deperditum
1457 1737 1542 1761 esse
1574 1737 1719 1761 censeo
1751 1756 1787 1763 ..

96 1782 320 1818 Doctrinale
358 1784 486 1817 totum
523 1778 732 1816 habemus.
793 1780 1010 1816 Ecclesiccle
1047 1780 1168 1817 etiam
1206 1793 1315 1817 nunc
1346 1785 1456 1817 extat
1607 1780 1818 1818 Metricum

97 1842 231 1874 autem
253 1836 354 1873 illud
374 1839 604 1884 ylossarium
626 1848 676 1873 ex
697 1834 929 1885 Alphabeto
952 1836 1095 1873 maiori
1118 1834 1353 1886 decerptum
1373 1836 1495 1874 hodie
1524 1837 1565 1874 in
1589 1836 1677 1874 cod.
1697 1836 1816 1874 7682.

99 1907 180 1930 non
217 1898 324 1930 certe
360 1897 489 1929 totum
526 1891 721 1929 habemus
862 1892 1115 1938 Alphabetum
1145 1896 1268 1929 minus
1307 1892 1563 1943 deperditum
1603 1905 1689 1931 esse
1727 1905 1818 1930 cen-

97 1963 165 1987 seo
190 1978 197 1986 .
218 1979 225 1986 .
246 1949 282 1985 .“
321 1947 420 1986 Haec
440 1947 667 1993 Thurotus,
702 1947 753 1985 ad
775 1961 895 1998 quem
916 1948 1158 1994 Zarnckius,
1191 1948 1260 1986 ubi
1283 1948 1333 1986 de
1357 1948 1569 1986 doctrinali
1591 1948 1819 1987 Alexandri

98 2003 213 2056 egit⁶,
238 2018 321 2042 non
342 2005 568 2055 respexisse
589 2000 775 2042 videtur(
823 2004 1084 2042 Hermannus
1105 2004 1322 2050 Buschius,
1347 2017 1467 2055 quem
1488 2019 1619 2043 acrem
1640 2004 1818 2043 Alexan-

100 2062 161 2099 dri
190 2061 348 2098 hostem
379 2061 504 2098 suisse
536 2066 711 2106 constat,
755 2061 875 2097 etiam
904 2066 996 2111 post
1027 2061 1158 2098 editas
1188 2061 1294 2111 Epp.
1320 2060 1368 2098 O.
1392 2061 1441 2100 V.
1465 2062 1507 2098 in
1529 2061 1649 2099 Vallo
1679 2061 1818 2099 huma-

99 2116 259 2156 nitatis⁷
297 2118 443 2155 iterum
480 2117 705 2167 iterumque
746 2121 887 2154 contra
925 2130 1015 2154 eum
1055 2116 1270 2163 declamat,
1305 2131 1338 2154 0.
1363 2131 1420 2168 gr.
1444 2117 1504 2155 his
1536 2117 1689 2155 verbis:
1729 2117 1819 2164 „At

100 2188 207 2212 01100
238 2187 310 2224 pro
341 2173 474 2224 pudor
505 2174 663 2223 optimae
694 2172 844 2210 indolis
875 2174 992 2223 pueri
1024 2179 1063 2211 et
1095 2174 1378 2211 ecclesiasticis
1408 2174 1654 2225 quandoque
1677 2173 1819 2212 officiis

99 2229 345 2281 praeficiendi
384 2229 663 2280 grammaticos
703 2235 743 2266 et
780 2229 961 2267 rhetores
1001 2230 1142 2267 audire
1181 2230 1429 2280 quotidianis
1468 2243 1593 2281 prope
1626 2231 1820 2268 conviciis

99 2286 385 2336 prohibentur,
418 2291 565 2336 praeter
585 2299 711 2322 unum
732 2284 1013 2323 Alexandrum
1034 2285 1217 2332 Gallum,
1253 2300 1340 2323 cum
1367 2287 1499 2336 glossa
1520 2287 1709 2332 notabili,
1745 2286 1818 2324 Co-

97 2344 218 2380 loniae
248 2340 385 2388 natass,
426 2355 545 2392 quem
583 2342 616 2378 si
655 2342 883 2379 consultum
921 2342 1121 2393 profectui
1160 2356 1298 2380 eorum
1328 2343 1483 2381 vellent
1516 2341 1610 2393 (qui
1640 2356 1683 2380 se
1714 2343 1819 2381 solos

99 2405 208 2437 recte
239 2413 348 2436 nunc
380 2398 590 2435 consulere
620 2398 700 2435 illis
732 2397 900 2448 putant)
935 2398 1182 2448 prohibendi
1213 2405 1328 2436 erant
1358 2400 1422 2437 vel
1454 2399 1594 2450 procul
1626 2399 1818 2450 aspicere.

99 2455 167 2492 An
204 2456 481 2505 incorruptum
518 2454 654 2492 latinae
689 2454 840 2504 linguae
871 2467 1099 2493 sermonem
1130 2469 1255 2506 puero
1289 2455 1401 2493 dabit
1430 2456 1659 2494 Alexandri
1687 2461 1820 2493 textus

100 2511 314 2549 informis?
358 2524 508 2561 pumex
537 2510 674 2548 aridus
706 2511 822 2548 citius
854 2517 961 2549 certe
993 2525 1139 2562 aquam
1169 2512 1395 2562 postulanti
1427 2512 1597 2550 dederit.
1656 2512 1721 2549 Ex
1750 2511 1819 2548 illa

102 2568 214 2617 inopi
246 2572 284 2605 et
316 2567 455 2604 ieiuna
489 2564 557 2615 (ne
588 2566 717 2604 dicam
737 2566 928 2616 barbara)
952 2568 1207 2605 institutione
1240 2568 1309 2618 qui
1330 2574 1373 2605 tu
1394 2581 1531 2618 speres
1554 2574 1709 2606 tantam
1732 2580 1818 2604 eru<

103 2624 268 2661 ditionis
300 2623 610 2672 supellectilem,
644 2629 687 2660 ut
719 2623 892 2674 aliquid,
928 2624 961 2660 si
994 2637 1093 2674 opus
1124 2625 1195 2669 sit,
1229 2624 1293 2661 vel
1326 2638 1346 2661 e.
1379 2623 1519 2662 Graeco
1551 2623 1615 2661 vel
1645 2623 1819 2661 Hebraeo

102 2686 195 2730 apte
227 2679 354 2730 possis
384 2679 510 2716 latino
551 2692 735 2717 sermone
767 2679 1031 2717 convertere?
1068 2693 1101 2718 e.
1124 2693 1161 2730 q.
1184 2680 1247 2718 s.“
1306 2680 1633 2730 lVimphelingus
1666 2686 1817 2718 contra.

102 2750 153 2774 ne
185 2734 465 2773 Alexandrum
496 2740 822 2782 contemnerent,
854 2736 1038 2774 hortatus
1069 2742 1166 2774 erat.
1226 2736 1371 2786 Neque
1403 2735 1591 2786 equidem
1621 2736 1821 2774 Friderici

102 2792 267 2838 Haasii,
310 2804 441 2841 nuper
476 2791 540 2828 1115
577 2804 738 2841 quoque
776 2792 920 2830 studiis
959 2793 1122 2830 funesta
1159 2797 1286 2830 morte
1325 2793 1473 2842 erepti,
1516 2791 1821 2830 10111101101101119

193 2924 227 2965 6)
242 2924 372 2955 Brants
386 2923 633 2963 Narrensckiff.
659 2923 776 2964 Leipz.
787 2924 882 2957 1854.
898 2934 930 2965 p.
944 2925 1021 2956 346.
1037 2935 1112 2966 sqq.
1207 2923 1240 2966 7)
1256 2923 1417 2956 Coloniae
1432 2926 1528 2959 1518.
1542 2924 1588 2959 4⁰.
1603 2935 1712 2967 pagg.
1727 2925 1820 2966 D4b‚

193 2981 258 3019 Ea,
276 2979 341 3020 Fb,
361 2980 438 3011 sive
465 2979 546 3012 edit.
564 2979 790 3013 Burckhard.
809 2989 840 3021 p.
861 2980 913 3014 57.
927 2990 979 3021 sq.
996 2980 1049 3011 78.
1154 2978 1187 3019 8)
1208 2978 1266 3012 Cf.
1284 2979 1383 3011 infra
1407 2984 1473 3012 art.
1493 2980 1631 3022 Sotphi.
1732 2980 1764 3021 9)
1784 2981 1820 3012 in

195 3034 265 3066 fine
283 3034 538 3076 disputationis
557 3034 602 3066 de
619 3034 727 3066 medii
744 3036 813 3067 aevi
831 3034 960 3067 studiis
977 3034 1209 3081 philologieis
1226 3036 1377 3071 Vratisl.
1397 3047 1428 3068 a.
1449 3037 1545 3069 1856.
1564 3036 1613 3067 4⁰.
1632 3036 1749 3070 editae.
