2119 3522
255 260 351 306 582
773 269 1036 293 COMMENTARIVS
1060 268 1107 290 AD
1132 268 1204 289 EPP.
1222 267 1252 288 Ο.
1270 268 1303 289 V.
1328 267 1404 289 VOL.
1423 268 1445 290 Ι.

256 334 427 429 Pars-goz
445 387 511 428 IX.)
543 384 614 417 Vel
645 383 702 416 dic
733 382 770 414 in
795 380 892 414 malo
921 379 1021 423 quod
1054 379 1123 412 iste
1153 378 1357 412 mercurius
1388 377 1574 423 significat
1602 378 1801 413 advocatos
1837 377 1967 411 mundi

344 441 528 485 sapientes
558 440 626 473 etc.

257 504 297 534 18
323 499 355 531 Ι.
377 497 456 530 Cor.
476 496 523 539 11.]
551 498 602 527 14.

255 560 307 589 20.
325 565 401 597 sqq.
428 551 571 593 librum]
599 548 651 583 Cf.
669 560 781 592 supra
805 549 843 581 et
867 548 926 582 cit.
945 548 1011 581 art.
1029 546 1214 589 Walleys,
1240 545 1318 579 Ind.
1337 545 1453 590 biogr.
1472 558 1506 590 p.
1522 549 1598 580 498.

255 615 296 644 ‘23
321 610 376 642 ‘ita
393 635 400 640 .
418 635 423 640 .
444 617 473 650 q.
488 617 522 639 u.
537 605 644 649 cred]
671 615 782 648 supra
806 614 917 647 quam
943 602 1044 636 credi
1068 602 1202 646 potest.

256 670 297 699 25
323 662 612 705 eoncordrmtz'as]
641 660 723 693 ‘His
747 658 978 704 temporibus
1004 659 1114 702 [circa
1137 668 1168 691 a.
1189 658 1298 701 1244]
1325 657 1450 691 floruit
1468 686 1473 691 .
1489 685 1517 691 ..
1548 658 1631 703 Vgo
1650 657 1871 700 Cardjnalis‚
1898 658 1969 692 fra-

343 720 400 753 ter
435 716 582 762 praedio.
607 716 683 750 ord.
708 715 772 759 qui
809 715 937 749 doctor
973 714 1129 748 eximius
1158 742 1190 747 ..
1215 714 1336 747 totam
1365 713 1521 748 bibliam
1557 714 1780 758 postillavit,
1822 724 1969 748 concor—

345 774 555 809 dantiarum
585 772 709 806 bibliae
741 771 881 815 primus
910 770 1038 805 auctor
1062 770 1162 803 fuit’.
1210 768 1387 813 Ducange
1414 781 1446 802 v.
1466 768 1754 803 Concordantiae.
1803 768 1972 803 Gratiani

345 830 494 864 decreto
521 841 553 872 q.
572 840 604 862 v.
623 827 772 871 proprie
799 825 1022 861 ‘Concordia
1046 825 1335 860 discordantium
1367 826 1567 859 canouum'
1599 835 1734 859 nomen
1766 825 1830 859 est.
1879 824 1970 859 Con-

345 885 544 920 cordantiae
571 883 659 928 quid
684 884 718 916 h.
736 883 759 916 1.
777 882 962 927 significet
986 892 1031 916 ex
1056 881 1179 916 adnot.
1199 881 1245 915 ad
1270 881 1498 925 superiorem
1523 895 1552 915 v.
1571 891 1595 916 7.
1614 881 1701 915 satis
1731 881 1896 924 apparet.

256 948 296 978 27
325 944 397 976 iam
416 941 576 984 ponam]
603 939 674 973 Vix
699 938 940 983 sequentibus
965 937 1304 982 comparationibus
1328 937 1450 970 minus
1474 937 1719 981 spiritualiter
1743 936 1972 981 excogitatas

345 998 444 1042 apud
470 996 693 1031 recentiores
723 1006 870 1039 quoque
899 994 975 1038 legi
1006 994 1175 1038 possunt,
1209 994 1251 1027 ut
1279 992 1499 1036 patriarchae
1524 992 1671 1036 Iosephi
1703 1004 1786 1026 cum
1810 992 1972 1026 Bellero-

344 1054 482 1098 phonte
514 1052 614 1096 apud
639 1051 826 1085 Simonem
858 1051 902 1084 de
927 1049 1114 1095 Magistris
1138 1049 1185 1083 ad
1210 1048 1405 1082 Danielem
1436 1059 1506 1082 sec.
1524 1047 1630 1081 LXX.
1654 1048 1758 1082 Rom.
1778 1052 1874 1082 1772.
1898 1048 1972 1090 fol„

346 1121 391 1144 ne
417 1109 582 1143 dicamus
607 1108 651 1141 de
678 1107 858 1140 similibus
882 1106 1034 1150 ineptiis
1059 1104 1319 1139 recentissimis
1345 1115 1426 1147 quae
1452 1104 1592 1138 eaedem
1618 1103 1780 1147 antiquae
1805 1104 1899 1137 sunt.

303 1166 476 1209 Phw'tone]
513 1164 578 1197 Th.
598 1163 643 1196 de
668 1163 725 1196 W.
745 1163 770 1195 Ι.
789 1161 939 1206 capitul.
959 1175 1003 1195 iv.
1030 1188 1068 1203 ,‚.
1089 1190 1094 1194 .
1122 1161 1184 1195 Sol
1216 1160 1279 1204 qui
1312 1160 1350 1193 et
1377 1159 1512 1204 Apollo
1544 1159 1679 1193 dicitur
1697 1187 1702 1191 .
1719 1187 1725 1192 .
1742 1187 1747 1192 .
1764 1187 1771 1192 .
1807 1158 1839 1191 A
1862 1159 1974 1204 longe

347 1232 434 1255 vero
459 1219 589 1264 phiton
620 1229 770 1262 serpens
794 1218 976 1251 maximus
1007 1217 1129 1261 pictus
1161 1218 1241 1251 erat
1265 1227 1375 1260 quem
1404 1226 1479 1249 una
1502 1215 1618 1259 ipsius
1643 1215 1815 1259 apollinis
1840 1215 1977 1259 sagitta

348 1288 414 1320 per
432 1276 596 1309 medium
614 1274 858 1318 transfigebat
875 1301 880 1306 .
897 1302 902 1306 .
920 1301 948 1306 ..
976 1273 1084 1307 quta
1102 1284 1186 1307 eum
1212 1272 1351 1306 debent
1374 1271 1547 1316 phitones
1572 1271 1610 1304 id
1636 1271 1691 1304 est
1714 1271 1803 1304 mali
1829 1271 1868 1304 et
1890 1281 1975 1314 pec-

349 1333 489 1366 catores
514 1331 701 1364 vulnerati
725 1330 845 1363 iacere
872 1330 910 1362 et
934 1330 1089 1363 correct-i
1108 1357 1114 1362 .
1131 1357 1136 1362 .
1153 1357 1159 1362 .
1186 1328 1293 1362 Talia
1316 1328 1431 1372 igitur
1454 1329 1620 1361 monstra
1637 1328 1681 1361 .i.
1699 1327 1794 1360 tales
1815 1327 1853 1360 in
1870 1326 1977 1360 malis

349 1387 617 1422 confoederatos
643 1386 757 1420 debet
780 1385 954 1429 praelatus
979 1385 1045 1419 sul»
1071 1385 1229 1429 pedibus
1245 1385 1372 1418 tenere
1393 1412 1398 1417 .
1415 1412 1420 1417 .
1437 1412 1442 1417 .
1461 1385 1503 1417 ut
1522 1383 1592 1428 ipsi
1611 1383 1755 1417 dicatur
1772 1382 1864 1416 illud
1881 1382 1976 1428 psal-

349 1445 456 1490 misto
483 1445 555 1488 [xc.
577 1443 646 1485 13.]
672 1442 791 1485 Super
816 1453 890 1485 asp.
910 1442 948 1475 et
971 1441 1046 1474 bas.
1066 1441 1272 1474 ambulabis
1298 1441 1336 1474 et
1359 1440 1593 1474 conculcabis
1616 1439 1764 1483 leonem
1789 1439 1827 1473 et
1851 1438 1976 1472 draco-

348 1511 431 1534 nem
455 1528 460 1533 .
481 1502 519 1532 .“
545 1520 587 1522 -
619 1498 673 1531 De
700 1498 888 1541 Pythone,
921 1498 1043 1532 Terrae
1076 1497 1168 1538 filio,
1198 1496 1366 1530 Dracone
1391 1495 1563 1540 Delphici
1589 1495 1728 1529 oraculi
1753 1495 1905 1529 custode
1931 1495 1976 1528 ab

350 1556 522 1600 Apolline
540 1556 755 1589 interfecto:
783 1553 889 1587 ovid.
904 1554 991 1587 met.
1009 1566 1031 1586 1.
1047 1557 1121 1587 438.
1169 1552 1305 1597 Hygin.
1321 1552 1393 1586 fab.
1411 1556 1483 1586 140.
1526 1551 1697 1595 Apollod.
1712 1564 1733 1584 1.
1749 1555 1779 1585 4.
1797 1555 1824 1584 1.
1866 1550 1977 1595 Apol-

349 1612 463 1646 linem
489 1623 572 1644 ‹·um
598 1611 729 1655 spiritu
756 1610 881 1643 sancto
907 1610 1100 1653 comparat
1124 1609 1264 1642 Dantcs
1288 1608 1414 1652 parad.
1434 1608 1459 1641 1.
1481 1612 1530 1641 16.
1550 1619 1627 1651 sqq.

260 1673 302 1702 :28
329 1668 452 1701 Draco
486 1669 566 1711 aa]
606 1667 691 1701 Hsec
717 1666 850 1699 Psalm.
876 1678 946 1698 (1111.
973 1669 1025 1699 26.
1052 1665 1166 1699 verba
1193 1665 1227 1698 h.
1245 1665 1267 1698 l.
1292 1675 1365 1699 non
1396 1664 1511 1698 habet
1534 1663 1600 1697 Th.
1620 1663 1664 1697 de
1683 1663 1741 1697 W.
1760 1663 1825 1697 sed
1848 1663 1908 1697 fol.
1927 1676 1978 1697 111.

349 1724 480 1765 habet,
508 1723 569 1756 ubi
597 1723 709 1756 etiam
734 1722 826 1755 illud
854 1720 939 1765 8111).
962 1732 1036 1765 asp.
1059 1723 1127 1755 etc.

261 1786 303 1815 2¹9
328 1781 507 1823 Saturum]
550 1779 654 1812 Ovid.
673 1780 753 1811 fast.
778 1791 824 1811 iv.
852 1782 924 1812 199.
944 1790 1020 1821 sqq.
1070 1777 1135 1811 Th.
1155 1777 1200 1811 de
1219 1776 1276 1809 W.
1296 1788 1374 1821 cap.
1394 1790 1415 1810 1.
1443 1776 1654 1819 ⁷,Saturnus
1685 1776 1912 1820 pingebatur
1944 1777 1982 1810 et

350 1836 630 1879 supponebatur
662 1835 770 1868 homo
797 1845 908 1868 senex
928 1862 933 1866 .
950 1862 954 1866 .
972 1862 977 1867 .
994 1862 999 1867 .
1018 1835 1126 1877 pater
1150 1833 1303 1867 deorum
1323 1861 1328 1866 .
1345 1861 1351 1866 .
1367 1861 1372 1866 .
1408 1833 1479 1866 Iste
1505 1832 1599 1866 filios
1624 1843 1707 1866 suos
1732 1831 1887 1866 devorat
1905 1859 1910 1864 .
1927 1859 1933 1864 .
1950 1859 1955 1864 .
1973 1860 1978 1865 .

352 1892 492 1925 Iustum
525 1892 580 1925 est
612 1891 709 1924 enim
740 1892 781 1923 ut
805 1890 868 1933 qui
894 1890 988 1923 filios
1013 1890 1083 1923 sibi
1107 1889 1273 1923 subditos
1298 1889 1432 1923 iniuste
1459 1888 1636 1932 deprimit
1736 1888 1918 1921 castretur
1943 1889 1982 1921 et

351 1959 373 1981 a
396 1947 576 1992 regimine
603 1947 879 1990 deponatur...
899 1945 982 1980 Ezc.
1000 1950 1030 1980 5.
1051 1946 1128 1990 [lo]
1155 1944 1360 1979 Comedent
1382 1945 1508 1989 patres
1534 1943 1628 1977 filios
1651 1943 1689 1977 in
1714 1943 1837 1977 medio
1862 1943 1918 1977 tui
1944 1943 1983 1977 et

354 2003 419 2036 filii
445 2003 641 2037 comedent
664 2003 789 2046 patres
814 2005 937 2035 su0s“.

263 2064 302 2094 31
330 2060 473 2103 Diana]
504 2059 569 2092 Th.
590 2059 634 2092 de
655 2058 710 2092 W.
729 2058 790 2092 sol.
809 2071 855 2092 ix.
882 2057 1033 2100 „Diana
1056 2070 1137 2102 quae
1156 2058 1184 2091 ὣ
1202 2058 1291 2091 luna
1310 2057 1339 2091 ὁὶ
1356 2057 1574 2101 proserpina
1591 2057 1620 2090 Sc
1636 2056 1767 2090 hecate
1793 2066 1982 2100 nuncupa-

354 2117 482 2149 tur...
515 2115 581 2148 Dic
614 2115 713 2158 quod
743 2126 810 2158 per
841 2115 950 2148 ist-am
981 2114 1089 2147 deam
1121 2125 1314 2158 possumus
1339 2113 1549 2157 intelligere
1574 2112 1759 2156 virginem
1783 2112 1983 2157 gloriosam

354 2183 434 2215 (11110
459 2183 526 2215 pro
558 2172 658 2204 certo
690 2182 776 2204 arcu
803 2170 975 2203 flexibilis
1004 2170 1112 2204 minae
1138 2170 1167 2204 81
1192 2170 1328 2215 sagitta
1360 2168 1569 2203 devotionis
1599 2169 1774 2202 armatur.
1822 2167 1870 2202 Et
1898 2168 1982 2202 ideo

354 2227 597 2271 lon-oculdubio
630 2227 726 2260 circa
762 2227 879 2270 ipsam
910 2226 1049 2260 debent
1080 2226 1266 2260 chorizare
1293 2227 1336 2260 .i.
1364 2237 1432 2270 per
1462 2225 1699 2259 devotionem
1730 2225 1851 2258 astare
1882 2225 1983 2259 chori

354 2283 602 2326 nympharum
629 2283 672 2315 .i.
699 2283 896 2316 societates
920 2282 1131 2315 sanctarum
1150 2311 1156 2315 .
1173 2310 1178 2315 .
1197 2282 1407 2326 puellarum
1412 2309 1510 2315 .....
1542 2281 1600 2314 Ita
1624 2280 1724 2324 quod
1748 2280 1913 2314 breviter
1937 2280 1983 2314 de

356 2350 400 2371 ea
425 2338 497 2371 dici
520 2339 644 2381 potest
668 2338 705 2370 id
731 2338 958 2371 canticorum
983 2351 1065 2371 ,v11.
1104 2338 1199 2380 Quid
1224 2337 1368 2372 videbis
1392 2337 1430 2370 in
1456 2336 1648 2370 Sunamite
1674 2333 1745 2369 nisi
1769 2336 1898 2370 choros
1926 2347 1984 2370 ca-

354 2395 538 2428 strorum?
584 2393 631 2426 Et
653 2393 786 2427 Psalm.
807 2394 916 2436 [xmv.
938 2395 1007 2437 15.]
1050 2394 1292 2427 Adducentur
1320 2394 1401 2438 regi
1426 2393 1588 2438 virgines
1612 2393 1698 2436 post
1722 2403 1805 2426 eam
1823 2420 1829 2424 .
1846 2420 1874 2425 ..
1913 2392 1984 2426 Vel

357 2450 415 2483 (110
440 2449 539 2493 quod
571 2450 685 2493 satyri
713 2460 886 2494 agrorum
913 2450 998 2483 sunt
1021 2449 1167 2493 praelati
1192 2450 1229 2483 ct
1253 2449 1412 2483 maxime
1439 2448 1604 2492 episcopi
1629 2448 1773 2482 cornuti
1798 2448 1862 2491 qui
1887 2448 1986 2482 circa

356 2506 464 2539 istam
495 2505 642 2539 dianam
669 2506 711 2538 .i.
737 2505 886 2539 beatam
918 2505 1102 2550 virginem
1132 2505 1272 2539 debent
1303 2505 1507 2539 discurrere
1609 2504 1774 2538 dicentes
1798 2504 1836 2537 id
1862 2504 1984 2538 Canti-

357 2573 428 2595 cor.
446 2562 472 2594 I.
492 2562 536 2605 [3]
561 2561 681 2595 Trahe
708 2572 766 2595 me
790 2562 874 2605 post
898 2562 934 2595 te
954 2575 960 2594 :
981 2572 1169 2595 curremus
1196 2561 1233 2594 in
1259 2561 1410 2595 odorem
1435 2561 1710 2605 unguentorum
1734 2560 1924 2594 tuorum“.

268 2622 309 2652 32
335 2619 538 2662 [multifluam]
579 2617 672 2651 Vult
695 2617 847 2661 quidem
880 2617 1183 2659 ‘ambulantem',
1217 2617 1281 2651 sed
1311 2617 1411 2651 idem
1440 2617 1573 2651 vitium
1599 2615 1800 2651 committit
1823 2616 1924 2660 quod
1947 2617 1985 2650 in

357 2674 578 2718 apponendo
603 2674 786 2707 nostrates
810 2673 849 2707 in
874 2684 1109 2707 communem
1137 2673 1213 2707 fere
1243 2685 1350 2706 usum
1374 2673 1671 2707 introduxerunt.

269 2733 310 2764 34
335 2730 420 2763 Iove
437 2730 511 2773 etc]
536 2729 656 2773 (Ovid.
670 2730 757 2763 met.
772 2742 808 2762 11.
823 2734 898 2764 437.
913 2741 990 2773 sqq
1036 2729 1348 2774 Hygin.fab.176.
1375 2730 1419 2763 cf.
1434 2729 1566 2763 Dantis
1588 2741 1694 2774 purg.
1708 2742 1789 2763 xxv.
1805 2733 1877 2764 130.
1892 2729 1986 2773 sqq.)

358 2785 423 2818 Th.
443 2786 487 2819 de
506 2785 564 2819 W.
584 2786 627 2819 11.
646 2786 706 2820 fol.
723 2799 793 2819 xxv
803 2787 828 2819 b.
847 2797 897 2829 sq.
924 2785 1043 2827 ⁷⁷Erat
1065 2785 1192 2830 puella
1215 2785 1467 2830 pulcherrima
1495 2785 1533 2818 in
1561 2795 1712 2819 nemore
1737 2785 1803 2819 ubi
1826 2784 1985 2819 venaba-

359 2842 420 2874 tur
438 2855 444 2873 :
465 2853 544 2884 quae
570 2841 763 2876 dicebatur
781 2841 917 2876 Calisto
943 2841 1021 2875 filia
1044 2841 1250 2885 Lychaonis
1268 2856 1275 2875 :
1295 2853 1406 2885 quam
1423 2841 1566 2886 Iupiter
1590 2853 1754 2875 summus
1771 2841 1861 2875 deus
1877 2841 1985 2874 mira-

359 2896 486 2929 biliter
510 2898 648 2931 amavit
666 2925 672 2931 .
692 2926 697 2931 .
725 2898 830 2932 Unde
856 2898 1024 2942 protinus
1048 2897 1215 2932 induitur
1239 2897 1374 2932 faciem
1397 2897 1617 2941 vultumque
1635 2896 1764 2931 Dianae
1782 2910 1789 2929 ε
1810 2897 1848 2930 et
1870 2896 1920 2930 sic
1939 2896 1985 2929 ad

362 2962 443 2985 eam
473 2952 511 2984 in
540 2963 689 2987 nemore
722 2954 848 2987 venit:
869 2955 907 2987 et
937 2953 1061 2988 oscula
1091 2953 1163 2998 ipsi
1197 2953 1413 2988 dedit:nec
1444 2953 1638 2987 moderata
1667 2953 1754 2987 satis
1784 2963 1853 2986 nec
1884 2952 1934 2985 sic
1965 2962 1986 2985 a

362 3007 504 3051 virgine
530 3008 676 3042 danda:
696 3009 820 3052 sicque
845 3009 960 3053 ipsius
986 3010 1167 3043 consortio
1193 3021 1279 3042 usus
1302 3009 1399 3043 fuit:
1420 3010 1457 3043 et
1481 3009 1527 3043 ad
1553 3009 1690 3043 aethera
1714 3008 1833 3042 victor
1848 3007 1985 3041 iterum

363 3063 537 3097 ascendit.
586 3062 643 3097 Sic
668 3064 810 3108 Iupiter
834 3065 872 3098 id
904 3066 959 3099 est
988 3065 1048 3099 dei
1072 3064 1169 3098 filius
1194 3065 1412 3099 benedictus
1437 3076 1460 3099 a
1482 3064 1665 3109 principio
1690 3063 1819 3097 mundi
1844 3074 1984 3097 summe
