2119 3522
279 190 374 233 764
786 201 1049 223 COMMENTARIVS
1071 200 1117 222 AD
1143 201 1212 222 EPP.
1231 201 1261 222 o.
1277 201 1309 222 v.
1336 201 1412 223 vox..
1430 201 1465 222 11.

276 265 326 295 Pa
354 288 360 294 .
408 262 431 294 5<
465 287 471 293 .

276 321 317 351 29
329 262 458 349 ἕαῖξῑίιιὸι
473 315 531 348 ΠΖ).
546 317 674 347 contra
691 314 765 356 etc]
791 313 834 345 cf.
851 311 927 345 lnd.
941 311 1057 355 biogr.
1071 323 1105 355 p.
1120 315 1195 346 403.
1210 324 1261 355 sq.
1277 312 1343 345 art.
1358 311 1528 355 Langius.
1565 311 1632 344 Hic
1651 311 1728 355 ipse
1747 322 1783 345 se
1804 311 1919 344 ‘iussu
1936 322 1976 345 ac

365 369 578 409 instinctu’,
611 368 779 401 ‘hortatu
811 378 852 400 ac
877 367 1072 400 instantia’
1104 366 1298 401 Trithemii
1336 367 1515 410 ‘quodam
1540 366 1717 410 bipertito
1743 366 1789 400 ad
1814 366 1977 400 omnium

363 424 614 459 claustralium
639 422 891 457 defensionem
915 422 1146 466 respondisse
1174 422 1494 467 [Wimphelingo]
1521 421 1715 466 opusculo'
1748 421 1909 465 scripsit,
1942 423 1981 456 et

363 480 610 514 Butzbachius
635 480 681 522 (a,
700 480 812 521 1509.)
837 478 882 512 de
908 478 1048 522 Langio
1075 478 1183 512 ‘duos
1207 477 1323 511 edidit
1346 477 1492 512 libellos
1517 478 1591 512 etc!
1618 478 1774 511 testatus
1799 477 1863 510 est.
1907 476 1979 510 Sed

364 534 704 570 Schwinfordiensis
737 535 862 568 noster
892 533 1020 568 scribit
1043 535 1098 577 (p.
1115 534 1238 576 287¹0)
1265 534 1402 575 „mitto
1427 534 1532 568 vobis
1562 534 1658 567 hune
1682 532 1835 574 librum,
1867 543 1978 576 quem

364 591 508 626 debetis
526 591 646 625 facere
664 590 924 634 impressare“.
964 589 1147 633 Equidem
1173 600 1236 631 an,
1263 589 1327 623 ubi
1351 589 1422 623 loci
1447 589 1485 623 et
1508 599 1580 632 quo
1605 589 1772 633 tempore
1797 588 1835 621 in
1860 588 1980 632 publi-

363 659 445 681 cum
470 646 651 690 prodierit
668 645 898 690 Langianum
923 645 1151 689 opuseulum,
1177 645 1297 679 adhuc
1322 645 1458 678 frustra
1479 644 1656 688 quaesivi.
1673 644 1773 688 quod
1798 643 1836 677 id
1860 644 1897 677 in
1923 655 1979 677 ea-

362 702 481 747 pitulo
513 702 590 736 sive
620 701 759 745 synodo
785 701 1158 735 Reinhaltzbornensi
1184 700 1530 744 [Reinhardsbrunn
1560 699 1598 732 in
1629 699 1765 733 ducatu
1797 698 1979 740 Gothano‚

362 758 426 792 ubi
443 759 521 793 tum
540 757 686 792 celebre
700 757 1026 791 Benedictinorum
1052 756 1316 791 monasterium
1342 756 1429 799 fuit]
1456 766 1486 789 a.
1508 758 1602 788 1509.
1620 755 1867 799 approbatum
1892 754 1980 788 dici-

362 815 432 857 tur,
458 825 529 848 non
555 814 689 858 probat
712 814 791 847 tum
816 812 915 856 typis
939 812 1164 856 exscriptum
1190 812 1299 846 fuisse
1318 826 1325 845 ε
1345 823 1430 845 nam
1455 812 1493 845 et
1525 810 1599 844 alia
1623 810 1669 844 ad
1699 811 1794 844 hane
1818 810 1980 854 disputa-

361 870 500 904 tionem
530 869 759 914 pertinentes
789 868 925 909 libelli,
957 879 1113 911 quorum
1144 868 1181 901 in
1206 868 1274 902 hae
1306 867 1463 912 epistola
1492 866 1631 900 mentio
1663 866 1720 908 fit,
1752 877 1824 900 non
1850 866 1919 899 nisi
1944 867 1979 899 in

362 925 507 970 seriptis
532 925 806 969 exemplaribus
830 923 1193 958 circumferebantur.

274 988 316 1018 33
341 985 447 1017 tcmta
464 982 526 1016 lat.
545 982 586 1015 in
604 980 797 1023 monachis]
820 980 897 1013 Iam
915 980 1000 1013 ante
1018 979 1186 1013 libellum
1204 980 1249 1013 de
1267 979 1483 1023 integritate
1497 978 1797 1022 WViniphelingus
1814 978 1983 1012 ediderat

363 1037 567 1082 Epistolam
592 1036 636 1070 (10
663 1036 790 1080 inepta
815 1036 852 1069 et
876 1035 1063 1079 superflua
1088 1035 1284 1068 verborum
1310 1034 1534 1068 resolutione
1559 1034 1596 1067 iu
1622 1034 1794 1068 cancellis
1820 1035 1889 1068 ete.
1914 1046 1940 1067 s.
1957 1033 1981 1067 l.

364 1095 403 1128 et
426 1105 456 1127 a.
475 1097 521 1127 4⁰.
540 1092 759 1135 (Amoenitt.
779 1091 875 1125 Frib.
892 1103 927 1135 p.
945 1092 1153 1134 224...228),
1186 1091 1223 1124 et
1246 1091 1283 1124 in
1316 1090 1499 1134 prioribus
1524 1100 1671 1133 quoque
1701 1089 1853 1130 libellis,
1880 1090 1921 1123 ut
1944 1089 1981 1122 in

364 1148 643 1193 Elegantiarum
675 1147 838 1181 medulla
863 1147 964 1189 (Am.
984 1146 1040 1180 Fr.
1058 1159 1092 1190 p.
1114 1151 1186 1181 180.
1205 1148 1271 1189 sq.)
1297 1147 1335 1180 et
1365 1146 1549 1190 praecipue
1575 1145 1611 1178 in
1637 1145 1806 1179 Isidoneo
1832 1145 1981 1179 Germa-

364 1206 447 1239 nico
479 1206 490 1247 (
500 1204 580 1237 Am.
598 1203 654 1237 Fr.
678 1216 712 1247 p.
733 1207 806 1237 185.
824 1204 896 1247 sq.)
928 1204 1056 1237 contra
1087 1202 1282 1236 l‘varbaram
1319 1202 1533 1236 clericorum
1571 1201 1738 1246 linguam
1775 1201 1980 1245 scripserat.

364 1261 436 1295 Sed
466 1261 502 1294 in
535 1259 665 1294 eodem
697 1259 866 1298 Isidoneo
903 1259 1015 1293 etiam
1047 1258 1165 1292 multa
1196 1258 1396 1292 Alexandri
1427 1258 1615 1302 praecepta
1644 1257 1878 1301 comprobat,
1910 1257 1978 1291 alia

363 1317 548 1361 reprobat.

274 1377 316 1408 34
340 1373 667 1417 superexeellescat]
694 1372 771 1406 Hoc
797 1383 883 1406 sane
910 1372 965 1405 est
990 1370 1359 1415 ‘superexcessivum,
1384 1368 1755 1412 zcizz'o'bertrcffenlich'.

318 1441 396 1464 una
417 1432 504 1463 nota
527 1429 653 1472 altius]
678 1429 758 1463 eine
780 1428 875 1462 Note
898 1437 944 1461 zu
967 1428 1064 1469 koch,
1089 1438 1159 1461 vox
1184 1427 1280 1460 iusto
1306 1426 1425 1460 altior.

274 1489 316 1520 36
342 1485 538 1530 riymatice]
564 1485 722 1529 yerez'mt.
761 1483 939 1528 Scriptori
963 1483 1072 1527 plane
1098 1482 1197 1516 idem
1223 1483 1279 1516 est
1302 1481 1400 1525 quod
1427 1482 1622 1526 ‘poetice'.

317 1542 434 1576 onmis
456 1541 610 1576 scientia
634 1544 684 1575 cst
710 1541 749 1574 ιή
774 1540 935 1584 cuculla]
967 1539 1074 1572 Hunc
1104 1538 1349 1582 plurimorum
1379 1538 1642 1571 monachorum
1673 1536 1870 1570 articulum
1896 1536 1982 1570 fidei

362 1598 534 1632 haeretice
560 1598 609 1641 (p.
626 1598 740 1640 28737)
766 1596 970 1640 negaverat
992 1594 1293 1638 &Vimphelingus
1318 1605 1346 1627 c.
1366 1598 1417 1628 33.
1444 1593 1488 1627 ef.
1506 1604 1617 1637 supra
1641 1592 1687 1626 ad
1712 1596 1812 1626 v.28.

275 1659 316 1688 38
341 1654 452 1698 reyul.
470 1653 772 1697 qrmmnaticales]
800 1652 843 1686 ef.
862 1651 939 1684 Ind.
957 1651 1073 1695 biogr.
1093 1662 1128 1694 p.
1147 1653 1221 1684 367.
1241 1650 1308 1683 art.
1326 1648 1552 1683 Exercitium
1571 1659 1780 1692 puerorum.

275 1714 316 1744 39
342 1709 543 1753 Donatum]
570 1709 615 1743 cf.
632 1709 710 1743 Iud.
729 1708 846 1751 biogr.
863 1719 899 1751 p.
917 1711 992 1742 358.
1010 1707 1107 1740 hunc
1131 1706 1197 1739 art.

319 1766 417 1800 Petr.
435 1765 556 1809 Hisp]
583 1764 627 1799 cf.
644 1764 732 1798 ibid.
750 1776 784 1808 p.
803 1767 877 1798 393.
896 1775 947 1807 sq.
966 1763 1032 1796 art.
1050 1762 1244 1806 Hispanus,

318 1821 495 1856 Phisicor.
515 1821 589 1864 ete]
615 1819 836 1854 Aristotelis.

274 1881 316 1911 40
339 1876 681 1921 commeo-clavorum]
707 1875 821 1910 Lusus
843 1886 909 1919 pro
936 1875 1316 1909 ‘coinmentaverunt’
1341 1874 1364 1908 i.
1383 1885 1413 1908 e.
1433 1873 1673 1908 commentati
1698 1874 1783 1907 sunt
1808 1874 1896 1917 (non
1914 1884 1981 1917 pro

365 1933 736 1967 ‘commendaverunt
745 1933 781 1975 ').

274 1993 358 2032 Pag.
378 1991 469 2027 286.
928 2009 1011 2012 *a

274 2051 293 2079 2
318 2045 522 2089 cucullatis]
548 2045 592 2079 cf.
610 2055 720 2088 supra
744 2056 801 2088 ep.
819 2044 845 2078 I.
863 2048 893 2078 2.

275 2105 294 2134 7
316 2101 636 2144 superexcellenter
650 2127 673 2134 ..
686 2100 887 2145 scientiam]
903 2100 995 2143 „Die
1013 2100 1163 2134 obsecro
1177 2100 1279 2142 mihi,
1294 2099 1556 2144 benignissime
1576 2099 1700 2141 frater,
1715 2099 1869 2133 scientia
1882 2098 1980 2132 unde

361 2157 397 2190 in
424 2156 675 2191 mendicantes
699 2157 963 2191 transferatur?
991 2168 1011 2190 a
1035 2156 1132 2198 loco,
1159 2167 1180 2190 a
1204 2156 1364 2198 cuculla,
1391 2167 1437 2190 an
1461 2166 1483 2189 a
1507 2154 1652 2189 studio?
1702 2154 1739 2188 Si
1756 2155 1856 2189 locus
1873 2155 1911 2188 in
1929 2155 1981 2188 eis

363 2212 553 2246 scientiam
578 2212 686 2256 parit,
713 2223 777 2246 cur
802 2223 873 2246 non
899 2212 1005 2254 muli,
1033 2212 1117 2255 equi
1144 2213 1181 2246 et
1205 2211 1297 2246 asini
1321 2211 1418 2245 intra
1442 2211 1649 2245 vestrorum
1674 2211 1979 2244 monasteriorum

363 2269 468 2312 septa
491 2268 712 2312 quandoque
739 2268 883 2312 depasti
900 2267 1022 2302 Latini
1046 2268 1212 2302 rhetores
1237 2268 1276 2301 et
1299 2266 1484 2301 dialectici
1509 2267 1582 2300 iam
1600 2266 1741 2300 dudum
1759 2266 1979 2300 evaserunt?

363 2324 515 2358 Cuculla
543 2324 572 2357 si
603 2324 805 2358 ruditatem
837 2324 968 2358 adimit
997 2325 1035 2358 et
1064 2323 1256 2358 scientiam
1294 2323 1472 2365 infundit,
1511 2333 1555 2356 ex
1587 2333 1659 2366 quo
1691 2322 1844 2356 cucullae
1874 2322 1978 2369 fiunt,

362 2390 527 2424 purpura
551 2380 589 2413 et
619 2379 733 2414 serico
757 2379 868 2423 longe
893 2380 1090 2423 pretiosior
1115 2379 1220 2413 esset.
1270 2378 1307 2412 Si
1332 2378 1524 2413 contendis
1550 2379 1588 2412 et
1611 2377 1789 2419 oblatras,
1815 2377 1977 2411 studium

362 2435 492 2469 florere
522 2435 652 2469 vestris
681 2435 719 2469 in
744 2435 946 2477 coenobiis,
980 2435 1147 2479 profecto
1177 2445 1251 2468 non
1282 2434 1319 2467 in
1350 2434 1520 2468 omnibus
1551 2434 1591 2467 tu
1621 2433 1699 2478 ipse
1732 2433 1898 2467 fatebere
1917 2435 1978 2467 ..“

361 2491 627 2536 Wimpheling.
643 2491 688 2525 de
706 2490 784 2525 vita
800 2492 838 2525 et
854 2491 978 2525 mirae.
994 2491 1068 2524 Ioa.
1084 2489 1235 2524 Gerson.
1251 2501 1309 2534 ap.
1325 2490 1486 2535 (Riegg.)
1502 2490 1655 2524 Amoen.
1670 2488 1839 2533 Friburg.
1854 2500 1889 2532 p.
1903 2492 1978 2523 279.

272 2552 292 2581 8
318 2548 451 2592 izcvate]
478 2558 507 2581 e.
525 2546 598 2582 dat..
626 2547 668 2581 ut
690 2546 786 2581 infra
809 2559 842 2581 v.
859 2550 910 2580 16.
937 2546 990 2581 Cf.
1008 2546 1082 2580 ind.
1101 2546 1245 2580 verbor.
1264 2558 1299 2590 p.
1317 2550 1392 2581 217.
1411 2547 1478 2580 art.
1496 2546 1636 2579 Iuvare.

275 2607 312 2637 ll
338 2603 403 2646 qui
424 2606 510 2637 sant
534 2603 575 2637 in
597 2603 699 2647 Ara]
725 2603 767 2636 In
792 2602 1031 2647 sequentibus
1061 2613 1182 2646 neque
1213 2613 1339 2636 omnes
1364 2601 1686 2647 Argentoratensis
1709 2600 1899 2635 litterariae
1924 2611 1977 2634 so-

361 2658 524 2693 dalitatis
549 2658 648 2702 socii,
673 2670 794 2703 neque
819 2669 946 2693 omnes
971 2658 1034 2702 qui
1059 2657 1166 2692 alteri
1190 2657 1525 2703 Wimphelingiani
1549 2657 1667 2691 libelli
1693 2656 1738 2690 de
1762 2655 1978 2700 integritate

361 2714 515 2748 editioni
545 2715 769 2750 adsensionis
799 2714 1024 2749 testificandi
1049 2725 1157 2748 causa
1186 2714 1359 2758 epistolia
1383 2715 1592 2748 earminave
1625 2712 1857 2754 adiecerunt,
1891 2723 1978 2746 enu-

361 2771 561 2804 merantur.
589 2770 768 2815 Epistolia
784 2771 1009 2815 scripserunt
1023 2769 1144 2804 Pallas
1163 2769 1351 2814 [Spangel]
1371 2769 1581 2814 Theologus
1601 2768 1669 2812 (Ex
1686 2767 1977 2813 Heidelberga.),

362 2824 541 2869 Georgius
571 2826 698 2870 Zingel
727 2826 923 2871 theologus
953 2826 1149 2860 canonicus
1174 2825 1401 2870 Eystetensis
1427 2825 1500 2869 (Ex
1524 2823 1791 2869 Ingolstadio.),
1823 2823 1978 2858 Ioannes

360 2881 545 2915 Romanus
569 2882 721 2926 Vtriusq3
743 2883 831 2916 iuris
857 2882 985 2916 doctor
1009 2881 1157 2923 (Idibus
1180 2881 1393 2916 nouembris
1416 2881 1523 2915 Anno
1548 2881 1617 2914 etc.
1635 2879 1815 2923 quinto),
1848 2878 1978 2913 Henri-

361 2947 422 2969 cus
451 2936 618 2970 bebelius
648 2940 761 2981 poeta
786 2938 1027 2983 (Tubinge.),
1065 2937 1201 2971 Beatus
1231 2937 1431 2971 Rhenanus
1461 2935 1694 2971 Sletftatinus
1731 2933 1804 2978 (Ex
1827 2933 1977 2978 Parisijs

361 2992 492 3026 octauo
516 2992 694 3027 kalendas
719 2993 922 3037 octobris),
947 2993 1156 3037 Rudigcrus
1181 2992 1254 3035 (EX
1279 2992 1490 3036 Dumetis.);
1523 2991 1687 3026 carmina
1716 2989 1863 3025 adiecta
1892 2990 1978 3023 sunt
