2119 3522
879 200 1010 223 ansae.
1705 180 1799 225 327

87 315 286 359 improvisa
317 315 603 356 Munsterbergii
637 313 912 354 intervenisset,
953 313 1142 356 popularis
1177 313 1293 355 ipsius
1322 313 1373 346 Io.
1391 312 1651 354 Hoffmannus,
1696 322 1802 355 quem

85 375 215 414 postea
231 371 373 403 Misniae
390 371 612 413 Episcopum
638 371 777 402 factum
803 369 973 409 diximus,
1000 379 1089 410 opus
1111 368 1208 402 istud
1234 368 1393 401 absolvit
1418 372 1454 401 et
1480 368 1702 412 ‘Collegium
1724 369 1802 400 Ma-

85 425 246 460 rianum’
272 428 451 467 instituit,
478 427 516 458 in
540 436 610 467 quo
637 425 806 468 Collegas
828 435 852 457 v
874 425 1041 465 Silesios‚
1068 428 1103 457 et
1128 425 1159 457 si
1182 425 1315 466 libeat,
1342 428 1483 458 sextum
1509 436 1527 458 e
1544 425 1714 457 Prutenis
1741 424 1801 457 ad-

85 483 311 516 sciscendum
336 482 530 516 ordinavit.
582 482 670 514 Post
700 481 780 514 haec
810 485 931 514 autem
956 480 1010 521 (a.
1031 480 1149 521 1456.)
1177 480 1378 523 Collegium
1401 480 1613 523 Principum
1636 481 1756 512 Minus
1782 491 1801 512 e

83 541 165 573 vico
189 540 338 571 Petrino
369 537 587 570 translatum
614 540 670 569 est
697 537 736 569 in
768 547 848 569 eum
871 537 1007 577 locum,
1040 536 1103 568 ubi
1128 539 1349 568 exstructum
1374 536 1477 568 modo
1507 537 1624 569 veteri
1648 536 1801 568 aedificio

84 596 254 628 cernitur.
302 595 393 626 Erat
418 597 502 626 ante
527 593 565 625 id
590 596 732 635 tempus
755 593 794 625 in
819 603 861 625 eo
886 592 967 625 loco
992 592 1088 624 Area
1113 592 1280 634 quaedam
1307 592 1404 634 (quae
1429 592 1538 634 vulgo
1564 591 1692 624 Gauda
1718 592 1802 623 Vul-

83 652 171 693 pina
195 651 384 683 dicebatur
411 652 574 682 nostrate
603 649 752 691 lingua)
785 659 892 690 quam
918 648 1165 681 Communitas
1189 648 1328 680 Artium
1355 659 1376 680 a
1402 647 1617 690 Collegiatis
1644 647 1803 689 Collegii

82 707 233 739 Maioris
257 731 286 739 ..
310 707 529 740 obtinuerat.
576 706 683 737 Hanc
708 715 832 737 aream
859 704 989 736 deinde
1015 704 1280 745 permutatione
1306 715 1327 736 a
1352 703 1584 745 Philosophis
1617 704 1802 745 accipiunt

83 762 281 805 Collegiati
304 762 454 794 Minoris
481 761 639 803 Collegii
663 761 886 801 Principum,
921 763 1031 800 atque
1055 759 1107 791 ibi
1133 759 1274 791 domum
1299 758 1499 799 aedificant,
1535 762 1571 790 et
1597 759 1800 801 Collegium

81 829 122 851 eo
147 809 249 851 suum
273 818 515 850 transferunt:
539 818 692 848 Domum
716 826 802 848 vero
820 816 1005 847 Petrinam
1031 818 1143 847 totam
1162 839 1169 847 .
1184 838 1191 846 .
1211 815 1349 846 Artium
1367 814 1554 855 Magistris
1580 815 1802 855 relinquunt.

81 876 170 907 Haec
185 874 338 906 Petrina
363 873 488 904 domus
514 870 811 914 ‘Paedagogium’
838 871 946 913 vulgo
972 870 1180 912 dicebatur,
1207 881 1320 913 usque
1348 870 1394 902 ad
1411 881 1443 901 a.
1463 871 1576 910 1515.‚
1604 880 1672 911 quo
1691 868 1798 902 Geor-

81 933 162 973 gius
180 930 263 964 Sax.
280 929 361 961 Dux
386 928 475 960 illud
501 928 682 960 convertit
705 928 743 959 in
768 926 937 960 ICtorum
963 926 1184 969 Collegium,
1212 927 1272 968 qui
1299 928 1409 958 antea
1434 927 1472 956 in
1499 925 1637 958 ambitu
1658 925 1802 968 Templi

81 986 126 1018 ad
143 987 187 1021 D,
205 986 378 1018 Thomam
396 984 606 1016 docuerant.
655 984 725 1016 Pro
742 983 964 1026 Paedagogio
991 985 1112 1015 autem
1136 982 1200 1015 illo
1219 1007 1226 1015 .
1242 1007 1249 1014 .
1267 981 1500 1023 Philosophis
1519 981 1688 1014 attribuit
1706 982 1801 1014 idem

79 1043 252 1085 Princeps
271 1041 491 1083 Collegium,
519 1039 613 1082 quod
637 1040 744 1072 hodie
770 1038 945 1072 ‘Novum'
972 1039 1123 1080 dicitur,
1150 1049 1194 1071 ex
1210 1037 1333 1080 Equili
1351 1037 1544 1070 Senatorio
1566 1037 1611 1069 ad
1635 1037 1801 1079 pomoerii

82 1098 238 1131 confinia
263 1100 462 1130 extructum
483 1107 515 1129 a.
533 1097 630 1129 1513.
646 1120 653 1129 .
666 1120 674 1128 .
689 1120 696 1128 .
722 1096 780 1127 Ita
803 1096 972 1127 nimirum
995 1105 1190 1138 progressu
1213 1095 1388 1137 temporis
1407 1104 1485 1126 cum
1504 1093 1708 1126 Academia
1727 1104 1802 1125 cre-

80 1159 206 1188 scente
233 1154 401 1195 Collegia
427 1163 566 1195 quoque
592 1162 741 1184 numero
767 1155 877 1184 aucta
902 1156 938 1184 et
962 1151 1207 1193 multiplicata
1233 1154 1332 1191 sunt,
1359 1153 1400 1182 ut
1424 1151 1576 1192 primum
1600 1149 1709 1182 hodie
1735 1160 1800 1181 nu-

79 1222 256 1243 meremus
282 1210 483 1251 Collegium
508 1209 644 1249 Maius,
672 1208 865 1240 secundum
882 1208 1021 1248 Minus,
1048 1209 1194 1240 tertium
1212 1208 1435 1247 Marianum,
1462 1209 1630 1248 quartum
1647 1206 1798 1246 Novum,

79 1268 243 1309 quintum
269 1267 474 1306 Petrinum,
508 1265 638 1306 quibus
669 1265 815 1296 tandem
840 1267 983 1296 sextum
1009 1274 1168 1306 quoque,
1203 1274 1333 1305 nempe
1360 1262 1573 1303 Paulinum,
1601 1272 1634 1295 a.
1654 1263 1750 1294 1544.
1769 1286 1798 1293 ..

80 1324 261 1356 adiectum
287 1321 380 1355 est.“

78 1400 220 1423 LOVANH
237 1392 275 1422 in
291 1388 495 1421 Brabantia
513 1399 547 1420 a.
565 1389 661 1420 1426.
674 1388 831 1419 Ioannes
849 1387 911 1419 IV.
927 1387 997 1418 dux
1016 1386 1219 1429 privilegiis
1238 1397 1259 1418 a
1273 1385 1430 1418 Martino
1448 1386 1518 1421 ΡΡ,
1534 1387 1575 1418 V.
1592 1386 1799 1428 impetratis

78 1447 305 1481 academiam
331 1445 467 1485 erexit,
492 1445 530 1476 in
556 1454 626 1486 qua
649 1447 690 1475 ut
714 1443 900 1485 theologia
926 1453 1067 1484 quoque
1087 1442 1280 1475 doceretur
1297 1442 1484 1483 Eugenius
1502 1442 1573 1474 ΡΡ,
1591 1441 1651 1476 IV.
1669 1442 1799 1483 permi-

78 1504 135 1536 sit.
162 1514 206 1535 ea
232 1502 285 1542 (ut
301 1500 555 1542 Middendorpi
580 1500 643 1533 lib.
661 1500 722 1532 IV.
741 1510 775 1541 p.
794 1501 870 1532 276.
889 1509 942 1541 sq.
959 1499 1081 1531 verbis
1106 1498 1204 1540 utar)
1231 1509 1308 1540 „ex
1333 1497 1544 1530 Coloniensi
1569 1497 1737 1529 derivata
1764 1500 1800 1529 et

78 1562 271 1602 procreata
295 1557 443 1590 tandem
460 1581 468 1589 .
482 1581 489 1589 .
505 1582 511 1589 .
529 1556 661 1599 partim
688 1555 923 1597 amplissimis
947 1555 1170 1598 privilegiis,
1196 1554 1327 1597 partim
1354 1554 1466 1586 etiam
1486 1554 1658 1586 extructis
1676 1553 1798 1595 splen-

79 1615 276 1648 didissimis
307 1613 491 1656 collegiis,
523 1612 682 1654 egregiis
714 1611 990 1644 fundationibus
1024 1614 1061 1644 et
1092 1611 1218 1653 legata
1247 1611 1285 1642 in
1316 1621 1402 1643 usus
1434 1610 1616 1643 literarios
1641 1611 1798 1642 maxima

77 1671 233 1714 pecunia
263 1672 301 1702 in
333 1680 412 1702 eum
437 1669 665 1712 splendorem
698 1668 855 1701 deducta
885 1659 959 1710 est,
991 1671 1030 1699 ut
1056 1666 1332 1700 celeberrimum
1357 1667 1394 1698 in
1421 1666 1618 1699 Germania
1643 1666 1798 1697 omnium

76 1728 265 1760 literarum
292 1726 491 1768 emporium
515 1725 848 1766 florentissimaque
879 1723 1069 1757 academia
1100 1724 1228 1756 merito
1255 1722 1471 1765 appelletur.
1519 1722 1700 1755 Adrianus
1724 1722 1795 1758 ΡΡ,

77 1785 138 1817 VI.
157 1783 345 1826 egregium
368 1781 543 1823 Lovanii,
572 1781 636 1813 ubi
665 1781 744 1823 ipse
774 1783 851 1812 tum
875 1781 1010 1813 Rector
1036 1783 1073 1812 et
1098 1778 1352 1811 Cancellarius
1379 1782 1475 1819 erat,
1507 1778 1701 1821 collegium
1732 1778 1796 1810 sub

77 1839 230 1872 Adriani
254 1839 398 1871 nomine
425 1837 603 1878 extruxit,
635 1838 699 1869 ubi
723 1837 900 1869 tenuioris
926 1837 1081 1869 fortunae
1108 1836 1259 1868 iuvenes
1286 1846 1366 1868 cum
1390 1835 1598 1868 doctoribus
1616 1837 1796 1879 sustenta-

76 1899 202 1929 rentur
219 1920 226 1928 .
241 1920 248 1928 .
263 1920 271 1928 .
287 1896 367 1937 ipse
392 1896 429 1926 in
454 1894 669 1936 paedagogio
687 1894 885 1936 portiorum
903 1894 1063 1935 gratuito
1082 1894 1239 1924 nutritus
1258 1892 1392 1924 fuerat.
1405 1915 1413 1924 .
1428 1890 1467 1924 .“
1509 1890 1598 1923 Cum
1616 1891 1696 1925 Nic.
1710 1891 1796 1923 Ver-

77 1953 187 1985 nulaei
212 1952 256 1984 de
273 1951 475 1983 Academia
492 1950 718 1983 Lovaniensi
742 1949 828 1982 libri
854 1953 928 1982 tres
948 1960 981 1982 a.
1001 1950 1098 1981 1627.
1117 1948 1164 1983 4⁰.
1183 1947 1364 1990 publicati
1387 1948 1459 1990 ipsi
1484 1948 1529 1980 ad
1555 1957 1682 1979 manus
1707 1947 1796 1978 mihi

77 2020 148 2041 non
173 2009 263 2049 sint,
295 2007 388 2039 dabo
419 2007 463 2038 de
489 2006 654 2047 collegiis
679 2006 973 2038 Lovaniensibus
999 2015 1078 2047 quae
1104 2005 1287 2047 praecipue
1314 2015 1356 2036 ex
1385 2004 1449 2036 illo
1478 2003 1570 2035 libro
1596 2003 1796 2045 desumpsit

78 2064 185 2107 Casp.
205 2064 434 2096 Burmannus
453 2063 491 2094 in
507 2062 697 2094 Hadriano
714 2063 776 2097 VI.
795 2063 854 2097 Tr.
874 2062 919 2093 ad
936 2061 1001 2093 Rh.
1023 2062 1118 2096 1727,
1136 2060 1184 2092 40.
1204 2072 1237 2102 p.
1258 2062 1288 2092 7.
1308 2070 1385 2102 sqq.
1424 2060 1622 2100 „Quatuor
1640 2059 1796 2101 Gymna-
1844 2047 1849 2052 ’

77 2122 133 2154 sia
153 2131 180 2154 s.
200 2120 423 2162 Paedagogia
438 2119 597 2151 illustria
614 2118 817 2150 Lovanium
833 2118 962 2158 habet,
989 2127 1137 2159 quorum
1164 2116 1300 2148 alumni
1324 2117 1478 2148 subsunt
1496 2115 1795 2157 Gymnasiarchae

76 2187 104 2211 s.
122 2176 296 2219 Regenti,
322 2175 477 2217 singulis
495 2174 704 2217 Gymnasiis
729 2173 796 2205 tali
820 2174 980 2217 Regenti
1004 2173 1216 2216 praeposito,
1243 2172 1302 2214 qui
1328 2175 1363 2204 et
1389 2172 1598 2204 oeeonomiae
1625 2174 1661 2203 et
1688 2171 1795 2203 disci-

74 2233 185 2276 plinae
203 2235 350 2276 praeest.
399 2231 489 2263 Haec
508 2233 593 2263 sunt
609 2231 706 2268 Lilii,
730 2231 852 2271 Porci,
877 2230 991 2263 Casiri
1007 2233 1044 2262 et
1060 2230 1233 2267 Falconis,
1261 2238 1340 2270 quae
1359 2227 1504 2270 singula
1525 2228 1571 2260 ab
1589 2227 1794 2270 insignibus

75 2300 207 2322 nomen
237 2289 368 2321 sortita
399 2285 608 2320 dicuntur.“
654 2287 698 2318 In
728 2286 909 2329 prioribus
940 2287 1058 2318 tribus
1087 2285 1222 2318 litterae
1249 2287 1285 2317 et
1309 2287 1406 2316 artes
1431 2283 1621 2325 liberales,
1650 2284 1686 2315 in
1711 2283 1794 2315 Fal-

75 2357 163 2380 cone
188 2346 325 2388 logica,
351 2344 504 2387 physica
530 2346 566 2375 et
590 2344 841 2386 metaphysica
866 2343 1100 2376 docebantur.
1145 2339 1217 2382 (Cf.
1237 2341 1347 2373 etiam
1364 2341 1462 2373 infra
1487 2342 1554 2372 art.
1574 2339 1699 2372 Caroli
1723 2340 1796 2382 epi-

76 2401 204 2444 stolae.)
253 2401 479 2443 „Porcensis
503 2400 652 2442 collegii
675 2400 766 2442 ipsis
782 2399 993 2432 Academiae
1019 2398 1255 2431 incunabulis
1281 2396 1556 2429 adscribendum
1577 2399 1648 2436 est,
1676 2400 1712 2428 et
1734 2406 1795 2428 au-

76 2462 213 2492 ctorem
236 2458 350 2490 habet
366 2457 440 2489 Ioa.
458 2456 605 2496 Widoe,
634 2456 719 2499 qui.
734 2481 741 2488 .
757 2481 764 2488 .
782 2456 924 2488 domum
948 2466 1050 2488 suam
1076 2455 1121 2487 ad
1143 2454 1275 2487 scholae
1298 2463 1401 2486 usum
1418 2452 1583 2494 reliquit,
1611 2463 1689 2495 quae
1716 2463 1794 2484 cum

77 2526 96 2548 e
121 2515 270 2556 regione
301 2514 404 2556 porci
435 2512 627 2554 sylvestris
658 2515 775 2553 esset,
806 2512 940 2546 Schola
966 2523 993 2544 s.
1010 2511 1273 2553 Paedagogium
1302 2510 1410 2542 Porci
1441 2509 1628 2551 adpellata
1653 2508 1793 2541 est...“

77 2572 138 2613 „E
164 2571 313 2613 regione
331 2569 515 2602 Pontificii
540 2569 686 2611 collegii
703 2568 900 2610 (Middend.
920 2579 954 2611 p.
973 2567 1066 2609 278.)
1087 2567 1232 2599 habitat
1258 2565 1398 2598 familia
1417 2565 1661 2604 Standonica,
1689 2575 1793 2606 quam

75 2629 152 2660 Ioa.
167 2625 354 2658 Standonc
376 2636 408 2657 a.
426 2626 523 2658 1500.
541 2624 744 2666 i11stituit“,
772 2628 808 2657 et
825 2625 946 2659 Burm.
964 2624 986 2656 1.
1005 2634 1034 2658 c.
1053 2623 1281 2666 gymnasium
1299 2622 1406 2654 Porci
1428 2621 1536 2653 hodie
1555 2621 1794 2653 Stanclonz'cum

76 2693 208 2716 nomen
231 2682 367 2714 habere
392 2682 548 2724 scripsit.
596 2681 697 2714 Idem
720 2681 906 2722 „Litterae
930 2680 1092 2719 Latinae,
1116 2678 1312 2710 Hebraicae
1338 2680 1374 2709 et
1392 2676 1530 2709 Graecae
1554 2676 1731 2709 docentur
1755 2678 1792 2708 in

79 2739 243 2781 Collegio
257 2737 456 2770 Buslidiano
475 2748 503 2770 s.
527 2737 706 2779 Tritinyui‚
778 2737 1010 2769 humaniores
1031 2738 1152 2768 autem
1169 2734 1303 2767 litterae
1321 2734 1359 2765 in
1377 2733 1540 2776 Collegio
1560 2732 1791 2765 Vaulaez'czno.“

76 2796 319 2836 Hieronymus
332 2793 533 2834 Buslidius,
550 2794 696 2826 Erasini
707 2793 789 2826 Rot.
804 2793 970 2835 Morique
989 2791 1311 2830 familiarissimus,
1330 2790 1422 2822 obiit
1438 2789 1471 2821 d.
1483 2791 1536 2822 27.
1548 2789 1638 2831 Aug.
1650 2800 1682 2824 a,
1696 2790 1792 2822 1517.

77 2854 132 2884 De
156 2862 200 2884 eo
225 2851 373 2892 eiusque
400 2850 556 2893 collegio
580 2849 702 2882 laudis
725 2849 844 2891 plenae
870 2852 955 2881 sunt
978 2848 1123 2880 Erasmi
1146 2846 1321 2889 epistolae.

77 2928 373 2952 MOGVNTIACENSIS
397 2917 614 2958 academiae,
640 2917 884 2959 Tubingensis
907 2916 1077 2958 aequalis,
1103 2914 1313 2947 Trevirensi
1335 2913 1457 2956 paullo
1480 2914 1648 2955 iunioris,
1681 2924 1791 2954 „cum

77 2976 148 3008 duo
174 2978 295 3008 essent
320 2974 523 3015 domicilia,
550 2973 933 3015 Schenkenbergicum
960 2976 995 3004 et
1019 2969 1365 3014 Algesheimense“,
1393 2972 1433 3002 ut
1456 2970 1492 3001 in
1519 2970 1586 3002 hoc
1610 2970 1791 3011 immigra-

78 3035 159 3064 rent
188 3035 313 3074 patres
338 3041 411 3065 soc.
429 3030 531 3072 Iesu,
566 3040 645 3062 cum
675 3029 896 3062 academicis
927 3029 1111 3070 transegit
1140 3027 1438 3069 archiepiscopus
1462 3026 1596 3059 Daniel
1628 3037 1658 3058 a.
1680 3027 1790 3066 1568„
