2119 3522
278 205 350 226 EPP.
364 201 407 226 37.
420 201 463 226 38.
487 205 562 226 LVP.
575 203 807 226 FEDERFVSIVS
823 202 981 225 ORTVINO.
999 210 1042 214 -·-
1058 201 1208 223 PADORM.
1221 200 1459 223 FORNACIFICIS
1475 201 1632 223 ORTVINO.
1740 182 1834 228 609

121 261 209 304 Pag.
224 261 289 297 57.
1260 260 1345 301 Pag.
1360 260 1413 292 56.
1431 271 1461 291 v.
1475 267 1506 291 21
1525 283 1532 291 .
1546 283 1554 290 .
1569 283 1576 290 .
1594 259 1680 300 Pag.
1695 260 1747 290 58.
1765 270 1795 290 v.
1809 266 1834 290 3.

123 318 163 348 11
189 315 393 359 verecund.]
421 314 674 348 ‘Verecundia
698 314 742 347 .i.
760 314 895 358 pudor,
922 315 1070 349 sehame.
1118 313 1372 347 Verecundari
1396 341 1402 346 .
1422 340 1429 347 .
1447 341 1454 346 .
1478 313 1637 357 pudere,
1667 313 1836 347 schemen.

210 369 469 412 Verecundus‚
498 381 535 412 a,
560 382 641 412 um,
666 369 705 403 id
730 370 786 403 est
808 369 960 411 timens,
986 370 1128 414 pudore
1152 369 1301 414 plenus,
1327 369 1510 413 schemiy'.
1540 367 1697 402 Gemma
1720 381 1754 413 g.

123 429 164 460 13
190 428 222 459 et
246 436 307 470 eqo
333 426 454 470 etiam]
480 426 671 470 praeterea.

123 485 165 515 14
189 491 297 525 comp.
323 509 330 515 .
349 509 356 516 .
376 509 382 515 .
406 481 635 525 obedientiae]
663 480 887 515 Confessoris
917 481 974 515 ius
1005 481 1261 526 interrogandi
1292 480 1532 515 confitentem
1558 479 1702 514 Crotice
1726 481 1838 514 inter-

210 537 381 580 pretatur
403 536 592 580 Lupoldus
624 537 663 570 et
693 537 802 571 aliter
824 537 1125 581 Pepericorniam
1155 537 1200 582 ab
1228 535 1382 571 Ortvino
1415 536 1566 570 ‘tractari
1597 536 1695 578 vult,
1728 537 1839 580 atque

209 592 381 636 praecipit
396 592 575 626 Antonini
592 591 687 626 Flor.
706 591 914 634 Summum,
942 605 1023 636 quae
1048 604 1141 626 vers.
1160 592 1221 626 fin.
1238 592 1301 628 lib.
1321 592 1348 628 I.
1365 592 1537 636 praecipit
1561 619 1581 634 ‚,
1593 592 1784 633 Quomodo
1803 602 1840 625 se

209 648 348 682 habere
374 647 510 682 debeat
534 648 720 682 confessor
744 648 929 682 audiendo
954 648 1170 684 mulieres“.

123 707 164 738 15
187 704 335 738 honesta
352 731 359 738 .
379 732 385 738 .
405 731 412 738 .
433 703 598 748 Colonia]
625 704 670 738 cf.
689 704 735 737 ad
760 708 802 738 55
812 705 849 737 ³⁵.

120 764 164 794 20
188 771 232 794 eae
249 759 432 804 Dracone]
458 759 598 794 Domus
623 770 706 793 eum
731 759 867 804 insigni
890 760 1017 804 magni
1043 759 1229 802 draconis,
1260 760 1370 794 hodie
1394 770 1469 793 non
1495 760 1639 801 extans⁷
1666 761 1737 794 sita
1761 761 1842 794 erat

209 816 295 859 post
319 815 525 860 Collegium
550 826 727 860 magnum
761 815 808 849 ad
832 815 997 860 plateam
1021 826 1119 849 nunc
1144 827 1292 860 quoque
1318 826 1339 849 a
1363 815 1522 849 dracone
1547 826 1684 849 nomen
1709 827 1839 860 geren-

209 872 286 905 tem
311 871 589 915 Draehenqasse.
616 872 759 905 emerat
781 871 876 905 hano
902 871 1053 905 domum
1079 882 1110 905 a.
1131 876 1227 906 1435.
1251 883 1429 916 magnum
1453 871 1655 914 hospitale,
1682 882 1839 915 eamque

209 927 477 971 professoribus
507 926 753 971 studiosisque
785 927 907 961 locare
940 927 1094 961 solebat.
1124 927 1227 961 loeus
1256 938 1354 960 nune
1384 927 1530 970 partem
1559 926 1650 960 facit
1674 938 1768 961 areae
1794 928 1841 961 ad

211 982 418 1028 Collegium
448 993 626 1028 magnum
658 983 892 1027 pertinentis.
938 982 1043 1017 Hane
1073 983 1247 1017 notitiam
1276 982 1422 1017 erudito
1448 982 1595 1016 cuidam
1620 982 1694 1016 civi
1716 983 1841 1016 Erfur-

210 1039 307 1073 tensi
337 1039 466 1073 debeo.
528 1039 571 1072 In
600 1039 646 1072 B.
670 1039 848 1083 Hartzcng]
875 1038 1215 1073 Hic'sztsser-Chronik
1252 1039 1316 1072 cler
1345 1037 1454 1072 Stadt
1485 1037 1633 1080 Erfurt.
1667 1041 1762 1072 1861.
1794 1041 1840 1073 80.

209 1106 294 1140 pag.
311 1107 467 1129 xxxxvn.
488 1095 627 1139 legitur
651 1109 659 1128 :
683 1094 1031 1139 „Miclzaelissrrasse
1046 1108 1057 1128 .·
1079 1102 1130 1129 n0.
1149 1098 1246 1129 2765.
1267 1098 1365 1129 sonet
1382 1098 1424 1129 27
1442 1095 1509 1129 das
1527 1093 1735 1139 Collegium
1753 1094 1841 1128 Uni-

211 1150 374 1185 versitat.
405 1155 449 1185 28
472 1150 554 1185 Fac.
577 1151 838 1195 Philosophica
867 1160 895 1185 Ζ.
915 1150 1047 1184 Gnrlce.
1086 1155 1129 1185 30
1151 1150 1224 1185 Fac
1249 1165 1256 1184 :
1280 1150 1415 1184 Philos.
1439 1149 1577 1195 Colleg.
1600 1149 1704 1184 Burs.
1726 1150 1841 1194 Paup.

210 1217 276 1241 zur
291 1207 415 1241 Meise.
451 1207 562 1250 (Jetzt
582 1206 804 1241 Ste'idtisehes
820 1207 1084 1249 Arbeitshans.)
1125 1207 1220 1241 Hier
1244 1208 1416 1241 ,eu-{seben
1442 1207 1527 1251 Zieyt
1547 1207 1606 1241 die
1622 1206 1841 1241 Studenten-

209 1274 311 1307 yasse
337 1273 401 1297 vor
416 1264 539 1297 Alter-s
563 1263 623 1297 die
642 1263 873 1306 Hasengyasse
899 1262 1044 1305 (Platea
1066 1262 1266 1307 Leporum)
1283 1266 1456 1307 yenannt.
1481 1274 1517 1296 n.
1536 1266 1633 1297 2766.
1651 1266 1749 1297 sonet
1773 1262 1841 1296 Mi-

212 1316 349 1353 chaelis
378 1323 421 1353 25
445 1322 581 1363 yrossen
605 1319 723 1353 Arche
753 1319 832 1352 und
856 1318 1092 1363 Enyelsbury.
1126 1322 1168 1353 26
1193 1319 1337 1353 lcleinen
1360 1319 1478 1353 Arche
1500 1319 1604 1361 Noa,
1642 1319 1730 1353 olim
1760 1329 1841 1353 zum

212 1375 395 1410 Draehen.
426 1378 514 1409 2767
544 1378 642 1409 sonst
674 1379 712 1408 21
745 1385 811 1408 zur
840 1374 970 1409 Somne.
1034 1376 1319 1419 Draehenyasse.
1345 1379 1443 1410 2768.
1476 1378 1574 1409 sonst
1604 1375 1842 1409 Butterweek.

211 1436 253 1466 23
277 1441 358 1466 zum
380 1432 490 1465 Kc'ise.
515 1435 558 1465 24
582 1441 662 1465 zum
679 1431 931 1474 Krmcthacht.
981 1432 1047 1465 99¹>
1068 1430 1220 1476 Georgii
1236 1430 1586 1466 BIc'iclchen-Schule.
1633 1431 1843 1465 Michaelis·-

211 1488 363 1531 strasse‘1
389 1488 457 1522 ete.

301 1611 536 1646 EPISTOLA
563 1613 627 1650 38.
666 1611 1041 1647 PADORMANNVS
1067 1611 1404 1647 FORNACIFICIS
1431 1611 1661 1647 ORTVINO.

123 1717 165 1748 22
190 1712 425 1748 Fornaeificis
454 1724 590 1748 nomen
619 1713 719 1748 idem
750 1725 827 1748 esse
859 1715 970 1758 atque
996 1714 1092 1749 infra
1115 1715 1278 1759 positum
1301 1714 1525 1757 Kaehelofen
1549 1716 1652 1758 puto.
1701 1714 1745 1748 cf.
1764 1714 1843 1748 Ind.

211 1770 328 1815 biogr.
345 1781 381 1814 p.
398 1774 475 1804 402.
492 1770 526 1804 h.
545 1771 612 1804 art.
654 1769 750 1811 Quid
767 1770 836 1804 sibi
853 1770 945 1804 velit
961 1770 1212 1805 Paclormanni
1228 1781 1460 1815 praenomen,
1481 1771 1666 1815 explicare
1684 1781 1840 1814 nequeo.

123 1830 165 1861 29
189 1829 269 1861 arte
292 1827 528 1871 epistolandi]
554 1827 598 1861 cf.
617 1828 664 1860 ad
681 1831 723 1861 53
732 1827 771 1860 ²⁴.

166 1882 246 1926 Eyo
269 1883 468 1927 scriberem]
493 1882 745 1917 Referendum
771 1882 817 1916 ad
851 1883 969 1927 ‘quod
1001 1892 1070 1927 ego
1094 1894 1168 1917 non
1194 1883 1392 1917 scriberem
1417 1883 1464 1917 ad
1489 1884 1572 1917 vos'
1599 1896 1630 1917 v.
1647 1892 1689 1917 26.
1704 1897 1769 1926 sq.‚
1802 1884 1845 1916 ut

211 1938 288 1973 fere
305 1937 436 1973 Latine
461 1939 512 1973 sic
537 1938 720 1973 voluerit:
750 1938 841 1973 Cum
865 1950 984 1983 nuper
1003 1966 1009 1973 .
1029 1966 1036 1973 .
1055 1966 1062 1973 .
1081 1939 1155 1973 iam
1180 1939 1378 1982 respondeo
1396 1967 1402 1973 .
1422 1966 1429 1973 .
1448 1967 1454 1973 .
1480 1938 1578 1973 Male
1603 1939 1642 1973 in
1667 1939 1723 1973 ed.
1746 1943 1843 1973 1858.

212 1993 299 2029 dedi
322 1995 384 2029 secl
409 1995 495 2029 ante
522 1997 612 2029 ‘non
636 1994 787 2029 habeo'.

122 2055 164 2085 30
188 2051 444 2096 inventionem]
472 2053 562 2086 ‘non
586 2051 706 2086 habeo
732 2062 879 2095 semper
902 2051 1133 2095 Apollinem'
1161 2051 1421 2086 Ortvinianum
1447 2053 1511 2086 est.

123 2111 162 2141 31
191 2107 446 2152 quodlibetum]
473 2107 518 2141 cf.
536 2107 583 2141 ad
607 2108 697 2142 56¹⁹.

122 2167 164 2196 32
190 2163 334 2197 cleterm.
354 2164 428 2208 ete]
453 2162 619 2198 Observa
641 2163 830 2197 ordinem:
857 2163 1116 2206 determinare,
1143 2164 1304 2206 solvere,
1331 2175 1539 2208 proponere
1565 2164 1796 2208 quaestiones.

122 2223 164 2253 33
184 2219 436 2264 problemnai]
467 2219 684 2264 Elegantior
716 2219 795 2254 visa
824 2231 901 2254 esse
933 2219 1082 2254 videtur
1113 2220 1296 2264 scriptura
1332 2231 1400 2264 per
1429 2231 1472 2263 u,
1510 2231 1622 2264 quam
1654 2231 1750 2264 saepe
1781 2230 1840 2253 me

211 2274 337 2319 legere
362 2275 532 2318 memini3
564 2276 603 2309 in
628 2276 875 2310 vooabulariis
898 2287 1033 2310 nomen
1065 2276 1142 2310 sine
1167 2288 1192 2310 u
1217 2276 1407 2318 scribitur,
1435 2287 1464 2310 e.
1483 2288 1536 2321 gr.
1555 2276 1692 2310 Vocab.
1709 2276 1843 2310 brevil.

213 2331 393 2374 (maxime
419 2343 464 2366 ex
483 2331 623 2366 Cathol.
641 2332 691 2366 Io.
712 2332 758 2366 de
778 2332 932 2376 Ianua):
960 2332 1188 2374 „Problema
1206 2359 1213 2366 .
1232 2359 1238 2365 .
1258 2359 1266 2366 .
1284 2332 1384 2376 quod
1408 2332 1524 2366 latine
1549 2332 1685 2366 dicitur
1708 2343 1842 2377 propo-

211 2387 312 2430 siti0,
339 2387 493 2431 quaestio
520 2388 576 2422 est
599 2387 760 2422 difficilis
784 2388 925 2422 habens
942 2388 1083 2432 aliquid
1101 2388 1200 2431 quod
1218 2387 1469 2432 disputatione
1488 2388 1707 2423 solvendum
1725 2388 1772 2422 sit
1789 2415 1797 2422 .
1812 2416 1819 2422 .
1836 2416 1842 2422 .

210 2442 258 2477 Et
281 2443 430 2478 videtur
452 2443 648 2488 problema
671 2445 844 2489 componi
868 2456 889 2479 a
912 2455 979 2489 pro
1005 2445 1043 2479 et
1066 2444 1181 2486 lema,
1209 2443 1309 2488 quod.
1335 2445 1390 2479 est
1414 2455 1570 2490 vorago⁷
1597 2444 1685 2488 quia
1708 2455 1843 2489 propo-

210 2498 312 2533 nitur
335 2500 378 2533 ut
400 2501 506 2535 voret
523 2501 561 2535 et
577 2500 757 2545 decipiat,
785 2502 822 2535 et
838 2500 1011 2545 producit
1026 2501 1087 2535 ble
1099 2504 1130 2536 ‘⁴.
1180 2500 1306 2546 [Lema
1326 2501 1387 2535 vel
1404 2501 1520 2535 lemos
1538 2499 1702 2546 (λαιμός)
1720 2511 1842 2545 grece.

211 2555 326 2590 latine
345 2555 481 2590 dieitur
498 2557 706 2601 vorago.]“.
732 2556 890 2591 Gemma
906 2569 958 2601 g.:
986 2556 1230 2600 ‚,Problema,
1257 2557 1346 2599 atis,
1373 2556 1509 2590 dicitur
1532 2556 1756 2601 propositio,
1783 2556 1842 2590 ein

211 2612 399 2646 rettersche
425 2611 496 2656 [ed.
515 2616 612 2647 1520.
630 2612 691 2646 ein
714 2612 839 2655 retelss.
864 2612 1062 2657 ratsel?].“

122 2671 165 2701 34
188 2667 385 2712 scientiosz]
412 2667 522 2702 docti.
568 2667 809 2702 Adiectivum
835 2667 1065 2702 ‘scientiose’
1092 2668 1157 2702 dat
1180 2668 1346 2713 Ducang.
1371 2679 1415 2702 ex
1440 2668 1496 2703 ch.
1514 2679 1545 2702 a.
1565 2671 1662 2703 1367.

122 2727 165 2757 35
189 2734 287 2758 uvius
310 2723 429 2758 notab.
453 2725 535 2769 ete]
575 2723 683 2757 Hune
710 2722 912 2768 Georgium
937 2723 1109 2758 Sibutum
1142 2735 1219 2758 esse
1252 2735 1319 2768 pro
1350 2725 1451 2758 certo
1481 2723 1756 2758 affirmaverim.
1796 2723 1840 2758 cf.

211 2778 290 2813 Ind.
307 2778 425 2824 biogr.
443 2791 479 2823 p.
496 2782 572 2814 469.
589 2790 668 2823 sqq.
685 2780 752 2813 art.
771 2778 931 2813 Sibutus.

122 2836 209 2879 Pag.
228 2836 292 2873 58.

125 2894 141 2923 1
166 2890 317 2925 intimat
340 2891 519 2936 lectiones]
546 2890 591 2925 cf.
609 2889 657 2925 ad
678 2893 765 2926 13¹0.

123 2951 154 2981 3.
172 2958 249 2990 sqq.
272 2950 471 2982 tractatum
497 2948 642 2982 metrice
664 2949 738 2993 eto]
773 2947 980 2990 Quemnam
1004 2949 1116 2982 rixosi
1141 2948 1263 2982 Sibuti
1286 2949 1455 2982 libellum
1480 2949 1700 2993 inscriptum
1731 2948 1841 2982 fuisse

215 3003 276 3037 ‘de
302 3003 357 3037 ira
382 3005 421 3037 et
443 3003 652 3038 cholericis'
681 3003 798 3049 fingat
819 3003 1038 3039 Fornaoifex
1062 3005 1196 3038 neseio.
1245 3016 1336 3049 qnos
1361 3016 1431 3050 ego
1454 3005 1549 3050 legi,
1574 3004 1600 3038 ii
1626 3015 1753 3038 omnes
1775 3005 1842 3038 mi-

174 3072 264 3093 uvrr.
281 3073 348 3093 οΡΡ.
366 3073 468 3093 svper..
487 3073 519 3094 11.
1530 3066 1572 3096 39
