2119 3522
666 234 847 257 FABRICIVS
873 248 880 256 .
896 248 903 255 .
919 248 925 255 .
952 232 1213 256 FALCKENBERG.
1702 212 1795 258 369

81 349 190 387 dium
224 349 500 387 tetrastichum
540 362 678 387 versus
712 349 762 386 15
795 349 1017 386 acrosticho
1057 348 1249 387 exhibent
1287 347 1506 385 ‘Reinerus
1537 361 1598 385 me
1631 345 1797 385 fecit'¹².

82 405 205 455 ‘Fagi
244 406 397 443 facetus
436 406 521 443 sive
562 405 610 443 tle
650 405 796 442 facetia
830 403 884 453 (s.
909 404 1091 454 facetiis)
1133 410 1172 442 et
1211 403 1385 441 moribus
1423 401 1644 450 niensae'¹³,
1688 404 1800 441 cuius

81 461 396 500 emendatiorem
429 462 650 499 editionem
683 459 875 498 debemus
897 457 1157 508 Habichio¹⁴3
1191 466 1350 497 constat
1380 460 1455 497 hoc
1486 473 1646 498 carmen
1669 459 1800 497 facete

79 519 223 567 φαγεῖν
255 518 404 556 docens
435 522 580 568 praeter
611 515 711 553 illud
744 516 1028 562 tetrastichon,
1062 516 1262 566 incipiens

436 588 596 620 Noscere
624 587 684 629 qui
710 587 845 619 mensis
871 586 995 618 decori
1021 587 1110 626 sint,
1137 585 1268 627 lector,
1294 587 1449 619 honores

78 651 261 690 versibus
291 651 393 697 440,
427 663 596 701 quorum
627 651 777 702 primus
809 655 888 688 est:

438 722 510 755 Res
535 732 654 755 rerum
681 724 812 753 natura
838 731 972 763 parens
998 721 1051 752 ita
1077 721 1238 762 concipit
1263 730 1386 752 omnes

78 769 241 807 ultimus
264 775 416 807 autem:

437 823 686 865 Doctoresque
712 833 831 863 meos,
857 832 945 864 quos
971 832 1007 854 re
1034 832 1183 864 sequor,
1211 832 1270 854 ore
1298 820 1489 854 secutus.¹⁵

170 890 223 931 12)
248 890 435 933 Incipiunt
467 890 504 921 hi
531 900 658 922 versus
688 901 753 922 xv:
793 890 865 922 Res
889 890 938 921 Et
960 888 1157 931 Indigeant
1179 889 1260 921 Non
1287 889 1376 920 Esse
1400 888 1506 920 Ritus
1530 888 1672 921 Vivitur
1697 889 1800 921 Scili-

169 949 228 978 cet
251 946 353 978 Mens
377 946 521 978 Eaedem
553 947 625 978 Fas
656 946 804 978 Esuries
835 945 947 977 Cuius
976 945 1169 977 Incentiva
1194 945 1492 986 Torrentemque.
1611 947 1664 984 13)
1688 945 1799 978 Hain.

169 1007 218 1034 n0.
237 1003 336 1043 6899.
355 1012 408 1044 sq.
504 1002 559 1044 14)
579 1005 650 1035 not.
669 1004 701 1034 4.
723 1002 782 1034 cit.
801 1012 834 1044 p.
853 1002 975 1034 5...14.
1070 1000 1125 1043 15)
1144 1001 1247 1033 Infra
1267 1001 1361 1032 hunc
1379 1011 1411 1035 v.
1432 1003 1504 1033 est:
1529 1000 1692 1043 Explicit
1708 1001 1801 1034 Pha-

169 1058 364 1100 gifacetuS.

78 1145 244 1186 FACHA,
267 1139 482 1177 Balthasar
505 1139 565 1186 de,
590 1140 675 1177 sive
693 1138 881 1177 Phachus
899 1144 967 1176 aut
983 1137 1194 1176 Phacchus
1214 1136 1304 1187 (aus
1324 1139 1354 1176 V
1354 1140 1454 1176 acha
1473 1150 1523 1175 αη
1541 1140 1611 1175 cler
1630 1138 1799 1189 Werra),

78 1194 290 1233 Fabricius
312 1196 441 1246 patrio
464 1196 647 1242 nomine,
679 1209 757 1246 quo
780 1196 904 1233 multo
927 1195 1054 1232 rarius
1077 1207 1197 1245 quam
1219 1208 1241 1232 a
1263 1195 1393 1246 patrio
1416 1194 1566 1245 oppido
1591 1194 1802 1246 desumpto

78 1252 137 1288 uti
167 1251 335 1289 solebat.
368 1251 438 1289 ubi
469 1252 640 1302 primum
672 1253 757 1290 eius
788 1264 938 1290 nomen
971 1252 1161 1297 occurrit,
1195 1251 1237 1289 id
1270 1257 1330 1289 est
1361 1265 1449 1288 cum
1477 1252 1519 1288 in
1548 1250 1683 1289 album
1712 1265 1799 1289 aca-

78 1308 166 1344 miae
196 1307 567 1358 Wittenbergensis
599 1322 706 1345 anno
738 1309 858 1346 1502.
882 1307 1186 1354 inscriberetur,
1230 1313 1290 1346 est
1330 1307 1580 1355 „Balthasar
1611 1307 1801 1346 fabricius

79 1363 130 1401 de
161 1363 301 1411 fach“,
334 1370 378 1401 ut
409 1364 691 1402 adnotavimus
723 1364 775 1402 ad
805 1364 979 1402 Hutteni
1009 1361 1190 1402 versus¹:

249 1435 350 1467 Vivit
375 1436 411 1466 in
436 1435 506 1467 hac
534 1433 824 1477 [Wittenberga]
853 1436 1038 1474 Francus,
1069 1436 1197 1477 patriae
1224 1445 1319 1467 nova
1345 1435 1462 1477 gloria
1487 1437 1621 1467 nostrae

315 1488 525 1531 Ph'acchus,
553 1491 726 1523 amicitiae
754 1491 870 1533 portio
897 1490 969 1522 fida
995 1501 1095 1522 meae.

77 1553 174 1592 inde
206 1555 327 1592 etiam
359 1554 408 1592 de
440 1555 616 1592 amicitia
647 1556 753 1592 inter
776 1554 985 1592 Phaclium
1016 1568 1061 1591 ac
1084 1553 1440 1592 Melanchthonem
1464 1554 1801 1606 Spalatinumque

78 1616 248 1650 constat.
299 1610 421 1648 Anno
447 1612 566 1648 1517.
585 1611 666 1648 kal.
686 1610 774 1649 Oct.
799 1616 930 1648 rector
950 1610 1324 1660 Wittenbergensis
1359 1611 1578 1649 ‘communi
1609 1612 1800 1662 suffraga-

78 1669 189 1705 tione
227 1673 384 1718 patrum
425 1673 582 1705 creatus
622 1673 682 1705 est
720 1667 969 1714 „Balthasar
1008 1667 1220 1704 Fabricius
1258 1667 1493 1715 Phacchus,
1533 1668 1802 1718 ingenuarum

78 1724 225 1761 artium
263 1724 470 1774 magister,
510 1724 720 1774 utriusque
758 1724 1021 1761 humanitatis
1053 1724 1305 1774 p1·ofessor“,
1347 1724 1419 1761 sub
1459 1737 1537 1774 quo
1577 1725 1727 1775 primus
1759 1726 1800 1762 in

78 1779 213 1817 album
242 1780 392 1818 relatus
424 1786 484 1817 est
517 1780 742 1818 ‘Iohannes
763 1780 944 1830 Rhagius
966 1780 1293 1830 Estieampianus
1314 1780 1469 1818 Rethor
1500 1786 1540 1818 et
1560 1780 1688 1819 Poeta
1715 1782 1799 1818 lau-

78 1842 212 1874 reatus
243 1849 445 1874 sacrarum
475 1837 683 1874 literarum
712 1837 865 1874 Doctor
893 1836 1133 1886 Primusque
1154 1836 1360 1887 Plyniane
1392 1837 1638 1875 erudicionis
1670 1837 1800 1887 publi-

78 1905 146 1930 cus
178 1898 217 1930 et
248 1893 476 1931 ordinarius
498 1894 702 1943 professor
722 1893 839 1931 Dioc.
857 1893 977 1932 Misn.
998 1894 1064 1930 20.
1082 1891 1258 1930 Octobr.’
1273 1891 1299 1930 ².
1359 1893 1463 1931 Item
1484 1893 1688 1931 Lutherus
1711 1907 1799 1944 pas-

77 1949 151 1986 sim
181 1962 268 1987 sese
299 1949 532 1999 magistrum
555 1949 768 1987 Balthasar
798 1949 909 1987 haud
938 1950 1053 1999 parvi
1082 1949 1214 1987 facere
1237 1954 1406 1986 testatus
1431 1956 1510 1987 est:
1544 1963 1652 1987 anno
1680 1951 1799 1987 1520.

79 2005 290 2056 Spalatino
331 2003 530 2056 seripsit³2
577 2006 676 2052 „De
708 2005 845 2043 Facho
884 2005 1153 2042 sacerdotium
1190 2006 1425 2056 resignante
1464 2019 1545 2043 non
1585 2006 1800 2044 admodum

77 2075 259 2110 moveor3
292 2074 457 2099 moveor
486 2062 620 2112 potius
652 2062 737 2099 eius
763 2062 941 2099 ecclesiae
963 2061 1189 2100 sacerdotia
1210 2062 1335 2099 tantis
1357 2063 1540 2112 pecuniis
1562 2062 1801 2100 redimenda

79 2131 185 2165 esse,
220 2124 264 2155 ut
293 2118 395 2155 nulli
425 2119 595 2168 pauperi
627 2124 749 2171 queat
780 2132 866 2155 esse
897 2118 1032 2165 locus,
1064 2117 1188 2168 idque
1212 2118 1421 2156 hominum
1443 2119 1650 2156 statutis“.
1692 2118 1800 2156 idem

79 2174 118 2213 (1.
140 2175 204 2212 10.
222 2174 300 2211 Iul.
320 2188 355 2211 a.
378 2174 496 2213 1541.
523 2186 600 2221 „es
630 2178 678 2211 isc
708 2188 759 2211 mc
790 2177 849 2211 die
880 2176 1032 2212 Lection
1066 2175 1244 2222 Mccgsislre'
1273 2176 1382 2212 Fac-le
1413 2176 1544 2224 ῑειῖῐριι
1564 2172 1590 2212 ¹:
1624 2189 1670 2213 eo
1702 2178 1828 2213 tem-‘

77 2243 174 2281 pore
206 2230 424 2268 decessisse
458 2230 620 2268 videtur
649 2231 875 2268 Balthasar.

169 2300 201 2344 l)
221 2301 404 2342 Quen-clar.
418 2301 466 2334 II.
485 2303 535 2336 10.
550 2313 603 2337 vv.
617 2309 659 2335 57.
673 2314 720 2342 sq.
768 2303 872 2334 Hutt.
888 2301 979 2344 Opp.
998 2302 1063 2334 111.
1083 2313 1115 2344 p,
1129 2304 1181 2335 67.
1275 2302 1309 2343 2)
1331 2303 1569 2335 Forstemann
1590 2302 1659 2334 alb.
1677 2303 1799 2336 Viteb.

166 2367 199 2399 p.
216 2358 270 2390 69.
370 2358 403 2399 3)
423 2359 463 2390 cle
484 2358 614 2397 W'ette,
636 2359 782 2391 Lutlzers
800 2358 921 2399 Brz'ef'e
939 2357 966 2389 I.
987 2369 1019 2400 p.
1038 2359 1114 2393 454.
1214 2358 1247 2399 4)
1268 2358 1353 2393 ibid.
1373 2359 1414 2391 V.
1435 2369 1466 2401 p.
1485 2359 1561 2393 381.

76 2445 434 2485 FALCKENBERG,
474 2437 667 2477 Matthias
700 2438 769 2485 de,
810 2439 862 2477 ad
894 2452 1014 2490 quem
1055 2440 1125 2477 ‘ex
1156 2440 1326 2490 antiqua
1362 2440 1516 2478 familia
1546 2439 1797 2478 nobilistam’

77 2495 228 2545 scripta
262 2495 429 2546 fingitur
467 2495 639 2545 epistola
676 2495 858 2545 magistri
890 2494 1079 2533 Curionis
1109 2496 1336 2547 Lipsiensis
1377 2495 1567 2547 (1.44.),
1611 2497 1719 2534 idem
1757 2497 1797 2534 in

78 2551 253 2601 epistola
296 2551 479 2602 magistri
519 2550 646 2589 Gricii
684 2551 906 2601 Maguntiae
945 2551 1040 2589 data
1080 2551 1162 2601 (II.
1189 2551 1281 2601 55.)
1320 2553 1428 2590 inter
1460 2553 1798 2603 Moguntinenses

77 2607 463 2646 Antireuchlinistas
493 2608 602 2645 miris
634 2607 832 2646 coloribus
866 2608 1102 2658 depingitur
1132 2609 1314 2655 „nobilis
1347 2609 1580 2646 domicellus
1612 2614 1652 2646 et
1681 2609 1797 2646 armi-

78 2665 178 2714 ger',
220 2664 281 2700 vir
318 2664 487 2701 multum
523 2663 739 2702 bellicosus
782 2671 821 2702 et
860 2670 994 2715 portat
1024 2678 1182 2715 semper
1212 2679 1322 2702 arma
1351 2679 1486 2703 secum
1517 2671 1556 2703 et
1588 2671 1648 2702 est
1678 2678 1797 2716 eque-

77 2720 186 2768 stris,
229 2720 314 2770 ipse
353 2733 511 2771 semper
549 2721 591 2757 in
623 2734 763 2759 mensa
796 2718 986 2771 [hospitii
1019 2718 1214 2771 Coronae]
1247 2721 1363 2758 sedet
1393 2727 1488 2759 ante
1521 2727 1560 2759 et
1590 2734 1797 2772 nunquam

78 2782 202 2823 retro,
244 2776 340 2826 quia
379 2776 475 2814 dicit
504 2776 613 2826 quod
644 2776 808 2827 quando
841 2777 1001 2815 sederet
1031 2782 1138 2815 retro
1171 2783 1211 2814 et
1240 2777 1354 2815 fieret
1383 2777 1554 2825 bellum,
1586 2784 1684 2816 tunc
1716 2791 1797 2815 non

77 2839 215 2883 posset
251 2833 307 2870 ita
344 2833 477 2870 statim
513 2845 678 2882 surgere
717 2839 756 2871 et
794 2839 1005 2884 percutere
1036 2833 1219 2871 inimicos
1251 2847 1357 2872 suos.
1420 2839 1459 2871 et
1497 2848 1586 2872 cum
1623 2834 1699 2872 hoc
1740 2840 1799 2872 est

78 2894 381 2940 argumentator
409 2889 578 2927 multum
608 2889 765 2927 subtilis
798 2890 847 2927 de
877 2890 943 2927 via
970 2890 1248 2941 antiquorum,
1282 2892 1367 2941 ipse
1391 2890 1507 2938 dicit,
1541 2891 1574 2928 si
1594 2890 1797 2929 Reuchlin

78 2959 161 2983 non
191 2946 278 2984 vult
309 2958 486 2992 cessare,
528 2951 624 2983 tunc
660 2945 750 2983 vult
786 2946 928 2984 venire
967 2958 1055 2983 cum
1094 2951 1255 2984 centum
1291 2947 1404 2998 equis
1436 2947 1488 2986 ad
1520 2947 1798 2985 auxiliandum

78 3001 192 3040 vobis
223 2999 607 3053 [Coloniensibus]“
638 2999 943 3052 (p.‘273²⁹·⁵‘1q·).
1003 3002 1084 3040 Vix
1117 3001 1402 3041 ‘Centaurum’
1440 3004 1501 3041 sui
1539 3003 1691 3041 ordinis
1730 3017 1795 3041 ve-

77 3058 159 3096 rius
188 3058 445 3110 vividiusque
476 3058 708 3110 depinxerit
727 3058 949 3098 Huttenus.
992 3064 1168 3097 attamen
1200 3073 1247 3100 ex
1279 3073 1454 3111 quanam
1485 3059 1612 3098 nobili
1645 3060 1798 3098 familia

128 3134 216 3156 nvn.
234 3134 301 3172 omj.
319 3135 421 3156 svrrn.
440 3135 471 3155 Π.
1484 3128 1526 3158 24
