2119 3522
342 211 436 257 686
855 225 1122 248 οοΜΜΕΝΤΑΒῙνε
1145 224 1191 246 An
1215 225 1288 247 EPP.
1306 225 1337 247 o.
1354 225 1386 247 v.
1412 225 1489 247 vor..
1506 225 1544 247 11.

338 287 389 318 Pa
418 311 424 317 .
530 310 536 316 .

342 284 525 373 13gtev2zelr4ef
542 337 775 381 promissum]
802 335 1069 380 obligationem
1094 335 1256 377 solvere,
1284 335 1352 369 das
1374 334 1612 378 Versffl·echeoz
1635 335 1768 369 hatten.

340 398 381 427 14
405 393 615 437 rectificare]
646 394 669 426 i.
689 403 718 426 e.
743 402 876 437 cogere
907 392 950 425 ut
978 391 1050 425 iuri
1078 401 1162 425 meo
1187 391 1408 434 satisfaciat,
1434 391 1712 433 zurechtsetzen,
1743 391 1878 426 iudicio
1902 402 2051 436 pcenam

426 449 616 483 iniustitiae
640 448 748 482 huius
772 447 861 482 socii
884 449 1063 492 repetam.

339 508 379 538 15
404 505 458 538 vel
476 532 482 538 .
503 531 510 538 .
530 531 536 538 .
554 505 687 548 vivam]
713 504 737 537 i.
756 514 786 538 e.
808 514 876 547 per
899 503 1015 537 vitam
1040 513 1162 537 meam
1186 503 1278 538 iuro.

339 563 379 594 16
398 570 496 603 pono
520 561 561 594 in
585 560 675 603 ortt]
705 559 763 594 ich
790 559 910 594 mache
939 560 1010 593 mir
1039 560 1181 593 meinen
1205 558 1474 601 Studz'enplan,
1504 559 1711 593 studiorum
1742 558 1925 593 rationem
1956 559 2052 593 ordi-

426 626 586 659 nemque
616 615 707 648 mihi
738 614 932 649 constituo.
988 614 1084 648 Sane
1115 615 1210 648 mira
1241 615 1297 648 est
1325 614 1403 648 haec
1435 614 1668 657 constitutio,
1706 614 1910 649 secundum
1940 625 2051 658 quam

427 682 554 705 omnes
579 683 660 715 quae
684 672 923 706 nominantur
947 670 1204 715 praelectiones
1229 669 1360 704 eodem
1385 671 1553 714 tempore
1580 670 1774 704 audiendae
1799 672 1895 704 sunt.

340 730 377 761 17
403 726 645 772 Sapientiam]
671 727 864 771 Sapie-nea.
904 726 948 760 cf.
967 727 1015 760 ad
1034 730 1096 761 197
1106 727 1144 760 ²⁷.

381 784 566 818 audiendo
591 784 785 827 Instituta]
811 783 876 816 ubi
902 782 1011 817 audio
1036 782 1306 824 InstitutioneS,
1332 781 1490 826 primam
1515 781 1686 826 Corporis
1710 782 1799 815 iuris
1823 781 1942 816 civilis
1966 793 2000 826 q.
2017 793 2051 816 v.

426 841 589 883 partem,
616 839 802 873 elementa
825 838 914 872 iuris
939 837 1067 872 civilis.
1117 837 1168 873 Cf.
1187 837 1381 872 Iustiniani
1407 839 1521 872 const.
1539 837 1697 872 Omnem
1721 838 1812 882 reip.
1829 849 1884 882 pr.
1902 841 1921 879 ξ
1938 841 1969 872 2.

381 895 635 940 Ιηῐοντίαΐηοη]
666 894 829 929 mediam
859 895 957 928 inter
987 893 1182 939 Digestum
1212 904 1350 927 novum
1385 894 1424 927 et
1452 894 1560 927 vetus
1589 893 1863 928 Pandectarum
1892 894 2050 937 partem,

427 952 681 986 continentem
706 951 791 985 libri
807 963 921 984 mm.
938 950 1091 984 titulum
1108 954 1137 984 3.
1156 960 1271 993 usque
1297 949 1345 983 ad
1370 949 1482 983 finem
1506 949 1592 983 libri
1611 962 1760 983 xxxvm.

338 1010 378 1041 18
403 1008 442 1041 iu
468 1008 550 1041 iure
573 1008 665 1052 cam]
698 1006 946 1041 Probabiliter
974 1016 1046 1039 uno
1079 1016 1176 1039 anno
1208 1004 1452 1048 Steynhartus
1484 1006 1522 1039 et
1549 1005 1686 1050 legista
1717 1006 1755 1039 et
1785 1005 1984 1039 decretista
2014 1006 2053 1038 et

426 1063 663 1097 decretalista
686 1063 767 1097 fieri
790 1062 919 1096 voluit.

379 1119 524 1163 regyulas
547 1119 659 1162 cana]
692 1118 758 1152 Hae
783 1119 868 1151 sunt
891 1117 1067 1151 mandata
1096 1117 1172 1151 sive
1195 1116 1350 1161 regulae,
1384 1116 1665 1150 constitutiones
1694 1117 1732 1150 et
1754 1116 2006 1150 ordinationes
2030 1126 2053 1149 a

424 1174 599 1218 pontifice
618 1174 783 1218 collegiis
800 1173 1122 1207 administratoriis
1139 1184 1220 1216 quae
1238 1183 1428 1213 vocamus,
1448 1172 1494 1206 de
1511 1171 1684 1216 gerendis
1701 1172 1922 1216 quibusdam
1938 1182 2051 1216 nego-

424 1230 485 1263 tiis
509 1230 723 1272 curialibus,
750 1231 793 1263 ut
816 1229 861 1263 de
886 1229 1076 1263 beneficiis
1101 1240 1123 1262 a
1145 1239 1245 1272 papa
1269 1227 1513 1270 conferendis,
1533 1227 1579 1262 de
1594 1228 1906 1272 resignationibus
1923 1228 2051 1272 appel-

423 1285 715 1329 lationibusque,
742 1285 787 1319 de
813 1284 1016 1319 formandis
1038 1285 1173 1318 litteris
1198 1284 1394 1328 papalibus
1418 1284 1673 1328 similibusque
1699 1284 1940 1329 praescriptae‚
1970 1295 2051 1328 quae

425 1341 576 1385 quidem
602 1353 685 1375 cum
710 1342 790 1385 ipso
814 1341 933 1375 latore
960 1341 1164 1384 exspirant,
1191 1340 1255 1374 sed
1280 1340 1385 1383 quasi
1410 1339 1604 1374 tralaticiae
1624 1350 1646 1373 a
1663 1350 1870 1374 successore
1888 1339 2052 1383 repetita

423 1397 676 1441 publicatione
715 1396 925 1431 confirmari
962 1396 1093 1430 solent.
1153 1396 1361 1430 Novissima
1392 1406 1518 1430 earum
1550 1396 1720 1430 collectio
1749 1395 1896 1429 Nicolai
1919 1394 1989 1431 ΡΡ.
2007 1394 2051 1429 V.

425 1458 469 1497 (a.
487 1457 731 1496 1447...1455.,)
750 1453 847 1486 iussu
873 1452 973 1486 facta
997 1454 1086 1486 erat.
1134 1452 1236 1486 Inter
1252 1464 1340 1486 xv111
1358 1452 1530 1496 exempla
1555 1451 1672 1493 edita,
1699 1462 1780 1494 quae
1797 1451 1939 1485 Panzer
1955 1451 2049 1485 Ann.

423 1511 502 1553 typ.
519 1510 579 1543 XI.
598 1521 632 1553 p.
651 1513 704 1544 81.
722 1509 876 1551 indicat,
903 1510 985 1542 octo
1003 1508 1171 1542 Romana
1194 1509 1294 1550 sunt,
1321 1519 1352 1541 a.
1373 1512 1468 1542 1471.
1488 1512 1584 1543 1486.
1604 1512 1700 1542 1504.
1721 1512 1816 1542 1510.
1837 1512 1933 1542 1512.
1953 1511 2049 1542 1514.

426 1570 521 1599 1515.
540 1566 676 1609 (omnia
693 1566 731 1598 in
748 1567 807 1608 4⁰.)
827 1569 923 1599 1521.
941 1565 976 1597 in
997 1567 1041 1598 8⁰.
1090 1564 1168 1598 Hoc
1193 1575 1307 1597 unum
1333 1563 1540 1597 accuratius
1564 1563 1704 1596 indico:
1731 1563 1883 1607 Regulae
1901 1562 2050 1597 Cancel-

422 1621 523 1655 lariae
555 1632 639 1655 cum
671 1622 880 1655 commento
907 1622 945 1654 et
968 1632 1048 1654 cum
1075 1619 1284 1664 priuilegio.
1325 1619 1464 1663 (Romae
1488 1620 1525 1652 in
1551 1629 1682 1663 campo
1708 1618 1824 1653 Florae
1849 1630 1916 1664 per
1940 1629 2050 1653 vene-

424 1677 579 1711 rabilem
605 1677 724 1711 virum
748 1676 796 1710 M.
815 1676 969 1710 Euchar.
989 1676 1108 1709 Silber
1132 1676 1222 1709 alias
1239 1675 1379 1718 Frank,
1406 1675 1581 1709 clericum
1599 1674 1878 1718 Herbipolensis
1903 1675 2050 1709 dioeees.

424 1733 548 1767 libror.
567 1734 824 1777 impressorem
849 1733 886 1765 in
913 1732 1010 1766 alma
1028 1732 1117 1766 vrbe
1138 1732 1428 1765 commorantem
1449 1734 1544 1764 1504.
1563 1731 1597 1764 d.
1615 1735 1646 1764 5.
1664 1742 1711 1764 m.
1730 1730 1822 1772 Iun.)
1839 1732 1886 1764 4⁰.
1904 1730 2049 1773 (Hirsch

423 1788 563 1823 Millen.
582 1802 634 1823 111.
651 1801 686 1822 11.
701 1794 742 1831 9.,
763 1800 807 1822 ex
825 1799 897 1832 quo
914 1788 1057 1822 Panzer
1073 1788 1167 1821 Anu.
1185 1789 1263 1831 typ.
1277 1787 1376 1821 VIII.
1396 1799 1429 1831 p.
1448 1789 1524 1820 246.
1542 1798 1576 1820 n.
1592 1790 1660 1828 13„
1680 1786 1742 1830 qui
1760 1785 1820 1820 XI.
1838 1798 1873 1830 p.
1887 1790 1940 1820 81.
1958 1786 2050 1820 falso

424 1845 538 1879 habet
564 1845 655 1879 ‘soh'
683 1856 749 1888 pro
776 1845 828 1878 ‘in
847 1845 923 1888 4⁰.')

333 1906 370 1935 21
404 1901 520 1936 Casus
544 1902 644 1945 Ioozyi
667 1912 775 1943 super
799 1901 914 1945 Ivst]
942 1900 1134 1934 wilhelmi
1160 1899 1334 1933 Accursii.
1390 1899 1441 1933 Cf.
1459 1898 1538 1932 Ind.
1557 1899 1673 1943 biogr.
1692 1899 1759 1932 art.
1777 1909 1811 1942 p.
1830 1902 1906 1932 340.
1925 1897 2048 1932 Casus.

332 1962 374 1992 27
398 1968 471 1992 mm
495 1958 632 1992 habetis
656 1957 818 2001 libenter]
850 1957 918 1990 tibi
943 1968 1015 1990 non
1042 1957 1181 2000 placet,
1207 1956 1275 1989 ΙΙιν
1300 1966 1334 1989 es
1356 1955 1456 1989 nicht
1481 1966 1567 1999 yet-n
1592 1955 1688 1989 habt.

332 2018 374 2048 ‘29
400 2015 592 2057 beatificat]
619 2015 641 2047 i.
660 2024 689 2047 0.
709 2014 805 2047 beat.
831 2012 1097 2055 „Beatificare,
1124 2013 1275 2045 beatum
1301 2022 1365 2045 seu
1390 2011 1536 2063 felicem
1562 2010 1733 2053 reddere,
1760 2011 1797 2043 111
1823 2021 1880 2054 ep.
1897 2021 1928 2043 a.
1947 2013 2048 2045 878.“

422 2070 610 2114 Ducange.

376 2127 442 2160 {lla
469 2127 567 2170 iura]
594 2127 616 2160 i.
635 2137 665 2160 e.
683 2126 753 2159 ista
777 2127 866 2159 iuris
890 2126 1100 2170 prudentia.
1140 2124 1325 2167 hodieque
1351 2124 1488 2158 dicitur
1513 2124 1572 2158 die
1588 2123 1688 2158 Jura
1712 2122 1899 2157 studieren
1915 2124 1954 2157 et
1969 2123 2048 2157 sim.

333 2186 373 2216 31
399 2182 640 2227 Richarclum]
671 2182 717 2215 de
742 2182 969 2216 Mediavilla.
1011 2182 1054 2215 cf.
1073 2181 1151 2215 Ind.
1169 2181 1286 2225 biogr.
1306 2192 1341 2224 p.
1357 2184 1433 2214 412.
1451 2181 1486 2214 11.
1505 2182 1571 2214 art.

333 2243 384 2273 33.
401 2250 453 2282 sq.
478 2238 553 2272 Hos
579 2249 704 2272 versus
729 2239 935 2282 desumpsit
959 2238 1205 2281 Steynhartus
1235 2248 1279 2270 ex
1304 2236 1551 2270 Vocabulario
1576 2236 1681 2278 iuris,
1713 2246 1824 2279 quem
1849 2246 1920 2269 uon
1947 2245 2047 2269 aece-

422 2295 518 2337 pisse
550 2305 660 2337 supra
691 2296 842 2338 questus
875 2297 939 2328 est.
991 2294 1042 2327 lbi
1069 2295 1135 2327 art.
1155 2294 1253 2326 ‘Ars'
1285 2294 1335 2326 sic
1365 2292 1462 2326 finit:
1493 2294 1562 2334 „et
1585 2294 1671 2325 sunt
1695 2294 1870 2335 quattuor
1895 2291 2047 2325 scientie

422 2362 497 2394 prae
523 2351 655 2384 ceteris
680 2350 873 2392 disce-nde,
906 2350 1048 2383 scilicet

481 2408 677 2448 Theologia
703 2419 781 2449 quae
806 2413 860 2439 est
885 2409 999 2439 anime
1024 2406 1204 2449 pabulum.
1297 2406 1392 2447 leges
1417 2417 1496 2447 quae
1522 2411 1606 2438 sunt
1630 2407 1751 2447 egenis
1776 2407 1979 2438 remedium.

482 2465 635 2496 Decreta
660 2464 865 2496 sublimatio
892 2464 1087 2496 humilium.
1181 2463 1228 2494 Et
1252 2462 1397 2494 Phisica
1422 2463 1535 2494 morbi
1560 2462 1767 2494 subsidium.

420 2519 518 2552 uude

482 2577 608 2609 Esurit
632 2587 708 2617 ars,
733 2578 875 2609 decreta
899 2580 1054 2617 tument,
1079 2575 1133 2607 lex
1159 2576 1257 2607 lucra
1282 2576 1474 2607 ministrat.

482 2634 646 2665 Pontifex
674 2632 757 2676 [lege
782 2632 989 2675 Pontificat]
1015 2633 1177 2674 Moyses,
1202 2631 1377 2663 thalamos
1402 2631 1577 2663 Medicina
1604 2632 1794 2664 subintrat.

482 2690 555 2721 Dat
580 2689 751 2722 Galienus
776 2700 860 2732 opes
886 2694 922 2721 et
948 2690 1085 2721 sanctio
1109 2689 1324 2720 Iustiniana.

482 2746 534 2777 Ex
562 2746 641 2778 aliis
666 2746 803 2788 paleas,
829 2757 869 2777 ex
897 2746 976 2777 istis
1002 2744 1131 2786 collige
1155 2746 1302 2785 g1·ana.“

333 2805 374 2834 :33
402 2799 578 2835 Gallienus
602 2811 698 2844 saepe
724 2811 790 2845 pro
817 2799 1028 2841 ‘Galenus’,
1061 2810 1091 2833 e.
1109 2810 1162 2843 gr.
1181 2798 1391 2832 Torrentini
1416 2797 1599 2832 Elucidar.
1624 2798 1657 2832 h.
1676 2810 1709 2832 v.
1732 2798 1939 2841 „Galienus
1963 2809 2043 2842 per-

423 2867 600 2901 gamenus
630 2857 795 2890 medicus
819 2855 1142 2900 praestantissimus
1166 2854 1397 2898 temporibus
1423 2855 1572 2888 Antonii
1605 2854 1646 2899 [1.
1664 2855 1860 2899 Antonini]
1886 2855 2043 2899 impera-

419 2912 550 2946 toris“.

377 2969 597 3012 Iustinicmess]
624 2968 889 3013 Corrigendum
916 2970 987 3011 est,
1014 2970 1055 3002 ut
1078 2967 1215 3002 Vocab.
1232 2967 1299 3000 iur.
1318 2967 1446 3009 habet,
1473 2966 1685 3001 Iustiniana.

334 3028 376 3058 34
395 3024 524 3067 paleas
550 3050 555 3057 .
575 3050 581 3057 .
601 3050 606 3057 .
633 3026 763 3068 gyrawa]
791 3024 840 3057 Cf.
861 3025 906 3058 ad
928 3028 987 3058 184
997 3026 1019 3057 2.
