2119 3522
282 219 373 263 15¹2
832 230 1040 252 coxsrficrvs
1064 227 1344 250 CflRoNOLOGICVS
1370 216 1429 250 &cn

276 348 403 392 1520.

276 426 416 469 Aprum.
438 419 758 459 Conciliabulum
777 418 1130 467 Theologistarum
1155 447 1161 454 .
1183 447 1190 453 .
1211 447 1217 453 .
1243 415 1421 453 Coloniae
1443 414 1688 453 celebratum
1709 428 1792 455 XVI.
1814 416 1981 455 kalend.

441 489 555 533 Maii,
588 491 801 537 postquam
830 484 1001 522 Iacobus
1022 484 1321 521 Hohenstratus
1354 482 1533 521 deiectus
1563 488 1624 520 est
1644 482 1693 520 ab
1726 483 1855 521 officio
1877 484 1982 534 prio-

441 560 550 592 ratus
582 554 648 591 ἃς.

807 606 910 637 Hutt.
938 605 1030 646 Opp.
1057 604 1119 638 IV.
1145 615 1178 646 p.
1204 604 1408 636 575...585.

451 711 630 741 Probatur
662 719 706 740 ex
736 708 892 749 Epistola
923 707 1048 747 duplici
1074 706 1263 737 Cardinalis
1290 705 1442 736 Caietani
1471 706 1519 736 acl
1542 705 1710 737 Decanum
1741 711 1774 737 et
1797 706 1983 747 rlffayistros

453 765 638 797 Faczcltatz's
668 764 876 804 leeoloyz‘cce
903 762 1015 795 Calon.
1041 760 1179 802 Scripta
1204 762 1303 792 1520.
1330 762 1385 792 28.
1414 761 1504 793 Iunii
1531 763 1585 792 21.
1613 761 1700 792 Iulii.

808 819 927 850 Eoelat.
954 817 1030 850 MS.
1057 819 1089 848 in
1115 817 1262 848 Archceo
1288 816 1323 848 S.
1349 817 1535 848 Facultatis
1564 817 1773 858 leeologyz‘eoe
1799 818 1911 850 Colon.

450 878 523 909 NB.
566 877 673 907 Errat
704 885 787 916 ergo
819 873 944 905 Illmus
971 874 1250 914 D‘argentreus,
1283 873 1343 914 qui
1376 873 1463 905 Tom.
1490 873 1521 904 J.
1548 873 1645 904 Part.
1674 873 1726 907 II.
1760 874 1890 910 scribit
1912 874 1982 906 Ro-

450 943 592 964 manam
619 932 754 963 curiam
780 930 864 961 aliis
891 929 1047 971 negotiis
1073 928 1268 960 distentam
1294 938 1364 959 non
1390 928 1584 969 protulisse
1610 928 1813 960 absolutam
1840 932 1983 961 senten-

450 989 538 1019 tiam
563 989 604 1019 de
629 987 712 1018 libro
737 986 926 1017 Rem-lelz'ni:
958 985 1025 1015 hoc
1053 987 1207 1025 certum,
1236 984 1330 1026 quod
1356 984 1562 1025 Spirensem
1590 986 1812 1016 sententiam
1837 985 1983 1028 delega-

447 1048 561 1076 torum
588 1043 803 1074 cassaverit.

449 1102 557 1132 Errat
583 1103 617 1131 et
641 1098 760 1130 Clmus
790 1099 1003 1139 U'eislz'nyer,
1036 1097 1097 1137 qui
1129 1097 1257 1128 scribit
1280 1095 1493 1127 Pontificem
1526 1096 1723 1127 maioribus
1751 1097 1846 1129 curis
1870 1098 1982 1139 impe-

453 1156 564 1187 ditum
590 1155 793 1186 deseruisse
820 1154 1076 1185 Hochstratum
1104 1157 1139 1184 et
1165 1152 1411 1184 Colonienses.
1660 1147 1661 1151 ¹

271 1213 403 1255 Aug.8.
451 1211 654 1244 cardinalis
685 1210 918 1242 Dertusensis
951 1209 1078 1240 scribit
1111 1219 1154 1239 ex
1180 1207 1284 1241 Valle
1312 1207 1410 1239 Oleti
1443 1207 1488 1238 ad
1519 1208 1560 1239 R.
1587 1208 1624 1238 P.
1651 1208 1870 1240 Generalem
1897 1209 1982 1243 Ord.

449 1267 754 1299 Praedieatorum:
788 1269 827 1296 ut
852 1266 1018 1297 Fratrem
1044 1265 1215 1297 Iacobum
1241 1264 1489 1296 Hochstraten
1518 1274 1589 1295 non
1615 1268 1688 1295 tam
1715 1265 1757 1296 ob
1784 1268 1890 1296 notas
1915 1266 1985 1298 viri

449 1324 631 1363 Virtutes,
665 1332 769 1364 quam
802 1322 845 1353 ob
874 1322 1086 1362 {equitatem
1112 1321 1284 1352 restituat
1309 1319 1439 1352 Officio
1464 1320 1698 1360 Inquisitoris
1724 1323 1760 1352 et
1785 1321 1984 1361 Priorat-us‚

451 1383 487 1411 et
511 1379 778 1411 Provincialem
805 1388 867 1420 pro
894 1378 1022 1409 merito
1050 1377 1210 1418 corripit.

806 1434 917 1465 Extat
942 1435 975 1464 in
1001 1433 1149 1464 Arehceo
1175 1431 1210 1466 S,
1238 1433 1365 1463 Facult.
1396 1431 1507 1464 Tkeol.
1535 1432 1650 1467 solon,

452 1491 538 1523 Cum
568 1491 623 1522 his
647 1489 943 1522 Hartzhemianis
973 1490 1067 1520 notis
1093 1489 1129 1520 in
1154 1489 1360 1520 universum
1388 1490 1608 1520 conveniunt
1634 1499 1712 1530 quae
1738 1490 1875 1522 Bianco
1903 1490 1986 1531 (Dz'e

451 1550 515 1579 alle
544 1548 636 1580 Utzz'v.
664 1547 765 1578 Κόἰη.
797 1557 830 1587 p.
858 1547 933 1578 378.
960 1545 1060 1587 sqq.)
1093 1545 1136 1576 <le
1168 1544 1236 1575 fide
1270 1544 1395 1575 horum
1421 1544 1615 1576 Annalium
1643 1544 1788 1577 minime
1814 1545 1986 1578 dubitans

451 1604 503 1635 ita
527 1602 683 1635 rettulit:
709 1602 826 1639 „PVas
843 1603 896 1633 die
916 1602 1071 1633 Annalen
1098 1602 1159 1632 der
1179 1601 1385 1632 Universitczr
1402 1600 1483 1631 iiber
1501 1602 1554 1632 die
1575 1601 1832 1633 Henelzlinsclzen
1848 1602 1989 1634 Hci'ndel

451 1660 634 1697 enthulten,
670 1658 873 1690 heselzra'nlct
901 1659 970 1689 sicle
1002 1658 1068 1698 auf
1090 1658 1302 1698 Folqemles:
1340 1658 1444 1688 Anno
1478 1658 1574 1690 1520.
1608 1667 1729 1688 mense
1763 1656 1986 1699 Septembris

452 1720 695 1758 pervenerunt
725 1725 818 1746 nova
844 1715 921 1746 sive
953 1714 1135 1745 novitates
1169 1724 1211 1744 ex
1236 1713 1334 1745 Urbe
1367 1713 1414 1744 ad
1439 1713 1726 1744 Univcrsitatem
1756 1717 1918 1745 nostram
1952 1717 1988 1745 et

451 1772 635 1814 praecipue
654 1771 699 1802 ad
718 1772 876 1802 Eximios
896 1771 1092 1812 Magistros
1111 1772 1252 1801 nostros
1270 1769 1476 1800 Facultatis
1494 1768 1745 1811 Theologicae:
1770 1770 1825 1801 De
1843 1773 1987 1802 senten-

454 1829 506 1859 tia
532 1828 609 1859 lata
634 1829 671 1858 in
688 1827 802 1867 Urbe,
830 1827 867 1858 in
893 1837 1006 1858 causa
1033 1829 1068 1858 et
1094 1826 1213 1857 causis
1238 1826 1332 1856 inter
1351 1825 1391 1857 R.
1411 1826 1452 1857 P.
1471 1825 1687 1867 Magistrum
1705 1828 1866 1857 nostrum
1884 1827 1987 1858 Iaco-

451 1885 533 1915 bum
570 1884 612 1915 de
649 1883 898 1914 Hochstraten
935 1882 969 1914 S.
1002 1881 1130 1913 Theol.
1164 1881 1424 1923 professorem,
1467 1884 1666 1913 conventus
1703 1881 1988 1914 Praedicatorum

454 1940 577 1972 Colon.
603 1940 765 1971 Priorem
797 1950 839 1970 ac
870 1939 1056 1970 haeretieae
1085 1937 1280 1980 pravitatis
1308 1937 1345 1968 in
1372 1936 1517 1977 Colon.,
1549 1938 1712 1979 Mogunt.
1740 1941 1776 1969 et
1800 1938 1987 1970 Treviren.

453 1996 649 2038 provinciis
683 1995 939 2036 Inquisitorem
977 1999 1012 2026 et
1049 1997 1209 2025 actorem
1241 2003 1282 2024 ex
1314 2003 1402 2033 una,
1442 1998 1478 2024 et
1508 1994 1552 2026 D.
1581 1993 1780 2025 Iohannem
1809 1994 1988 2026 Reuchlin

454 2052 630 2083 Phorcen.
657 2052 795 2092 Legum
820 2052 1032 2091 Doctorem,
1065 2050 1230 2091 partibus
1263 2059 1305 2080 ex
1331 2048 1426 2090 alia,
1460 2059 1540 2090 quae
1570 2050 1706 2091 pridem
1733 2060 1853 2081 coram
1880 2051 1989 2082 certis

452 2108 634 2140 iudicibus
664 2108 701 2138 in
727 2106 888 2139 Civitate
914 2107 1149 2148 Moguntina,
1184 2109 1219 2137 et
1250 2105 1379 2137 deinde
1407 2115 1527 2136 coram
1554 2105 1636 2136 aliis
1662 2107 1699 2136 in
1725 2106 1885 2138 Civitate
1911 2106 1990 2149 Spi-

453 2165 566 2204 rensi,
600 2174 643 2195 ac
674 2163 802 2205 depost
833 2163 868 2193 in
893 2163 1059 2194 Romana
1085 2162 1193 2193 Curia
1227 2172 1346 2193 coram
1374 2161 1704 2193 Reverendissimis
1737 2162 1891 2195 dominis
1915 2162 1988 2196 Do—

454 2221 585 2251 minico
618 2218 813 2265 Grimanno
847 2222 882 2250 et
912 2218 1140 2250 Bernardino
1169 2218 1202 2249 S.
1232 2217 1358 2248 Crucis
1392 2217 1425 2248 S.
1451 2217 1623 2249 Romanae
1655 2218 1831 2250 Ecclesiae
1864 2218 1989 2250 Cardi-

453 2275 615 2315 nalibus,
648 2279 683 2306 et
713 2274 852 2306 demum
883 2285 1004 2306 coram
1034 2274 1361 2306 Heverendissimis
1393 2274 1546 2305 dominis
1576 2274 1684 2306 Petro
1710 2274 1745 2306 S.
1770 2275 1923 2307 Eusebii
1954 2279 1990 2318 et

454 2332 642 2363 Dominico
672 2331 859 2362 Iaeobatio
897 2331 1006 2361 etiam
1038 2330 1073 2362 S.
1099 2330 1139 2361 R.
1168 2331 1209 2364 E.
1237 2330 1513 2370 Cardinalibus,
1553 2330 1595 2362 de
1628 2335 1664 2362 et
1695 2340 1802 2373 super
1834 2331 1988 2372 quodam

454 2387 594 2419 libello:
627 2386 819 2428 Speculum
847 2385 1003 2417 Oculare
1029 2389 1237 2428 nuncupato
1264 2397 1324 2428 per
1350 2387 1500 2418 eundem
1525 2386 1724 2418 Iohannem
1751 2387 1989 2419 Reuchlinum

457 2444 571 2484 edito,
599 2444 676 2474 sive
704 2441 864 2475 eiusdem
890 2443 1107 2483 reiectione,
1136 2443 1359 2474 extinctione
1387 2446 1423 2474 et
1448 2443 1705 2484 suppressione
1729 2447 1799 2476 etc.
1817 2443 1989 2476 nullitate

458 2509 648 2541 processus
674 2502 710 2531 et
734 2499 927 2531 sententiae
955 2508 1019 2540 per
1043 2501 1243 2539 praetensos
1268 2499 1410 2530 iudices
1432 2498 1619 2540 Spirenses
1644 2499 1847 2540 respective
1871 2499 1991 2531 habiti

459 2559 495 2587 et
526 2555 635 2595 facti,
675 2565 719 2586 ac
755 2555 843 2586 latre
877 2558 913 2585 et
945 2554 1180 2596 promulgatae
1215 2558 1250 2586 et
1280 2554 1421 2587 illorum
1453 2555 1648 2587 occasione
1679 2565 1796 2587 versae
1829 2556 1989 2596 fuerunt,

457 2612 640 2643 sententia
675 2610 850 2643 videlicet
890 2611 1352 2653 revocatoria'processus
1389 2615 1425 2643 et
1460 2613 1655 2644 sententiae
1694 2606 1891 2643 definitiv‘ae
1927 2623 1991 2653 per

456 2669 554 2709 ipsos
578 2667 718 2699 iudices
737 2666 926 2708 spirenses
951 2668 1176 2708 respective,
1202 2667 1320 2698 habiti
1347 2670 1382 2699 et
1406 2668 1499 2699 facti
1516 2678 1559 2699 ac
1576 2667 1665 2699 latae
1685 2670 1721 2698 et
1737 2667 1989 2709 promulgatae,

458 2734 536 2754 cum
562 2723 723 2755 omnibus
754 2723 836 2754 inde
863 2723 1000 2754 secutis
1024 2733 1089 2764 per
1112 2724 1209 2755 viam
1241 2723 1444 2763 nullitatis,
1479 2734 1523 2755 ex
1554 2723 1681 2755 iisdem
1711 2724 1805 2755 actis
1835 2734 1878 2755 ac
1911 2734 1992 2765 pro-

458 2779 698 2810 nuntiationis
724 2778 918 2811 definitivae
945 2780 1054 2811 etiam
1079 2780 1115 2810 in
1139 2779 1265 2820 papali
1290 2779 1461 2811 videlicet
1486 2779 1620 2811 dictum
1646 2779 1827 2811 libellum:
1856 2779 1990 2821 Specu-

458 2834 530 2866 lum
548 2835 705 2866 Oculare
730 2838 993 2877 nuncupatum,
1019 2836 1133 2866 fuisse
1160 2838 1196 2866 et
1222 2845 1299 2867 esse
1325 2835 1599 2876 scandalosum,
1627 2846 1669 2867 ac
1694 2835 1835 2877 piarum
1851 2836 1990 2866 aurium

461 2890 595 2922 Christi
626 2889 784 2921 fidelium
816 2891 1047 2931 offensivum‚
1087 2901 1130 2922 ac
1161 2901 1232 2922 non
1262 2901 1387 2932 parum
1420 2892 1542 2932 impiis
1572 2891 1706 2922 Iudaeis
1737 2890 1990 2930 favorabilem,

462 2949 497 2977 et
520 2949 712 2987 propterea
745 2947 789 2977 ab
820 2957 886 2978 usu
918 2951 954 2978 et
983 2947 1026 2978 de
1058 2947 1223 2978 manibus
1251 2947 1386 2978 Christi
1411 2946 1569 2978 fidelium
1595 2946 1794 2979 tollendum
1821 2956 1991 2987 usumque

463 3002 540 3032 eius
565 3001 797 3032 inhibendum
825 3006 888 3033 etc.
916 3013 994 3033 cum
1019 3003 1250 3044 impositione
1280 3004 1449 3044 perpetui
1474 3003 1612 3034 silentii
1637 3002 1752 3034 eidem
1778 3002 1930 3033 Iohanni
1955 3006 1992 3034 et

462 3057 796 3089 condemnationem
828 3059 987 3090 eiusdem
1018 3060 1055 3090 in
1088 3061 1256 3101 expensis
1287 3060 1324 3091 in
1352 3060 1556 3092 huiusmodi
1582 3069 1693 3091 causa
1718 3063 1791 3092 tam
1816 3060 1854 3091 in
1879 3063 1992 3102 parti·
