2119 3522
128 213 201 234 EPP,
215 209 258 235 62.
271 210 312 234 63.
329 201 576 244 [1].11Αα151511
595 211 741 234 GRATIVS
758 211 914 234 ORTVINO.
938 220 979 225 -·-
1001 211 1147 233 lOANNEs
1164 212 1208 233 DE
1226 210 1487 234 SCHWINFORDIA
1504 211 1660 233 ORTVINO.
1723 192 1814 237 761

107 271 192 313 Pag.
213 269 304 305 284.
1196 270 1281 312 Pag.
1296 271 1371 302 284.
1391 280 1419 301 v.
1434 276 1449 301 5
1467 294 1473 300 .
1489 294 1495 301 .
1512 295 1518 301 .
1536 269 1621 311 Pag.
1638 270 1712 302 285.
1732 279 1761 300 v.
1775 276 1817 301 16.

196 334 259 357 sex
290 323 336 357 ad
368 323 558 358 ferendam
589 323 626 356 in
652 334 696 357 ea
721 334 830 357 causa
860 324 1083 358 sententiam
1108 336 1130 359 a
1153 324 1258 358 Pont.
1276 323 1372 358 MaX.
1393 323 1591 368 deputatos
1616 323 1743 364 fuisse,
1776 333 1818 357 ae

196 390 280 413 cum
305 380 452 424 tempus
476 379 619 413 ferendi
646 379 867 414 sententiam
893 379 1064 423 instaret,
1089 379 1229 414 XVIIII
1253 391 1320 424 pro
1344 379 1525 414 Reuchlin
1551 379 1638 413 vota
1661 378 1817 420 dedisse,

196 435 359 479 reliquos
383 446 471 470 vero
496 435 625 470 contra
650 446 735 468 eum
759 436 930 478 sensisse,
964 437 1002 470 et
1026 437 1226 480 antequam
1251 436 1437 471 sententia
1460 435 1735 480 propalaretur,
1762 446 1818 468 su-

195 491 408 536 pervenisse
434 491 653 525 Silvestrum
685 491 730 525 de
761 491 918 533 Prierio,
951 492 1171 537 magistrum
1202 491 1333 536 palatii
1364 491 1503 526 ordinis
1534 491 1818 535 praedicatorum

198 549 323 591 (quem
355 547 521 581 scribunt
551 558 628 581 esse
659 547 848 581 hominem
879 548 1035 589 malum,
1069 548 1301 582 conscientiae
1337 547 1474 581 nullius
1502 546 1734 591 inquietique
1766 546 1817 579 in-

195 603 312 647 genii)
338 604 450 646 atque
475 603 692 637 mandatum
718 603 763 637 de
788 603 1064 648 supersedendo
1090 615 1111 637 a
1135 604 1241 638 Pont.
1260 604 1456 646 attulisse,
1471 602 1706 638 Cardinalem
1731 613 1818 636 vero

194 658 399 693 Adrianum
429 669 471 693 ac
497 658 736 693 Surentinum
760 670 839 693 rem
865 659 911 693 ad
931 659 1150 694 Pontificem
1175 660 1349 694 detulisse
1380 670 1521 704 proque
1552 658 1739 693 sententia
1767 658 1818 692 fe—

195 714 311 749 renda
329 714 541 749 solicitasse.
573 715 791 749 Surentinus
809 726 909 757 vero,
925 716 963 749 et
976 715 1098 758 homo,
1114 717 1156 749 ut
1169 716 1290 757 audio,
1305 715 1435 749 doctus
1449 716 1486 749 et
1500 726 1663 748 summus
1675 715 1817 749 Reueh-

194 770 259 804 lini
284 771 418 813 fautor,
443 770 593 805 interim
611 771 714 813 obiit,
740 771 856 812 malo,
883 772 925 804 ut
948 771 1073 812 timeo,
1100 771 1233 806 omine.
1264 771 1321 806 Ita
1337 782 1416 805 rem
1433 771 1538 804 aiunt
1554 772 1692 813 actam,
1719 770 1815 814 quod

194 828 230 861 10
255 826 372 860 latere
396 827 510 861 nolui.
556 827 683 861 Scribo
709 826 808 861 enim
832 838 874 861 ea
901 827 943 860 ut
967 828 1094 869 audio,
1129 838 1196 861 nec
1220 827 1321 861 aliud
1346 827 1437 861 certi
1461 827 1586 860 habui.
1626 826 1818 860 Erasmum

193 883 299 916 tuum
322 882 391 916 tibi
416 883 576 917 remitto.
601 882 705 917 Vale.
731 882 920 917 Velociter
942 882 978 916 in
997 883 1057 917 die
1074 883 1320 917 Assumtionis
1337 882 1501 927 virginis.
1539 882 1603 916 Ao.
1622 881 1817 915 MDXVI.“

103 942 143 973 21
171 938 314 983 deifice]
341 938 363 972 i.
382 949 412 972 e.
437 938 632 980 divinitus,
660 938 786 972 divina
810 939 941 984 gratia.
975 940 1018 973 cf.
1037 939 1206 973 Diefenb.
1226 938 1384 973 Glossar.
1402 951 1459 972 vv.
1480 938 1628 979 deifice,
1656 938 1817 972 deificus.

195 993 293 1037 (Non
319 1004 341 1028 a
367 994 496 1028 ‘deum
521 994 662 1029 facerc'
690 994 754 1029 sed
779 995 824 1028 ab
851 1006 894 1028 eo
920 995 1019 1039 quod
1045 1006 1065 1028 a
1091 995 1160 1029 deo
1188 996 1252 1036 fit.)

104 1054 145 1084 22
166 1061 270 1094 papa
289 1051 460 1094 imposuit
476 1051 547 1085 sibi
561 1051 632 1095 sih]
651 1051 674 1085 i.
691 1062 721 1085 e.
739 1050 956 1092 Reuehliuo,
976 1051 1040 1085 sed
1058 1050 1198 1095 pariter
1215 1052 1327 1085 etiam
1346 1050 1626 1084 Hochstraticis:
1654 1050 1818 1094 Peperic.

194 1106 276 1140 Dcf.
300 1118 335 1150 p,
362 1109 454 1141 168⁶.
481 1118 596 1149 „nam
633 1106 837 1151 imperator
863 1135 895 1140 ..
923 1109 960 1140 et
995 1119 1159 1141 summus
1195 1107 1361 1151 pontifex
1388 1134 1394 1140 .
1419 1134 1425 1140 .
1452 1117 1524 1140 non
1561 1106 1666 1140 nobis
1701 1106 1817 1140 solum

193 1162 352 1204 duobus,
371 1163 436 1197 sed
454 1162 624 1197 omuibus
640 1163 678 1196 in
695 1174 832 1208 genere
850 1163 1039 1197 silentium
1057 1163 1103 1197 ad
1120 1163 1274 1197 iusticia}
1293 1163 1550 1197 executionem
1568 1162 1818 1206 imposucre“.

195 1218 239 1252 cf.
259 1218 391 1262 Consp.
408 1219 569 1253 chronol.
589 1220 702 1253 aestat.
721 1231 752 1254 a.
772 1223 866 1254 1516.

103 1278 146 1310 ‘23
173 1286 216 1309 ne
241 1275 399 1309 (leterius
422 1275 504 1319 sibi]
529 1286 575 1309 ne
602 1275 674 1309 det.
692 1275 761 1309 tibi
787 1277 855 1310 etc.
882 1276 1004 1310 Ioann.
1023 1288 1055 1310 v.
1076 1280 1127 1312 14.

102 1334 145 1365 ’24
170 1331 403 1375 mirabiliter]
430 1332 452 1365 i.
476 1343 506 1366 e.
531 1331 660 1375 lingua
685 1330 892 1366 Germaniae
923 1332 1138 1376 superioris,
1170 1332 1415 1373 oberdezctseh,
1450 1331 1736 1366 ·'I'hcutonicum
1763 1343 1818 1364 su—

192 1387 484 1431 perior-isticum’
511 1399 545 1431 p.
567 1391 628 1422 107
638 1389 676 1422 ²⁴³.

104 1446 189 1486 Pag.
210 1444 302 1481 285.

106 1504 118 1534 1
148 1510 222 1534 non
240 1503 440 1543 potuerunt
467 1500 679 1545 intelligere]
706 1500 758 1535 Cf.
776 1500 1014 1545 Peperit-orni
1032 1501 1179 1535 Defens.
1197 1513 1231 1545 1».
1252 1505 1325 1542 107,
1344 1512 1385 1535 23=
1400 1515 1466 1543 sqq.
1487 1504 1560 1543 142,
1579 1510 1620 1537 23.
1636 1514 1701 1542 sqq.

103 1562 122 1591 3
147 1557 345 1601 scriptura]
372 1556 503 1590 Matth.
521 1569 573 1591 111.
591 1562 622 1591 9.
646 1556 733 1591 Luc.
753 1570 804 1590 111.
822 1561 853 1591 S.

103 1617 123 1647 5
149 1623 258 1656 [mam
277 1640 284 1647 .
301 1639 308 1646 .
324 1640 330 1646 .
344 1613 557 1657 prophetice]
585 1613 630 1646 cf.
650 1613 696 1647 ad
722 1614 872 1647 2122051-

103 1673 122 1703 6
148 1679 208 1703 cos
233 1669 359 1704 melius
382 1669 495 1714 scitis]
523 1668 575 1703 Cf.
594 1669 641 1703 ad
666 1670 755 1704 20²⁷.

103 1729 122 1759 9
148 1725 310 1767 fecerunt
336 1735 412 1759 nov.
431 1725 657 1769 facultatem]
683 1726 888 1769 poetarum.
914 1726 959 1759 cf.
978 1738 1012 1770 p.
1033 1727 1122 1761 373⁴.

106 1785 142 1814 ll
172 1792 244 1815 non
261 1784 393 1816 emant
409 1782 569 1825 amplius
586 1783 659 1826 ete]
679 1781 756 1816 Iam
774 1793 854 1816 saee.
868 1794 923 1816 xv.
938 1783 1097 1816 exeunte
1115 1783 1202 1816 boni
1220 1783 1476 1827 praeceptores,
1494 1783 1536 1816 ut
1549 1781 1699 1826 Hegius‚
1716 1781 1821 1826 Agri-

193 1837 284 1879 cola,
303 1836 638 1882 Dringenbergius,
660 1837 739 1880 alii,
760 1848 972 1882 perversam
992 1838 1201 1872 litterarum
1222 1838 1409 1872 elementa
1428 1837 1587 1872 docendi
1604 1838 1821 1872 methodum

194 1893 453 1938 derelinquere
486 1894 692 1938 coeperant,
725 1893 859 1928 deinde
890 1893 1038 1928 illorum
1070 1894 1258 1938 discipuli,
1294 1894 1407 1929 Celtis
1432 1895 1471 1928 et
1493 1893 1819 1938 Wimphelingius,

194 1949 372 1984 Caesarius
396 1950 435 1984 et
458 1949 652 1992 Buschius,
685 1949 796 1984 Suevi
821 1950 995 1984 Bebelius
1027 1952 1064 1985 01-
1088 1950 1425 1992 Henrichmannus,
1451 1949 1640 1984 Vadianus
1673 1950 1711 1983 et
1736 1949 1821 1983 Gla-

193 2016 344 2048 reanus,
371 2006 409 2040 et
433 2006 497 2040 alii
522 2006 648 2048 multi,
676 2017 832 2050 quorum
858 2007 1009 2041 nomina
1039 2018 1214 2051 magnam
1238 2007 1384 2050 partem
1409 2006 1522 2040 etiam
1546 2006 1584 2039 10
1609 2005 1820 2040 Reuchlini-

196 2063 335 2096 starum
360 2073 556 2097 numerum
588 2062 706 2096 relata
737 2063 873 2107 passim
903 2062 1008 2096 nobis
1033 2063 1182 2097 obviam
1214 2062 1313 2096 facta
1337 2062 1436 2103 sunt,
1468 2061 1612 2096 meliori
1637 2061 1706 2095 viae
1731 2062 1819 2095 ster-

194 2118 324 2152 nendae
356 2118 576 2163 diligentem
606 2118 828 2162 felicemque
860 2129 1011 2162 operam
1044 2118 1241 2160 dederant,
1275 2119 1338 2153 sed
1369 2129 1437 2162 per
1465 2117 1573 2162 plura
1604 2117 1737 2151 saecula
1768 2117 1819 2151 in-

194 2175 363 2208 veterata
393 2174 621 2209 consuetudo
653 2174 780 2218 paucis
805 2174 993 2208 decenniis
1024 2185 1098 2208 non
1123 2174 1309 2216 aboletur,
1342 2185 1463 2218 neque
1494 2173 1734 2207 novissimum
1766 2174 1821 2207 est

193 2229 347 2264 Lutheri
376 2230 494 2265 simile
525 2230 674 2265 illorum
707 2233 797 2265 ‘non
829 2230 1038 2264 curantium
1077 2230 1236 2275 amplius
1266 2230 1484 2264 facultatem
1518 2229 1739 2264 artistic-aus
1774 2229 1818 2263 de

194 2286 351 2320 docendi
377 2286 616 2330 discendique
642 2286 752 2321 modo
776 2286 966 2328 iudicium,
993 2286 1092 2330 quod
1117 2298 1148 2320 a.
1170 2290 1264 2320 1524.
1283 2287 1320 2319 in
1344 2286 1472 2320 libello
1496 2285 1559 2320 An
1584 2286 1644 2320 die
1662 2285 1820 2330 Bzuyer-

193 2343 336 2377 meister
360 2343 440 2377 und
463 2343 710 2378 Rathsherren
735 2343 875 2377 allerlei
899 2342 1028 2377 Stc'c'clte
1054 2343 1095 2376 in
1121 2342 1313 2377 deutschen
1338 2342 1499 2376 Lanclen
1522 2341 1738 2386 publicavit.

107 2404 147 2433 13
170 2399 350 2434 seducunt
367 2399 441 2443 ete-J
461 2398 519 2432 Sic
534 2410 553 2433 e
568 2398 752 2434 contrario
766 2398 944 2433 Buschius
958 2398 1101 2433 seducit
1113 2398 1307 2442 supposita
1319 2410 1402 2432 cum
1417 2409 1483 2432 sua
1494 2398 1650 2442 poetria,
1665 2402 1773 2442 11257
1785 2399 1821 2431 ¹⁷.

106 2458 146 2488 16
174 2455 380 2500 Tateretus]
412 2454 544 2490 Petrus
574 2454 808 2497 Tartaretus,
841 2454 1056 2489 Parisiensis
1080 2453 1249 2489 Scotista.
1290 2454 1333 2488 cf.
1356 2454 1436 2488 Ind.
1460 2453 1578 2498 biogr.
1602 2466 1636 2498 p.
1655 2458 1730 2489 483.
1755 2456 1821 2489 art.

193 2510 418 2546 Tar-taretus.

155 2566 294 2611 Versor]
320 2567 492 2609 Ioannes,
519 2567 611 2601 item
626 2567 740 2602 Paris.
759 2568 904 2609 doctor,
932 2568 995 2611 qui
1013 2566 1174 2602 Coloniae
1191 2577 1338 2610 quoque
1358 2566 1494 2600 docuit.
1527 2566 1571 2600 cf.
1589 2566 1678 2601 ibid.
1695 2578 1730 2610 p.
1745 2571 1820 2601 495.

196 2623 262 2656 art.
280 2622 417 2658 Versor
442 2625 480 2658 et
503 2635 538 2667 p.
557 2628 633 2658 393.
652 2635 704 2667 sq.
723 2625 790 2658 art.
809 2622 1012 2667 Hispanus,
1042 2622 1142 2657 Petr.

149 2678 362 2724 Perversor]
402 2679 612 2713 Praeversor
640 2679 828 2714 nonnullae
860 2679 961 2721 edd.,
1001 2679 1078 2713 sive
1110 2680 1251 2713 temere
1282 2678 1359 2712 sive
1389 2678 1654 2722 neglegenter:
1687 2689 1821 2722 1111000-

196 2734 286 2769 dens
309 2734 476 2769 Versoris
506 2746 642 2769 nomen
672 2734 843 2779 scriptori
867 2734 905 2768 in
929 2735 1147 2769 memoriam
1178 2745 1367 2768 revocasse
1401 2733 1550 2768 videtur
1578 2733 1702 2768 locum
1726 2734 1821 2769 Reu-

196 2789 391 2824 chlinianae
416 2790 641 2824 defensionis
665 2789 773 2833 (Tub.
793 2794 890 2825 1513.
907 2802 942 2834 p.
960 2790 1037 2835 Eiij
1046 2793 1090 2834 ³):
1118 2790 1213 2832 Quid
1239 2790 1353 2834 igitur
1376 2789 1468 2824 tuba
1484 2791 1593 2824 canat
1616 2789 1684 2824 iste
1709 2790 1818 2825 bona-

196 2857 278 2879 rum
304 2845 439 2879 artium
463 2856 669 2890 perversor,
696 2846 798 2880 volui
822 2846 1015 2890 professor,
1044 2845 1229 2881 Ortwinus
1248 2844 1476 2880 Coloniensis
1493 2845 1671 2888 versifeX,
1697 2847 1820 2881 metri-

195 2900 268 2941 fex,
294 2901 408 2935 immo
434 2901 494 2935 fex
519 2901 638 2935 omnis
663 2901 811 2936 sceleris
837 2904 873 2936 01
898 2901 1075 2946 perfidjae.

150 2956 386 3002 Rundanas]
411 2956 584 2999 Ioannes,
612 2958 707 3001 „qui
724 2957 868 2993 invenit
884 2959 982 2992 viam
1000 2957 1297 2993 modernorum“.
1331 2958 1376 2993 cf.
1394 2957 1473 2992 Ind.
1490 2958 1608 3003 biogr.
1626 2970 1662 3003 p.
1676 2963 1750 2995 320.
1769 2970 1821 3004 sq.

196 3013 264 3047 art.
284 3012 500 3048 Buridanus.
