2119 3522
121 597 207 638 pag,
231 595 264 631 1,
618 560 1035 628 [INSCRIPTIO
1075 563 1357 630 OPERIS)

121 658 221 676 VEFSUS

123 699 138 728 1
166 707 338 729 EP1sr0LAE
364 706 590 729 ossscvnonvm
615 695 792 739 vmonvM]
824 695 1019 739 Inscriptio
1053 696 1181 739 aperte
1212 696 1250 729 in
1282 698 1509 732 contrarium
1541 700 1619 734 eius
1650 701 1844 745 conposita

211 751 283 793 est,
311 751 377 785 sub
404 762 478 795 qua
501 762 598 786 anno
618 755 713 785 1514.
731 750 950 794 prodierant
974 750 1182 785 ‘Clarorum
1205 751 1368 786 virorum
1392 753 1576 797 epistolae'
1603 755 1649 789 ad
1671 755 1842 790 Reuchli-

209 818 298 840 num
315 806 433 840 missae
452 807 518 850 (cf.
537 817 648 850 supra
664 817 773 851 pagg.
793 810 822 839 1.
845 810 897 840 81.
916 818 950 840 n.
967 808 1063 850 xv),
1089 807 1187 842 unde
1212 808 1305 842 falsa
1322 809 1378 842 est
1395 808 1617 844 Germanica
1638 810 1842 855 adpellatio

209 862 526 905 Dunkelms‘inweo·,
544 862 739 896 falsissima
756 862 882 897 autem
900 862 1152 907 Finsterlinye
1166 864 1225 906 (cf.
1239 875 1274 907 p.
1289 866 1374 908 33.):
1401 875 1487 898 nam
1505 867 1674 909 quamvis
1689 867 1842 902 Obscuri

208 918 323 953 nostri
349 918 427 952 eius
450 918 641 953 hominum
660 918 807 963 generis
830 918 984 960 fuerint,
1012 919 1111 963 quod
1134 930 1199 953 nos
1220 919 1470 954 Obscmantcn
1490 932 1682 964 vocamus,
1715 924 1841 958 tamon

208 985 281 1008 non
299 974 384 1016 hoc,
404 974 469 1009 sed
485 974 762 1019 ignobilitatem
778 974 960 1018 famaeque
981 975 1246 1009 obscuritatem
1264 975 1450 1020 significat
1465 976 1531 1011 illa
1547 978 1748 1023 inscriptio.
1787 980 1844 1015 lta

208 1030 364 1064 alteram
388 1041 536 1075 quoque
555 1030 746 1065 Clarorum
770 1031 934 1065 virorum
957 1030 1198 1074 epistolarum
1216 1031 1436 1075 editionem,
1464 1045 1576 1077 quam
1602 1035 1706 1078 quasi
1731 1036 1840 1080 repli-

208 1087 393 1121 cationem
421 1086 614 1130 utriusque
640 1086 891 1131 Epistolarum
917 1086 957 1121 O.
976 1086 1020 1121 V.
1045 1087 1196 1132 syllogae
1222 1087 1486 1123 Reuchlinistae
1520 1101 1597 1124 esse
1631 1091 1840 1133 voluerunt,

209 1142 429 1176 ‘Illustrium
447 1143 630 1177 virorum’
649 1142 918 1187 inscripserunt
931 1145 979 1187 (p.
995 1146 1068 1177 108.
1086 1154 1120 1177 n.
1135 1146 1308 1186 xxxvm)
1345 1143 1519 1179 Ceterum
1537 1146 1582 1180 de
1600 1146 1840 1191 inscriptione

207 1199 343 1242 praeter
368 1209 412 1232 ea
436 1210 517 1242 quae
539 1198 578 1232 in
600 1198 657 1232 his
678 1198 766 1243 ipsis
784 1198 965 1243 epistolis,
992 1198 1173 1243 imprimis
1191 1199 1235 1233 ΙΙ.
1255 1203 1283 1233 1.
1302 1204 1354 1235 28.
1373 1205 1444 1242 36„
1471 1201 1722 1246 disputantur,
1749 1216 1840 1247 prm—

207 1255 314 1299 cipue
340 1255 382 1289 cf.
404 1254 578 1298 epistolas
594 1253 753 1288 Hutteni
777 1254 822 1288 ad
842 1254 997 1289 Crocum
1016 1255 1103 1298 (vid.
1118 1266 1230 1299 supra
1251 1268 1286 1300 p.
1303 1258 1407 1299 140),
1433 1256 1566 1303 Angsti
1585 1258 1631 1293 ad
1647 1258 1838 1293 Erasmuin

208 1314 255 1355 (p.
274 1312 373 1354 140),
403 1310 576 1345 Glareani
595 1310 643 1345 ad
660 1310 879 1355 Zwinglium
898 1312 945 1354 (p.
964 1312 1067 1353 141),
1093 1310 1188 1345 Mori
1206 1311 1254 1345 ad
1271 1312 1464 1347 Erasmum
1483 1316 1530 1358 (p.
1548 1317 1652 1357 141),
1672 1314 1841 1349 Behaimi

206 1367 253 1401 ad
277 1366 595 1400 Pirckheimerum
622 1368 670 1410 (p.
690 1367 794 1407 14⁶2),
821 1365 1090 1401 Pirckheimeri
1116 1367 1162 1401 ad
1186 1368 1393 1403 Huttenum
1420 1372 1467 1414 (p.
1487 1372 1592 1413 142),
1625 1371 1767 1405 Erasini
1794 1372 1840 1406 ad

207 1423 403 1458 Caesarium
423 1425 471 1466 (p.
492 1426 565 1456 143.
586 1424 691 1464 146),
717 1421 859 1456 Erasmi
885 1422 931 1456 ad
950 1421 1114 1466 Lipsium
1133 1426 1181 1467 (p.
1199 1426 1303 1466 156),
1328 1425 1409 1458 tum
1426 1425 1541 1460 Menii
1563 1427 1609 1460 ad
1627 1427 1839 1472 apologiam

207 1478 307 1514 Croti
324 1477 572 1522 responsionis
586 1479 732 1522 <p.156.)
747 1481 787 1519 ἐξ
805 1481 953 1522 16.sqq.,
972 1478 1062 1512 item
1076 1479 1209 1513 Leonis
1222 1479 1293 1514 ΡΡ.
1307 1480 1350 1515 X.
1365 1481 1708 1516 condemnator-ium
1726 1484 1838 1519 breve

206 1534 449 1578 (Lamentatt.
469 1534 509 1568 Ο.
523 1534 567 1568 V.
585 1546 620 1578 p.
638 1538 713 1569 335.
730 1535 802 1578 sq.)
828 1545 912 1568 cum
929 1534 1168 1579 Pepericorni
1193 1535 1407 1570 defensione
1430 1537 1507 1580 (ed.
1524 1549 1558 1571 n.
1576 1549 1660 1583 pag.
1681 1541 1775 1581 159.)
1803 1541 1841 1573 ot

205 1590 351 1625 Ortvini
368 1589 552 1624 Lamentt.
572 1589 612 1624 O.
626 1589 670 1624 V.
687 1590 842 1634 passim,
861 1590 1047 1635 praecipue
1065 1602 1099 1636 p.
1115 1595 1190 1626 362.
1208 1603 1260 1636 sq.
1279 1596 1354 1627 394.
1369 1604 1420 1636 sq.
1440 1593 1478 1627 et
1495 1593 1609 1628 eiusd.
1628 1595 1734 1639 epist.
1753 1606 1838 1640 apo-

204 1647 317 1692 loget.
330 1659 365 1691 p.
381 1650 456 1681 396.
471 1658 548 1691 sqq.
567 1671 609 1675 -
627 1646 682 1681 De
700 1646 952 1691 adpellatione
972 1647 1163 1692 ‘Epistolae
1175 1649 1183 1665 '
1202 1648 1247 1683 cf.
1266 1660 1347 1693 quae
1366 1648 1444 1683 Ind.
1462 1649 1581 1695 biogr.
1601 1652 1648 1695 (p.
1663 1653 1752 1693 417.)
1771 1652 1838 1686 art.

207 1702 355 1738 ‘Modus
382 1702 564 1745 dictandi,
591 1702 834 1747 epistolandi'
861 1702 1041 1738 dedimus.

114 1763 203 1794 2...4
226 1760 277 1794 ad
299 1759 458 1796 υεοιωίν.
548 1759 746 1803 docentem]
773 1758 815 1792 111
836 1758 991 1794 Arnoldi
1014 1760 1060 1794 de
1084 1759 1243 1805 Tungris
1264 1761 1440 1795 Articulis
1464 1773 1495 1796 a.
1521 1766 1616 1797 1512.
1639 1764 1839 1808 publicatis

205 1815 292 1858 (vid.
306 1827 418 1860 supra
435 1828 469 1860 p.
486 1820 504 1850 7
508 1820 538 1850 8.
556 1828 590 1850 n.
608 1817 668 1857 XI)
689 1814 865 1849 Ortvinus
884 1814 1032 1849 Gratius
1050 1816 1262 1861 adpellatur
1280 1820 1288 1835 ‘
1300 1818 1478 1852 bonarum
1497 1819 1633 1853 artium
1655 1820 1839 1864 professor

207 1871 424 1906 Oratoream
441 1873 701 1916 poeticamque
721 1870 870 1907 Colonie
888 1872 1037 1916 publice
1056 1873 1220 1916 docens',
1248 1874 1286 1908 et
1301 1873 1591 1909 Prenotamenta
1608 1886 1638 1909 a.
1658 1879 1753 1910 1514.
1772 1876 1837 1911 Co-

203 1927 312 1962 loniae
337 1927 438 1962 edita
455 1930 510 1972 (p.
529 1932 581 1963 81.
600 1940 634 1962 n.
652 1929 780 1970 x1111.),
808 1929 942 1972 quibus
966 1929 1126 1963 maxime
1151 1929 1221 1963 sibi
1245 1930 1398 1972 meruit,
1425 1931 1467 1964 ut
1483 1930 1746 1966 Reuchlinistfe
1765 1933 1836 1967 Ob-

204 1994 328 2018 scuros
360 1984 457 2018 viros
488 1984 632 2019 litteras
663 1995 746 2019 suas
768 1984 965 2028 plerasque
999 1985 1076 2019 fere
1101 1995 1229 2019 omnes
1252 1985 1298 2019 ad
1320 1985 1442 2030 ipsum
1467 1987 1627 2021 scribere
1651 1988 1839 2023 voluerint

204 2039 261 2082 (cf.
280 2039 358 2074 lud.
376 2040 493 2085 biogr.
512 2041 580 2074 art.
599 2040 765 2082 Gratius,
788 2052 824 2084 p.
843 2042 951 2081 383),
981 2041 1050 2074 hoc
1074 2041 1216 2075 habent
1245 2041 1437 2076 exordium
1463 2042 1662 2079 ‘Oztwinus
1687 2043 1836 2078 Gratius

202 2095 375 2129 liberalisl
405 2095 626 2140 disciplinazp
664 2096 839 2141 magister
864 2095 992 2132 Chzisti
1023 2097 1189 2131 sacerdos
1218 2109 1229 2134 2
1261 2098 1299 2131 in
1332 2097 1430 2132 alma
1461 2099 1700 2134 vniuersitate
1733 2099 1835 2134 Colo-

158 2184 164 2186 ,
202 2151 319 2185 niensi
343 2151 459 2185 bonas
482 2151 555 2186 lras
580 2152 729 2196 publice
759 2152 899 2186 doces'.

113 2212 133 2242 5
160 2208 274 2242 variis
298 2211 330 2242 et
356 2208 442 2242 Iocis
467 2211 499 2242 ct
524 2209 743 2251 temporibus
767 2209 900 2252 missoe]
933 2209 1060 2243 ‘variis
1084 2210 1315 2254 temporibus
1340 2211 1478 2245 misses⁷
1504 2211 1620 2246 habet
1643 2212 1835 2257 inscriptio

202 2264 393 2299 Clarorum
418 2263 527 2297 viror.
547 2275 631 2308 epp.
650 2266 753 2309 (pag.
772 2268 825 2299 81.
842 2277 877 2298 n.
895 2266 988 2307 xv),
1021 2265 1196 2300 ‘diversis
1221 2266 1453 2311 temporibus
1478 2267 1616 2302 missae'
1644 2268 1835 2313 inscriptio

201 2320 405 2354 Illustrium
430 2319 542 2354 viror.
560 2331 643 2365 epp.
663 2323 711 2365 (p.
731 2324 805 2355 108.
822 2332 856 2355 n.
875 2323 1036 2363 xxxvm.)

765 2422 1086 2479 [VOLVMEN
1117 2423 1176 2479 1.]

156 2500 210 2534 De
237 2499 416 2534 divisione
443 2500 564 2545 operis
588 2500 626 2534 in
652 2500 724 2535 duo
750 2501 940 2536 volumina
965 2502 1009 2536 cf.
1027 2502 1127 2546 quod
1151 2502 1248 2537 infra
1264 2505 1310 2538 ad
1328 2515 1411 2549 pag.
1433 2508 1504 2539 181.
1523 2504 1743 2539 adnotatum
1768 2506 1835 2540 est.

110 2604 197 2646 Pag.
217 2602 252 2637 3.
343 2600 577 2635 EPISTOLA
600 2604 632 2639 1.
674 2601 873 2637 THOMAs
898 2602 1408 2639 LANGSCHNEYDERIVS
1435 2604 1664 2640 ORTVINO.

113 2684 128 2713 1
155 2679 230 2714 Nos
261 2679 425 2725 singulas
454 2680 646 2724 utriusque
676 2681 821 2726 sylloyce
851 2681 928 2716 sive
962 2681 1159 2716 voluminis
1191 2683 1365 2727 epistolas
1393 2683 1556 2717 numeris
1585 2683 1831 2728 distinximus,

200 2735 300 2779 quod
329 2735 367 2769 in
398 2735 582 2780 prioribus
613 2737 793 2781 exemplis
823 2748 897 2771 non
920 2737 1060 2772 factum
1084 2738 1148 2773 est.
1178 2763 1220 2767 —
1258 2738 1346 2774 Haec
1370 2739 1492 2784 prima
1514 2750 1558 2774 ea
1582 2740 1743 2785 epistula
1764 2742 1830 2784 est,

202 2791 246 2825 de
280 2802 354 2836 qua
370 2791 542 2825 Erasmus
560 2791 732 2837 Spongiae
758 2796 777 2835 ξ
797 2798 850 2828 92.
877 2793 1001 2836 (Hutt.
1021 2793 1114 2838 Opp.
1133 2795 1178 2829 ΙΙ.
1196 2807 1230 2839 p.
1250 2797 1346 2840 277.)
1372 2796 1518 2830 ‘nactus
1543 2798 1662 2831 eram⁷
1687 2797 1834 2842 scripsit

202 2851 331 2882 ‘unam
355 2847 551 2892 epistolam
573 2859 685 2882 manu
710 2848 933 2893 descriptam
958 2849 1003 2884 de
1028 2851 1198 2885 convivio
1223 2851 1503 2897 magistrorum,
1541 2864 1622 2897 quae
1652 2853 1744 2887 nihil
1768 2853 1831 2888 ha-

198 2904 306 2939 beret
321 2904 457 2948 praeter
472 2903 664 2938 innoxium
681 2904 821 2947 iocum,
852 2906 891 2940 et
906 2905 1096 2940 ferebatur
1113 2906 1280 2942 Hutteni.
1320 2908 1399 2943 haec
1416 2908 1508 2942 mihi
1532 2909 1702 2944 maximae
1728 2909 1830 2944 volu-

198 2960 295 3004 ptati
317 2959 389 2994 fuit
411 2970 454 2994 ac
477 2960 588 2994 toties
610 2960 708 2995 inter
731 2961 867 2995 amicos
896 2961 995 2996 lecta
1025 2963 1096 3005 est,
1130 2964 1172 2998 ut
1201 2964 1473 3009 propemodum
1502 2965 1662 3002 haereret
1691 2977 1829 3002 memo-

198 3015 279 3050 riae'
307 3016 345 3050 et
369 3028 402 3060 q.
420 3028 446 3050 s.
