2119 3522
328 196 421 239 745¹<
837 209 1099 245 comtiENTAmvs
1123 209 1169 231 AD
1194 210 1265 231 EPP.
1284 210 1314 232 o.
1332 210 1364 231 v.
1389 211 1466 231 von.
1485 211 1521 231 11.

324 268 645 364 Ρᾶἕξρέῗᾷᾔωηῃ
677 320 882 364 scripserat.
938 319 1145 353 Subicimus
1176 320 1370 364 epistolam
1408 330 1519 364 qua-m
1556 321 1656 354 recte
1688 320 1884 355 Aurifaber
1915 320 2027 365 (Epp.

413 375 519 409 Luth.
536 376 562 409 Ι.
581 375 642 409 fol.
661 379 691 409 8.
709 377 776 418 sq.)
794 386 890 409 anno
915 388 1004 409 xnn.
1023 375 1233 419 adscripsit3
1261 375 1344 409 falsi
1368 376 1454 410 sunt
1474 375 1689 410 Loescherus
1714 375 1885 418 (Reform.
1902 376 1982 410 Act.
2000 375 2026 409 Ι.

414 433 508 474 799.)
535 431 573 464 61
603 430 648 464 (16
673 429 800 464 Wette
832 431 962 473 (Luth.
983 431 1112 473 Briefe
1135 431 1160 464 Ι.
1184 442 1220 464 n.
1235 433 1305 473 111.)
1331 442 1426 465 anno
1459 435 1553 466 1510.
1577 430 1733 465 eandem
1765 430 2026 472 adscribentes,

413 496 485 529 quo
510 496 604 519 anno
634 485 859 519 Reuchlinus
883 486 929 520 de
955 485 1102 520 Oculari
1132 486 1282 530 speculo
1313 486 1457 520 edendo
1487 486 1652 521 nondum
1682 486 2028 531 cogitaverat:n0n

412 541 465 574 ita
487 540 597 584 longe
622 542 707 585 post
729 541 823 575 hanc
841 541 1048 585 epistolam,
1074 541 1108 575 d.
1126 547 1156 576 5.
1174 541 1268 586 Aug.
1287 551 1317 575 a.
1338 545 1451 584 1514.,
1478 542 1600 576 eidem
1617 541 1808 585 Spalatino
1824 541 2029 575 Lutherum

412 596 520 630 aliam
557 596 836 631 memorabilem
870 596 973 631 illam
1010 598 1138 631 contra
1168 596 1363 631 Ortvinum
1394 596 1702 642 Coloniensesque
1738 597 1932 643 theologos
1963 596 2029 640 (cf.

414 651 543 696 Consp.
561 651 722 686 chronol.
739 652 774 686 h.
793 651 841 695 d.)
859 652 1044 697 scripsisse
1062 653 1271 687 ratiocinor.

701 743 956 776 LVTHERVS
981 744 1045 775 AD
1071 743 1321 776 GEORGIVM
1347 743 1658 777 SPALATINVM.

1110 810 1243 833 mnsvs.

413 879 487 909 Pax
512 878 589 917 tibi,
614 878 825 910 Venerande
849 878 1000 911 Domine
1025 878 1197 920 Magister
1220 878 1363 920 Georgi.
1380 879 1490 912 Petiit
1514 891 1534 911 a
1558 890 1611 911 me
1634 879 1758 911 Frater
1782 889 1878 911 meus
1902 878 2031 910 Iohan*

409 945 471 966 nes
502 934 662 975 Langius
693 935 835 965 nomine
875 938 953 974 tuo,
992 934 1075 976 quid
1113 936 1260 967 sentiam
1292 944 1357 976 ego
1389 935 1430 966 de
1460 945 1567 967 causa
1597 935 1804 967 innocentis
1833 939 1868 967 et
1899 934 2029 966 doctis-

409 991 487 1021 simi
518 990 690 1022 Iohannis
721 989 912 1030 Reuchlin,
945 994 1068 1021 eontra
1105 1001 1188 1022 suos
1219 991 1366 1022 {emulos
1398 990 1649 1031 Colonienses,
1681 992 1774 1023 sitne
1806 991 1843 1021 in
1874 989 2030 1032 periculo

407 1045 490 1077 fidei
519 1046 575 1077 vel
606 1046 763 1078 hieresis.
810 1046 915 1078 Nosti
947 1051 1084 1085 autem,
1118 1047 1251 1087 optime
1284 1046 1475 1087 Magister,
1506 1046 1598 1088 quod
1629 1050 1663 1077 et
1693 1056 1757 1087 ego
1788 1046 1964 1077 hominem
1994 1046 2032 1077 in

409 1112 536 1143 magno
561 1102 707 1133 habeam
732 1103 844 1143 pretio
870 1106 903 1133 et
928 1102 1075 1143 affectu,
1110 1106 1145 1133 et
1170 1102 1338 1134 iudicium
1363 1112 1476 1133 meum
1501 1102 1593 1134 forte
1620 1105 1822 1143 suspectum
1845 1104 1916 1142 est,
1949 1101 2032 1143 quia

409 1157 462 1197 (ut
488 1157 633 1198 dicitur)
659 1157 746 1189 liber
772 1162 807 1189 et
832 1157 1004 1190 neutralis
1030 1168 1100 1189 non
1127 1169 1203 1189 sum
1221 1169 1229 1188 z
1248 1162 1364 1189 tamen
1391 1159 1472 1199 quia
1497 1158 1629 1200 exigis,
1659 1157 1739 1188 dico
1766 1156 1858 1198 quod
1891 1156 2031 1189 sentio:

408 1213 496 1244 Mihi
527 1224 672 1255 prorsus
698 1213 787 1244 nihil
818 1223 990 1255 apparere
1022 1215 1057 1245 in
1090 1215 1185 1245 omni
1218 1215 1294 1245 eius
1327 1215 1461 1256 scripto
1488 1213 1646 1245 Consilio
1673 1212 1766 1255 quod
1796 1212 2032 1255 periculosum

409 1269 466 1300 sit.
558 1269 723 1301 Admiror
740 1273 857 1301 autem
875 1269 1103 1302 vehementer
1121 1269 1369 1309 Colonienses,
1393 1269 1437 1300 ad
1455 1269 1538 1311 quid
1563 1269 1708 1301 tandem
1726 1273 1796 1300 tam
1816 1267 2032 1310 perplexum,

408 1335 449 1356 ac
479 1324 584 1366 plane
616 1326 676 1360 (ut
707 1326 796 1367 ipsis
820 1325 984 1365 videtur)
1017 1325 1148 1357 Gordio
1180 1325 1273 1357 nodo
1306 1325 1576 1367 perplexiorem,
1607 1325 1644 1356 in
1673 1328 1745 1356 tam
1774 1324 1880 1367 plano
1913 1324 2031 1366 scirpo

408 1381 616 1422 quaeritent,
651 1392 728 1413 cum
754 1382 830 1422 ipse
854 1385 926 1412 tam
953 1381 1095 1414 solenni
1119 1382 1382 1414 Protestatione
1407 1382 1619 1413 creberrime
1650 1384 1789 1420 utatur,
1821 1384 1929 1423 atque
1960 1391 2031 1412 non

407 1436 581 1468 articulos
606 1436 696 1476 fidei,
722 1437 779 1469 sed
805 1437 946 1469 consilii
972 1438 1177 1479 opinionem
1203 1441 1323 1480 ponat.
1372 1437 1460 1477 Quae
1485 1437 1564 1469 duae
1595 1448 1654 1469 res
1677 1438 1730 1469 ita
1760 1447 1837 1468 eum
1861 1436 1955 1478 apud
1978 1446 2032 1468 me

406 1491 599 1524 absolvunt
616 1502 636 1523 a
653 1495 755 1524 tanta
774 1494 1042 1534 superstitione,
1067 1498 1107 1525 111
1132 1494 1162 1525 si
1189 1495 1344 1525 omnium
1363 1493 1565 1525 Haeresium
1589 1493 1778 1525 colluviem
1803 1493 1840 1524 in
1858 1503 1922 1525 suo
1940 1491 2031 1524 Con-

409 1548 489 1580 silio
517 1552 782 1590 congregasset,
808 1550 958 1590 integrae
985 1553 1018 1580 et
1043 1559 1140 1591 purae
1171 1548 1250 1580 fidei
1275 1559 1353 1581 eum
1378 1549 1561 1580 crederem.
1610 1548 1648 1580 Si
1674 1549 1768 1580 enim
1792 1548 2030 1580 Protestatio-

407 1614 469 1636 nes
501 1604 593 1637 tales
617 1609 651 1636 et
682 1606 868 1647 opiniones
893 1616 911 1636 a
937 1605 1098 1647 periculo
1132 1616 1202 1637 11011
1229 1609 1312 1637 sunt
1343 1605 1484 1645 liberte,
1519 1604 1712 1636 timendum
1743 1604 1847 1636 nobis
1873 1604 1958 1643 erit,
1988 1614 2032 1635 ne

408 1660 497 1692 forte
523 1660 665 1693 tandem
690 1671 753 1703 pro
785 1661 887 1693 libito
920 1662 982 1693 isti
1013 1662 1253 1703 Inquisitores
1284 1662 1458 1703 incipiant
1483 1660 1644 1693 Camelos
1675 1660 1808 1702 glutire
1835 1663 1871 1692 et
1902 1660 2032 1693 culices

408 1716 540 1755 colare,
567 1720 601 1747 et
627 1716 870 1757 Orthodoxos,
895 1718 1036 1749 etiamsi
1063 1718 1180 1748 omnia
1206 1720 1467 1759 protestentur,
1493 1727 1556 1758 pro
1582 1716 1762 1748 haereticis
1787 1717 2031 1758 pronunciare.

406 1772 480 1803 Iam
505 1782 585 1803 vere
609 1772 649 1803 de
674 1772 740 1803 hoc
767 1773 849 1814 quid
875 1773 1002 1812 dicam,
1037 1773 1129 1815 quod
1154 1773 1350 1805 Beelzebub
1376 1773 1501 1805 eiicere
1525 1772 1735 1812 moliuntur,
1765 1776 1799 1804 et
1824 1783 1896 1804 non
1919 1772 1957 1804 in
1981 1773 2031 1804 di-

407 1828 483 1869 gito
509 1827 598 1859 Dei?
644 1828 722 1859 Hoc
748 1832 801 1860 est
829 1829 922 1870 quod
954 1839 1048 1870 stupe
1073 1829 1204 1871 plango
1237 1833 1272 1861 et
1297 1829 1409 1861 doleo.
1461 1830 1553 1869 Quia
1584 1839 1649 1861 nos
1674 1828 1872 1861 Christiani
1897 1829 2031 1870 incepi-

406 1894 483 1915 mus
515 1884 603 1915 foris
635 1893 760 1925 sapere
793 1888 828 1916 et
853 1884 947 1916 domi
977 1885 1147 1927 desipere.
1202 1884 1415 1927 Centuplum
1446 1887 1583 1928 peiores
1609 1889 1691 1917 sunt
1716 1885 1944 1927 blasphemiae
1970 1894 2032 1926 per

408 1949 526 1971 omnes
552 1939 689 1980 plateas
714 1939 915 1981 Ierusalem,
944 1944 979 1972 et
1005 1942 1122 1972 omnia
1143 1941 1392 1983 spiritualibus
1409 1941 1514 1973 idolis
1539 1941 1653 1983 plena.
1691 1942 1778 1981 Quae
1797 1951 1875 1973 cum
1897 1951 2030 1973 summo

407 1995 478 2026 sint
505 1995 622 2026 studio
648 1995 815 2036 tollenda,
843 1999 1011 2037 tanquam
1030 1998 1193 2029 intestini
1225 1998 1360 2038 hostes,
1387 2008 1451 2029 nos
1471 2002 1587 2029 tamen
1612 1997 1746 2029 relictis
1771 1997 1934 2030 omnibus
1959 1996 2031 2029 illis

407 2061 482 2092 quse
507 2061 572 2083 nos
597 2053 748 2083 maxime
775 2058 921 2093 urgelit,
955 2053 997 2083 ad
1022 2058 1164 2085 exteras
1189 2058 1222 2084 et
1249 2056 1463 2095 peregrinas
1498 2064 1629 2085 causas
1660 2053 1917 2093 convertimur,
1950 2064 2030 2085 sua-

408 2107 513 2138 dente
541 2107 678 2139 scilicet
703 2108 874 2147 Diabolo,
907 2114 945 2140 ut
971 2112 1094 2140 nostra
1126 2110 1347 2149 deseramus,
1379 2114 1414 2141 et
1441 2110 1561 2142 aliena
1591 2120 1662 2142 non
1687 2108 1918 2141 emendemus.
1964 2110 2030 2141 Po-

406 2166 520 2194 testne
547 2164 690 2195 obsecro
723 2165 791 2195 isto
819 2164 893 2195 zelo
919 2165 1054 2206 aliquid
1084 2165 1232 2197 stultius
1256 2170 1290 2197 et
1321 2166 1578 2208 imprudentius
1612 2166 1788 2206 cogitari?
1833 2165 1935 2198 Itane
1959 2176 2031 2198 non

405 2219 534 2251 habent
560 2219 719 2251 infelices
745 2220 974 2253 Colonienses
1007 2222 1043 2252 in
1069 2221 1232 2253 Ecclesia
1258 2222 1354 2253 feras
1379 2226 1413 2253 et
1444 2222 1776 2254 turbulentissimas
1801 2231 1944 2262 causas,
1970 2222 2031 2253 ubi

405 2280 593 2307 exerceant
618 2276 820 2315 scientiam,
846 2277 976 2316 zelum,
1002 2277 1210 2309 charitatem
1244 2289 1358 2317 suam,
1392 2281 1431 2310 ut
1456 2288 1596 2310 necesse
1622 2279 1668 2310 sit
1698 2288 1758 2310 eos
1790 2281 1862 2309 tam
1886 2277 2031 2309 remotis

406 2342 424 2362 a
457 2331 559 2362 nobis
591 2332 766 2363 mentibus
798 2332 879 2364 illas
911 2334 1119 2374 exquirere?
1214 2333 1280 2365 Sed
1313 2334 1396 2375 quid
1426 2333 1541 2366 facio?
1571 2333 1714 2375 plenum
1744 2337 1798 2365 est
1829 2344 1887 2365 cor
1917 2344 2031 2365 meum

407 2387 532 2418 harum
558 2388 819 2428 cogitationum
844 2390 959 2430 magis
985 2400 1089 2430 quam
1113 2389 1235 2429 lingua
1262 2389 1382 2421 dicere
1406 2390 1533 2431 possit.
1574 2389 1654 2421 Hoc
1679 2389 1821 2421 tandem
1847 2389 2030 2429 concludo,

407 2452 485 2473 cum
509 2452 569 2483 per
595 2453 714 2475 omnes
740 2444 944 2485 Prophetas
970 2445 1177 2486 praedictum
1205 2445 1264 2484 sit,
1289 2445 1430 2477 Iudaeos
1455 2445 1567 2476 Deum
1591 2449 1625 2476 61
1643 2445 1778 2486 Regem
1803 2455 1905 2477 suum
1930 2444 2030 2477 Chri-

407 2502 499 2530 stum
515 2497 604 2540 [Psal.
619 2504 696 2529 lesa.
709 2498 746 2542 5.]
766 2499 1020 2533 maledicturos
1044 2504 1077 2532 et
1100 2500 1418 2542 blasphematur-os,
1442 2506 1476 2533 et
1501 2502 1561 2543 qui
1577 2501 1645 2533 hoc
1662 2511 1733 2534 non
1750 2501 1839 2543 legit
1855 2501 1912 2533 vel
1928 2501 2031 2533 intel-

408 2554 504 2596 ligii,
536 2555 652 2586 fateor
677 2565 755 2586 eum
786 2555 941 2588 nondum
965 2556 1098 2588 vidisse
1121 2556 1362 2598 Theologiam.
1412 2557 1564 2599 Ideoque
1595 2567 1772 2600 praesumo
1797 2556 2031 2590 Colonienses

407 2621 478 2642 non
510 2621 614 2652 posse
642 2610 868 2653 scripturam
901 2612 1066 2645 solvere:
1086 2613 1167 2654 quja
1200 2613 1250 2645 sic
1276 2616 1416 2655 oportet
1441 2612 1533 2653 fieri,
1565 2618 1599 2645 et
1632 2613 1851 2655 Scripturam
1880 2613 2029 2655 impleri.

408 2667 453 2698 Et
479 2668 507 2699 si
533 2668 752 2699 tentaverint
776 2668 918 2700 Iudaeos
943 2680 961 2700 a
987 2668 1220 2711 blasphemiis
1254 2679 1423 2711 purgare,
1448 2669 1516 2702 hoc
1539 2669 1688 2709 facient,
1714 2674 1754 2702 ut
1780 2668 1968 2711 Scriptura
1992 2673 2030 2702 et

407 2723 503 2754 Deus
534 2723 684 2755 mendax
715 2729 901 2766 appareat.
997 2724 1064 2757 Sed
1094 2725 1229 2757 confido
1255 2725 1369 2758 Deum
1399 2725 1475 2758 fore
1505 2735 1668 2758 veracem
1699 2726 1807 2757 etiam
1838 2725 1964 2758 invitis
1993 2729 2030 2758 et

407 2778 542 2809 frustra
572 2778 785 2811 sudantibus
822 2781 918 2812 mille
949 2781 1107 2813 millibus
1139 2780 1424 2813 Coloniensibus.
1479 2781 1545 2812 Dei
1575 2782 1668 2813 enim
1698 2781 1811 2814 solius
1841 2781 1909 2813 hoc
1938 2791 2029 2823 opus

406 2835 492 2874 erit,
526 2834 569 2865 ab
600 2835 696 2867 intra
728 2837 930 2878 operantis,
962 2848 1033 2869 non
1063 2837 1244 2870 hominum
1274 2837 1384 2870 aforis
1408 2837 1650 2869 tantummodo
1681 2836 1878 2869 ludentium
1908 2837 2028 2878 potius

409 2900 512 2930 quam
537 2891 774 2932 operantium.
823 2891 860 2924 Si
884 2893 967 2925 istae
996 2893 1040 2925 ab
1065 2894 1116 2925 eis
1147 2893 1338 2932 tollantur,
1370 2897 1624 2934 componerent
1654 2894 1802 2935 peiores.
1850 2893 1944 2933 Quia
1975 2893 2027 2925 sic

410 2948 492 2976 sunt
516 2946 553 2977 in
577 2947 764 2987 reprobum
790 2958 947 2987 sensum,
979 2959 1041 2990 per
1064 2949 1153 2980 iram
1176 2949 1264 2989 Dei,
1296 2948 1438 2987 traditi,
1471 2952 1510 2981 ut
1536 2949 1608 2981 sint
1633 2949 1826 2982 secundum
1851 2948 2026 2980 Ecclesia-

410 3003 495 3032 stem
526 3001 787 3043 incorrigibiles
806 3014 813 3034 :
831 3006 866 3035 61
891 3005 1005 3037 omnis
1035 3004 1289 3051 incorrigibilis
1321 3006 1538 3042 correctione
1568 3005 1668 3052 peior
1699 3004 1754 3044 fit,
1785 3008 1820 3037 et
1844 3014 2027 3047 nunquam
