2119 3522
692 242 798 264 PRATO
823 242 970 264 FLORIDO
997 257 1003 264 ·
1020 258 1025 264 .
1042 258 1048 264 .
1074 242 1264 268 RAVENNAS.
1722 227 1817 271 447

108 369 240 407 scopo,
273 356 426 407 aliquot
456 355 617 395 Graecos
647 356 770 393 libros
801 353 1060 404 describeret,
1093 359 1160 408 qui
1192 360 1234 396 111
1265 359 1384 396 huius
1414 359 1661 398 bibliotheca
1691 366 1817 397 custo-

109 414 181 451 diti
212 419 319 450 sunt.
338 413 415 450 fuit
446 413 487 449 in
509 413 570 450 his
603 413 724 450 etiam
744 411 966 450 Athenaeus
999 420 1037 450 et
1058 413 1192 452 Procli
1222 416 1531 453 commentarius
1556 447 1563 455 .
1586 447 1592 454 .
1614 447 1620 453 .
1666 416 1820 454 Extant

107 469 261 519 aliquot
290 469 408 507 huius
447 469 573 506 literae
605 468 658 506 ad
687 468 879 505 Nostrum
911 466 1235 521 [Reuchlinum]
1269 473 1523 522 perscriptae,
1555 472 1819 510 humanitatis

106 526 337 575 plenae...
396 525 515 562 Hanc
555 537 641 561 cum
681 523 1005 575 Questenbergio
1038 527 1365 565 coniunctionem
1403 528 1819 579 consuetudinemque

109 581 326 619 admodum
355 581 494 618 utilem
526 586 565 617 et
595 580 811 617 salutarem
841 580 918 618 sibi
948 581 1096 619 Noster
1128 589 1315 633 expertus
1347 590 1488 634 postea
1519 590 1589 631 est,
1624 598 1712 622 cum
1744 584 1818 622 00-

104 638 309 675 lonienses
339 637 540 686 Theologi
570 636 683 673 litem
715 637 751 673 ei
782 638 1057 687 gravissimam
1088 639 1375 677 intendissent.
1435 641 1589 677 Memor
1619 642 1726 678 enim
1755 641 1818 678 Ia-

106 693 228 731 cobus
273 693 420 731 veteris
467 693 648 730 amicitiae
694 706 842 743 magna
884 693 963 731 fide
1009 694 1118 744 apud
1165 695 1346 733 Leonem
1390 696 1627 734 Pontificem
1645 727 1653 743 ,
1710 697 1818 747 apud

107 748 366 787 Cardinalem
387 749 591 787 Venetum
613 747 861 795 Grimanum‚
896 755 936 786 et
966 750 1066 787 alios
1090 764 1180 787 eum
1210 752 1409 798 tuebatur,
1444 766 1489 790 ac
1520 753 1609 803 plus
1633 754 1669 791 ei
1699 753 1818 790 liuius

104 807 224 843 unius
247 806 322 843 viri
353 805 575 842 authoritas
598 804 761 855 profuit,
795 819 847 841 ne
880 805 1119 843 crudelitate
1141 808 1429 845 monachorum
1453 808 1666 855 deleretur⁷
1700 822 1818 859 quam

103 861 260 912 Regum
281 861 596 911 Principumque
618 861 755 906 literae,
781 859 924 911 quibus
948 874 1037 898 eum
1058 862 1188 899 Leoni
1211 864 1634 902 commendaverant“.
1680 864 1817 914 Quan-

102 924 187 955 tum
218 918 366 955 faverit
386 917 612 954 Reuchlino
647 917 813 966 eiusque
846 930 984 963 causae,
1020 924 1057 955 01
1090 918 1183 955 011111
1206 932 1255 956 ex
1287 920 1375 957 aliis
1409 926 1448 957 et
1479 934 1527 957 ex
1559 921 1819 970 epistolarum

104 972 152 1011 Ο.
176 973 226 1012 V.
253 972 303 1022 (p.
325 978 391 1008 204
404 971 426 991 '²
448 971 561 1011 27019.
584 972 729 1023 quibus
752 972 987 1011 addendum
1010 979 1070 1012 est
1090 987 1125 1019 p.
1142 973 1243 1009 230¹³
1274 976 1486 1021 „officialis
1519 976 1636 1013 curiae
1668 977 1736 1026 qui
1759 982 1819 1014 est

102 1029 444 1080 singularissimus
476 1030 611 1067 fautor
631 1029 799 1066 Ioannis
820 1029 1067 1079 Reuchlin“)
1101 1031 1343 1069 testimoniis
1365 1037 1505 1069 notum
1527 1032 1615 1078 fuit,
1650 1038 1689 1069 et
1710 1046 1818 1069 nunc

102 1087 279 1136 apertius
318 1091 476 1123 constat
515 1099 565 1123 ex
594 1085 813 1123 Reuchlini
851 1085 903 1123 ad
936 1085 1307 1137 Questenbergium
1337 1088 1502 1135 litteris,
1545 1089 1662 1125 annis
1698 1089 1816 1126 1513.

105 1143 224 1180 1514.
252 1143 372 1181 1515.
399 1143 519 1179 1518.
545 1142 666 1179 1519.
693 1142 812 1180 1520.
837 1142 953 1188 datis,
988 1155 1087 1193 quas
1119 1141 1460 1182 Friedltinderus³
1492 1158 1539 1181 ex
1570 1158 1692 1181 manu
1724 1145 1818 1182 scri-

101 1199 180 1250 ptis
219 1200 260 1236 111
301 1198 413 1249 regia
442 1198 577 1236 Berol.
607 1198 719 1236 univ.
743 1197 989 1236 bibliotheca
1019 1199 1141 1237 hodie
1189 1200 1411 1237 adservatis
1450 1200 1643 1251 exemplis
1676 1200 1817 1238 edidit.

101 1253 404 1292 Liberalitatem
438 1254 833 1305 munificentiamque
862 1255 939 1292 viri
959 1256 1120 1292 summis
1149 1255 1337 1293 laudibus
1361 1257 1475 1294 effert
1495 1254 1816 1294 Burckl1a1·(lus⁴.

99 1332 154 1336 —
184 1310 282 1348 Haec
313 1310 397 1348 fere
430 1310 481 1347 ad
513 1324 561 1347 ea
591 1323 679 1360 (111εο
710 1310 851 1361 supra7'
883 1311 933 1348 de
965 1310 1016 1361 Q
1047 1312 1278 1362 scripsimus
1309 1312 1462 1350 addere
1492 1313 1621 1350 visum
1654 1319 1730 1361 est3
1766 1313 1816 1350 cf.

100 1367 220 1404 etiam
251 1372 324 1404 art.
350 1366 739 1416 ‘Aesticampianus’
773 1373 812 1404 et
842 1367 991 1404 videsis
1023 1366 1274 1405 FabriciumG
1306 1375 1345 1406 et
1375 1369 1599 1407 Ioecherum
1630 1369 1668 1406 11.
1693 1381 1730 1406 v.

188 1442 221 1484 3)
246 1443 357 1475 Beier.
376 1455 403 1477 z.
419 1443 609 1485 Refyeseh.
629 1444 725 1477 1837.
744 1442 790 1474 8⁰.
808 1453 841 1484 p.
855 1445 909 1475 47.
928 1453 1005 1484 sqq.
1024 1445 1076 1475 60.
1096 1454 1149 1485 sq.
1168 1446 1220 1476 70.
1239 1455 1290 1486 sq.
1311 1447 1362 1477 72.
1383 1447 1435 1477 77.
1457 1456 1508 1486 sq.
1527 1446 1581 1478 86.
1601 1445 1659 1485 (de
1679 1445 1815 1477 Reueh-

186 1499 259 1531 lino
289 1499 396 1530 misso
426 1499 622 1540 Triumpho
651 1497 868 1540 Capnionis,
906 1500 1100 1541 repetitam
1131 1501 1235 1532 Hutt.
1257 1501 1348 1542 Opp.
1376 1502 1421 1533 11.
1447 1512 1480 1542 p.
1498 1503 1574 1535 458.
1601 1511 1694 1532 num.
1714 1500 1816 1543 effi)

187 1555 242 1587 88.
263 1565 314 1596 sq.
354 1554 410 1586 Cf.
427 1565 536 1596 supra
557 1554 635 1586 Ind.
653 1557 822 1597 scriptor.
840 1566 948 1597 pagg.
970 1557 1043 1590 124.
1064 1557 1138 1588 128.
1161 1558 1233 1588 131.
1256 1558 1328 1590 134.
1351 1558 1424 1588 138.
1446 1558 1517 1589 147.
1540 1559 1613 1591 153,
1722 1558 1756 1598 4)
1773 1558 1815 1589 de

187 1611 229 1643 L.
248 1612 289 1642 L.
310 1611 398 1642 fatis
416 1611 442 1644 I.
462 1621 493 1652 p.
512 1612 588 1643 340.
606 1621 657 1652 sq.
678 1614 750 1642 not.
872 1611 906 1651 5)
926 1612 1027 1646 Hutt.
1047 1612 1139 1654 Opp.
1160 1613 1186 1644 Ι.
1204 1624 1236 1654 p.
1253 1614 1331 1646 461.
1454 1613 1488 1653 6)
1508 1613 1603 1648 Bibl.
1622 1613 1704 1647 Lat.
1724 1614 1814 1647 med.

188 1670 225 1699 et
247 1667 312 1701 inf.
328 1669 387 1699 aet.
409 1668 468 1699 VI.
486 1677 518 1707 p.
534 1667 587 1699 65.
606 1677 658 1709 sq.
706 1668 742 1699 Is
761 1668 876 1699 refert
892 1667 936 1699 ad
955 1668 1099 1699 Petrum
1114 1668 1281 1700 Albinum
1301 1670 1337 1700 in
1355 1669 1487 1701 Misnia
1506 1680 1539 1711 p.
1555 1671 1630 1702 342.
1651 1671 1710 1712 qui
1728 1670 1817 1702 liber

186 1723 273 1756 mihi
292 1723 338 1755 ad
356 1733 484 1755 manus
501 1733 572 1755 non
591 1727 654 1755 est.

97 1810 364 1841 RATIONALE
396 1811 663 1841 DIVINORVM
695 1806 764 1841 vid.
791 1804 1027 1843 Durandus.

97 1901 356 1940 RAVENNAS,
389 1893 535 1931 Petrus
570 1892 672 1943 (sive
703 1894 849 1932 Petrus
881 1894 1122 1933 Franciscus
1144 1896 1289 1933 Tomai
1319 1897 1404 1933 sive
1435 1896 1631 1946 Tonmsi),
1665 1899 1733 1948 qui
1765 1898 1814 1936 ab

95 1951 248 2001 insigni
280 1963 359 2001 qua
390 1951 514 1988 fuisse
545 1951 633 2001 ipse
665 1950 858 2000 gloriatus
891 1949 970 1988 est¹
1002 1952 1042 1988 vi
1074 1953 1272 1990 memoriae
1308 1951 1484 2003 (scripsit
1523 1954 1642 1991 etiam
1676 1953 1814 1991 ‘Phoe-

95 2007 226 2044 11100111
256 2008 341 2044 sive
364 2007 416 2044 ad
448 2006 697 2044 artificialem
718 2007 950 2044 memoriam
972 2008 1285 2058 comparandam
1316 2009 1694 2060 introductionem’)
1728 2011 1815 2060 ipse

98 2064 141 2100 ‘a
162 2064 371 2101 memoria⁷
404 2076 553 2100 nomen
576 2063 748 2113 adeptus
771 2069 842 2110 est,
877 2064 917 2100 in
942 2064 1122 2113 epistolis
1147 2065 1195 2101 Ο.
1218 2065 1268 2102 V.
1291 2078 1331 2115 p.
1347 2063 1450 2103 2207
1472 2063 1589 2103 2653ι
1619 2080 1813 2104 memora—

94 2125 159 2156 tur
188 2125 345 2156 tantum
375 2119 493 2156 modo
527 2119 578 2156 ad
611 2119 915 2169 depingendam
946 2120 1158 2157 sollicitam
1188 2120 1425 2158 Hochstrati
1456 2121 1692 2168 invidiam²,
1727 2135 1814 2173 quae

93 2175 258 2212 Petrum
290 2189 339 2213 ex
362 2174 550 2221 Colonia,
584 2174 653 2212 ubi
684 2176 913 2226 primariam
943 2176 1040 2213 iuris
1063 2177 1296 2215 cathedram
1318 2191 1425 2215 anno
1451 2179 1570 2216 1506.
1594 2178 1814 2216 adscende-

93 2229 175 2269 rat³
208 2232 447 2282 ingentique
479 2231 679 2282 adplausu
703 2246 776 2282 per
797 2245 948 2270 annum
971 2232 1055 2270 fere
1078 2239 1117 2270 et
1137 2246 1208 2271 sex
1229 2247 1387 2271 menses
1409 2240 1614 2281 tenuerat,
1654 2235 1814 2272 excludi

95 2288 267 2326 feliciter
296 2288 527 2326 machinata
558 2295 618 2326 est
648 2301 742 2326 vere
774 2289 872 2325 anni
898 2286 1041 2326 1508.4
1062 2289 1158 2327 Vita
1186 2289 1303 2327 huius
1336 2290 1442 2328 docti
1463 2290 1812 2341 peregrinatorisss

183 2405 214 2445 1)
235 2405 280 2437 cf.
299 2404 499 2437 Schelhorn
518 2405 702 2439 Amoenitt.
721 2405 783 2437 XI.
803 2417 835 2447 p.
857 2406 908 2437 16.
928 2415 1004 2447 sqq.
1157 2405 1190 2446 2)
1216 2406 1263 2437 cf.
1283 2405 1522 2438 Conciliabul.
1543 2406 1812 2450 Theologistar.

181 2461 199 2499 ξ
219 2462 270 2496 10,
298 2459 416 2499 (Hutt.
437 2461 527 2503 Opp.
546 2461 605 2493 IV.
627 2472 659 2503 p.
677 2460 768 2502 578.)
795 2486 833 2502 ‚,.
850 2486 857 2493 .
873 2461 924 2493 sic
947 2462 1042 2493 enim
1068 2472 1135 2503 ego
1157 2460 1435 2505 [Hochstratus]
1457 2463 1513 2494 odi
1530 2465 1719 2496 ..Petrum
1743 2464 1812 2495 Ra-

178 2520 391 2557 vennatem,
415 2542 443 2550 ..
465 2518 551 2558 quia
567 2518 707 2549 invidia
725 2517 927 2549 stimulavit
944 2528 998 2549 me
1020 2542 1027 2548 .
1042 2517 1080 2550 .“
1175 2518 1208 2555 3)
1227 2519 1267 2550 A.
1288 2519 1384 2550 1506.
1404 2519 1450 2550 D.
1469 2519 1599 2550 Petrus
1617 2520 1812 2551 Ravennas

180 2572 208 2603 I.
223 2573 264 2604 V.
283 2573 328 2604 D.
348 2573 534 2614 egregius,
558 2576 588 2606 3.
608 2574 698 2615 Aug.
717 2573 852 2605 iuravit
876 2577 912 2605 et
938 2574 982 2605 ob
1008 2575 1252 2606 reverentiam
1276 2585 1441 2616 personae
1466 2576 1609 2607 nomine
1628 2575 1810 2607 Universi-

180 2628 269 2659 tatis
293 2629 485 2670 pecuniam
508 2629 810 2661 intitulandorum
834 2628 985 2662 remisi.'
1033 2629 1164 2662 Bianco
1189 2631 1243 2662 die
1259 2632 1326 2662 alle
1348 2631 1498 2663 Urzz'vers.
1518 2631 1621 2664 Ko‘ln.
1640 2632 1666 2665 Ι.
1684 2642 1717 2672 p.
1738 2632 1811 2662 146.

179 2683 213 2724 4)
244 2684 290 2718 cf.
314 2684 485 2726 Agrippae
516 2695 536 2715 a
564 2684 793 2724 Nettesheim
821 2685 924 2727 epist.
949 2696 1059 2727 supra
1089 2696 1172 2727 pag.
1197 2687 1272 2721 335,
1299 2690 1366 2718 art.
1391 2686 1571 2718 Caesarius
1603 2687 1809 2728 repetitam.

180 2741 213 2780 5)
240 2740 323 2782 Ipse
351 2740 394 2772 de
420 2750 458 2772 se
484 2740 521 2771 in
547 2739 707 2772 ‘Valete⁷
734 2752 768 2783 p.
791 2744 820 2773 1.
849 2740 1006 2783 ,‚Legi“
1034 2742 1086 2772 ait
1111 2751 1210 2783 „ego
1236 2742 1273 2772 in
1298 2741 1423 2773 multis
1442 2742 1747 2774 universitatibus
1775 2747 1811 2774 et

179 2795 297 2827 Italiae
324 2798 360 2827 et
379 2795 603 2828 Alemanniae
631 2801 667 2828 et
692 2797 758 2828 sub
784 2797 949 2829 doctrina
974 2807 1056 2829 mea
1080 2797 1185 2829 multi
1208 2798 1277 2830 viri
1303 2798 1514 2830 floruerunt.
1541 2797 1707 2830 doctrina
1732 2809 1810 2830 mea

178 2851 276 2883 lecta
303 2855 358 2883 est
384 2855 419 2884 et
444 2852 578 2893 legitur
602 2853 639 2883 111
663 2853 848 2885 nonnullis
875 2853 1177 2884 universitatibus
1203 2864 1257 2885 me
1285 2853 1402 2886 adhuc
1430 2854 1588 2889 vivente.
1620 2858 1675 2887 est
1700 2855 1810 2896 igitur

180 2908 395 2949 approbata.
445 2908 705 2940 Serenissimus
737 2909 831 2940 enim
863 2909 1034 2951 princeps
1059 2909 1206 2942 Elector
1230 2909 1448 2942 Fredericus
1476 2911 1514 2942 in
1540 2921 1606 2942 sua
1632 2911 1809 2943 universi-

181 2967 255 2995 tate
282 2961 641 3007 [Wittenbergensi]
668 2965 799 2996 statuit
830 2964 1004 2996 salarium
1036 2965 1174 3007 legenti
1205 2976 1287 2997 mea
1312 2965 1549 3007 compendia,
1598 2968 1646 2998 Et
1669 2969 1706 2998 in
1731 2968 1807 2999 uni·

178 3020 353 3052 versitate
389 3021 572 3062 Lypsensi
611 3021 680 3052 fuit
716 3020 814 3052 lecta
855 3023 953 3052 certo
991 3024 1172 3063 tempore,
1213 3021 1302 3054 licet
1339 3022 1452 3064 aliqui
1490 3022 1533 3054 de
1571 3024 1807 3056 universitate

179 3076 319 3108 invidia
344 3077 437 3109 forte
460 3077 547 3109 moti
572 3077 805 3119 impedierint
827 3076 1034 3118 legentem.
1062 3102 1068 3108 .
1096 3077 1134 3110 .“
