2119 3522
286 223 380 267 332
779 237 884 258 mnes
908 233 1160 265 Bioeaffffflcvs
1184 234 1226 255 ET
1250 233 1491 256 ONOMASTIGVS.

282 355 404 401 „eius
435 353 528 389 olim
558 349 857 399 condiscipulus
888 355 928 386 et
957 348 1164 398 popularis
1187 376 1196 385 .
1217 378 1224 386 .
1246 378 1253 385 .
1274 378 1281 385 .
1304 361 1460 386 rursum
1490 347 1694 398 relegatur
1714 361 1764 386 ex
1784 348 1990 386 academia

282 408 567 456 „Coloniensi.
626 406 690 442 Ita
721 418 843 454 opera
866 432 874 439 .
894 433 902 440 .
926 403 1136 441 Wilhelmi
1167 402 1333 442 Comitis
1364 404 1407 441 in
1437 403 1640 442 Newenar
1661 431 1670 441 .
1690 432 1698 440 .
1720 410 1987 454 promovetur,

282 470 361 512 „ut
390 463 631 513 suscipiatur
660 461 702 497 111
723 461 937 497 Rectorem
968 465 1007 497 et
1035 459 1345 510 gubernatorem
1373 459 1519 498 scholae
1544 460 1586 496 in
1607 459 1792 497 inferiori
1811 459 1989 498 Wesalia

282 519 524 567 „Clivorum
550 518 641 562 ..“‚
679 516 788 566 quod
817 528 961 553 munus
984 530 1020 554 a.
1042 516 1160 553 1516.
1183 516 1287 553 circa
1319 515 1424 553 diem
1455 516 1599 553 festum
1631 528 1661 554 s,
1684 515 1895 552 Michaelis
1927 529 1989 553 ca-

281 572 492 625 passivitffl,
526 572 598 610 sed
628 573 707 609 iam
739 571 776 609 d.
799 573 837 609 5.
858 570 954 620 Apr.
977 585 1012 609 a.
1038 571 1160 609 1518.
1185 570 1360 609 Caesario
1394 570 1604 609 Coloniam
1634 571 1772 608 scribit
1800 571 1991 608 Erasmus

281 629 436 677 „audio
457 628 675 666 Buschium
695 628 797 664 istuc
817 624 1076 665 1·ediisse“¹⁴.
1114 627 1195 665 Per
1216 640 1282 665 eos
1304 627 1390 665 fere
1411 640 1558 673 annos,
1581 626 1726 677 quibus
1747 626 1853 676 Epp.
1873 625 1922 664 O.
1939 627 1990 664 V.

280 686 438 735 scriptae
468 690 581 730 sunt,
613 683 810 720 Buschius
843 682 1022 721 Coloniae
1052 682 1279 721 habitabat:
1327 681 1427 720 Cum
1457 683 1647 720 Erasmus
1678 683 1769 719 Rot.
1793 687 1931 720 aestate
1952 696 1988 720 a.

285 741 402 778 1514.
426 754 476 778 ex
501 739 655 789 Anglia
681 739 883 777 Basileam
913 744 1057 789 petens
1090 738 1301 777 Coloniam
1338 738 1638 789 ingrederetur,
1679 737 1876 776 Buschius
1907 750 1991 776 car-

280 798 387 835 mine
400 794 422 815 ¹⁵
453 809 543 833 eum
574 795 752 845 excepit,
792 794 998 845 idemque,
1038 808 1127 832 eum
1154 795 1344 832 Erasmus
1375 795 1561 844 sequenti
1591 807 1699 832 anno
1729 794 1772 831 in
1800 792 1993 843 Angliam

280 856 568 897 reverteretur,
609 850 804 888 nundinis
842 851 978 888 vernis
1018 863 1106 888 cum
1142 864 1188 888 eo
1219 850 1528 901 Reuchlinoque
1558 849 1816 887 Francofurti
1848 863 1990 887 conve-

280 906 399 956 nit¹⁸;
441 914 480 945 et
509 908 589 944 iam
620 911 761 952 antea,
795 906 832 945 d.
853 908 918 944 30.
938 905 1050 956 Sept.
1071 907 1189 946 1514.
1212 906 1410 944 Buschius
1441 919 1527 952 „ex
1563 905 1715 944 aedibus
1746 906 1844 944 meis
1876 905 1991 943 Colo-

280 965 393 1001 11iae“
426 964 477 1001 ad
508 963 718 999 Erasmum
747 962 902 999 litteras
935 961 1103 999 dederat
1115 960 1151 1000 ¹⁷.
1222 961 1402 1000 Coloniae
1432 961 1631 999 Buschius
1671 975 1760 998 cum
1791 961 1885 999 diva
1913 962 1990 998 vir-

281 1021 375 1069 gine
407 1024 660 1069 comparatur
684 1016 880 1066 (p.ssO¹5),
914 1016 1164 1055 Schlauraffo
1194 1018 1410 1055 instantias
1441 1018 1538 1054 facit
1561 1014 1617 1065 (p.
1634 1022 1709 1052 203.
1725 1014 1870 1065 v.176.),
1904 1030 1993 1054 cum

282 1076 456 1114 Caesario
488 1074 690 1111 scholares
722 1079 761 1111 et
790 1074 997 1123 supposita
1029 1072 1200 1111 Ortvino
1224 1073 1364 1111 Gratio
1397 1072 1547 1111 abinde
1575 1072 1700 1110 trahit
1722 1068 1775 1122 (p.
1792 1070 1919 1121 258⁹),
1953 1077 1993 1110 et

281 1145 369 1168 011111
389 1131 592 1168 Vesaliam
615 1129 797 1175 abiisset,
831 1128 1025 1166 Ortvinus
1048 1128 1295 1167 Gerilambio
1321 1129 1502 1175 nuntiat,
1537 1128 1665 1178 ‘quod
1686 1127 1882 1165 Buschius
1910 1133 1992 1165 non

281 1193 341 1225 est
363 1187 540 1236 amplius*
553 1185 746 1223 Coloniae’
766 1184 891 1233 (1³:257
904 1182 961 1232 ¹⁶).
993 1185 1100 1222 Vere
1119 1199 1155 1223 a.
1174 1185 1292 1222 1518.
1311 1184 1523 1222 Coloniam
1544 1183 1721 1222 redierat
1737 1182 1990 1232 Buschius¹‘⁴;

279 1249 362 1280 tum
385 1243 531 1292 Spirae,
574 1254 620 1278 ac
640 1241 810 1278 Lutheri
839 1240 1021 1290 partibus
1053 1241 1259 1278 faventem
1289 1253 1376 1278 cum
1407 1240 1484 1278 hoc
1514 1241 1556 1277 111
1587 1245 1790 1278 conventu
1810 1239 1992 1277 Worma-

279 1299 399 1336 tiensi
420 1295 665 1346 πολύτροπον
685 1296 937 1347 Pasiphilum
969 1296 1310 1347 deprehendimus
1324 1294 1360 1342 ¹⁹,
1392 1295 1502 1333 unde
1532 1296 1676 1333 iterum
1705 1296 1932 1345 iterumque
1952 1296 1994 1333 in

281 1354 370 1392 aliis
402 1354 573 1404 aliisque
604 1352 854 1399 civitatibus,
889 1352 1037 1402 Spirae,
1070 1352 1312 1402 Moguntiae,
1345 1351 1652 1401 Heidelbergae,
1685 1350 1992 1401 Wittenbergae,

280 1417 436 1448 veteres
467 1415 628 1460 poetas,
662 1409 833 1446 maxime
856 1407 1107 1446 Christianos
1137 1409 1475 1459 interpretantem
1501 1407 1704 1454 audimus,
1739 1407 1868 1444 donec
1889 1407 1993 1444 Mar-

280 1466 493 1517 purgensis
524 1465 799 1503 universitatis
822 1464 970 1514 primus
992 1463 1248 1502 historiarum
1271 1465 1449 1514 art1sque
1471 1464 1638 1514 poeticae
1660 1463 1863 1513 professor
1882 1462 1996 1500 fieret

281 1537 316 1560 a.
339 1523 477 1568 1526„
510 1521 579 1558 ubi
610 1521 796 1570 sequenti
825 1533 933 1557 anno
965 1521 1230 1570 sexagenario
1262 1534 1344 1557 non
1375 1519 1499 1557 multo
1521 1519 1651 1557 minor
1675 1532 1841 1556 uxorem
1867 1517 1994 1558 duxit.

281 1577 347 1615 Ad
380 1578 695 1628 disputationem
726 1582 867 1614 contra
897 1575 1175 1626 anabaptistas
1207 1589 1230 1612 a
1260 1574 1648 1614 Monasteriensibus
1680 1580 1888 1621 evocatus,
1930 1574 1995 1612 die

282 1633 471 1683 27.Aug.
492 1634 610 1670 1533.
633 1632 1010 1678 vociferationibus,
1053 1646 1136 1669 non
1167 1631 1584 1682 argumentationibus
1622 1631 1750 1668 victus
1789 1631 1995 1681 tantisque

282 1689 432 1727 rabidae
463 1688 592 1739 plebis
624 1688 876 1726 contumeliis
906 1688 1106 1726 laceratus
1139 1695 1216 1734 est,
1249 1694 1293 1725 ut
1322 1700 1464 1725 maeror
1495 1701 1544 1725 ex
1574 1688 1756 1737 inquieto
1777 1686 1862 1724 viro
1884 1687 1994 1737 quie-

281 1752 364 1783 tum
396 1746 547 1782 faceret
577 1745 734 1782 Dulmae
766 1757 905 1781 mense
935 1743 1069 1794 Aprili
1101 1758 1135 1781 a.
1158 1741 1316 1782 1534.²⁰
1375 1743 1535 1794 Scripta
1564 1743 1747 1788 Buschii,
1787 1755 1876 1792 quae
1906 1756 1993 1793 per-

282 1802 406 1838 multa
442 1807 536 1838 sunt
573 1814 619 1838 ac
657 1814 844 1851 magnam
884 1806 1038 1850 partem
1077 1801 1196 1837 etiam
1225 1813 1334 1838 nunc
1364 1799 1470 1837 lectu
1499 1812 1694 1850 perquam
1725 1798 1869 1848 digna,
1912 1812 1995 1835 non

283 1857 416 1894 omnia
447 1856 719 1907 singularibus
750 1856 824 1894 sub
857 1857 941 1893 eius
971 1857 1134 1893 nomine
1157 1856 1275 1894 editis
1296 1855 1444 1893 libellis
1467 1855 1745 1901 continentur,
1779 1855 1850 1892 sed
1873 1854 1997 1892 multa

281 1914 451 1950 maxime
490 1913 668 1950 carmina
706 1912 1040 1950 commendaticia
1077 1913 1118 1949 in
1158 1912 1374 1963 aequalium
1403 1911 1516 1948 libris
1549 1917 1700 1949 extant.
1758 1910 1925 1948 Plenius
1958 1915 1997 1947 et

282 1969 527 2006 commodius
567 1982 685 2019 quam
726 1968 1014 2006 Burckhardus
1054 1968 1304 2006 Buschianos
1345 1968 1504 2005 libellos
1542 1972 1752 2005 enumerat
1786 1966 1996 2003 Erhardus

284 2027 416 2062 Gesclz.
435 2028 469 2061 (l.
493 2027 548 2061 W.
567 2027 602 2062 d.
624 2027 678 2062 W.
699 2024 778 2062 III.
797 2038 834 2075 p.
852 2025 903 2062 95
971 2026 1061 2062 108.
1111 2023 1175 2062 Cf.
1193 2024 1303 2062 Hain
1324 2025 1537 2075 Repertor.
1556 2028 1615 2061 n0.
1633 2024 1755 2060 4157.
1780 2028 1820 2061 et
1839 2022 1998 2060 Panzer

374 2192 428 2228 13)
445 2190 668 2222 Heidemann
687 2201 744 2232 ap.
759 2191 916 2223 Liessem
936 2201 969 2232 p.
982 2192 1036 2223 65.
1051 2200 1127 2232 sqq.
1231 2190 1286 2231 14)
1302 2190 1403 2221 Hutt.
1420 2190 1510 2232 Opp.
1526 2191 1553 2224 I.
1569 2200 1602 2231 p.
1620 2190 1681 2221 169
1690 2188 1730 2220 ²⁷.
1832 2189 1887 2230 15)
1904 2188 1998 2230 quod

373 2245 576 2277 Glareanus
596 2245 657 2277 ‘ex
675 2245 872 2288 depravato
892 2245 1036 2278 codiee'
1056 2245 1271 2288 exscriptum
1290 2246 1441 2277 Erasmo
1460 2245 1663 2277 transmisit
1680 2245 1716 2275 in
1735 2256 1790 2286 ep,
1806 2244 1838 2279 d.
1853 2245 1883 2276 5.
1900 2245 1997 2286 Sept.

374 2303 469 2335 1516.
485 2302 631 2342 scripta,
648 2312 726 2342 quae
740 2303 845 2333 estin
860 2302 1002 2333 Erasmi
1020 2303 1109 2342 Epp.
1127 2301 1242 2342 Lugd.
1255 2302 1351 2332 1706.
1364 2301 1425 2332 fol.
1436 2301 1542 2332 editis
1557 2299 1639 2331 coll.
1651 2301 1724 2331 197.
1735 2310 1809 2341 sqq.
1826 2305 1997 2334 n⁰.ccvu.

376 2357 430 2396 16)
450 2356 656 2398 H11tt.0pp.
676 2358 703 2391 Ι.
723 2368 755 2398 p,
769 2359 823 2390 44.
840 2357 922 2389 init.
1018 2357 1071 2396 17)
1087 2356 1142 2388 Cf.
1158 2366 1267 2397 supra
1282 2356 1414 2397 Consp.
1431 2356 1589 2387 chronol.
1607 2367 1640 2396 p.
1655 2357 1729 2387 134.
1825 2356 1880 2395 18)
1896 2356 1997 2387 Hutt.

373 2412 463 2454 Opp.
482 2413 508 2444 I.
530 2423 561 2453 p.
582 2411 692 2447 16925.
794 2414 848 2452 19)
869 2412 925 2447 Cf.
946 2412 1096 2444 Buschii
1114 2412 1159 2443 ad
1179 2412 1280 2443 Hutt.
1301 2422 1356 2453 ep.
1374 2411 1570 2443 Vormatiae
1589 2411 1621 2442 d.
1642 2412 1672 2445 5.
1690 2410 1777 2442 Mai.
1797 2412 1893 2442 1521.
1913 2411 1999 2442 scri—

374 2470 471 2509 ptam
489 2468 525 2498 in
544 2468 643 2502 Hutt.
661 2469 751 2509 Opp.
768 2468 815 2499 II.
835 2472 885 2501 n0.
903 2478 1116 2502 ccxxxxvn,
1136 2479 1169 2510 p,
1185 2468 1238 2499 62.
1255 2477 1308 2508 sq.
1424 2467 1480 2508 20)
1500 2467 1580 2498 Hoc
1605 2467 1638 2498 ei
1660 2466 1883 2508 epitaphium
1907 2467 1995 2498 scri—

374 2523 446 2564 psit
465 2524 601 2555 amieus
620 2523 758 2555 Cordus
783 2527 936 2556 exeunte
961 2525 1131 2566 sequenti
1154 2534 1248 2555 anno
1272 2522 1468 2555 defunctus
1488 2522 1613 2562 (Cordi
1631 2522 1722 2564 Opp.
1743 2523 1889 2564 poetica
1912 2533 1999 2554 cura

372 2579 569 2614 Meibomii.
595 2579 834 2611 Helmaestad.
854 2580 952 2614 1616.
971 2578 1018 2614 8⁰.
1037 2590 1069 2620 p.
1087 2579 1197 2619 524.):

596 2657 699 2689 Vidit
722 2660 763 2689 ut
786 2658 932 2689 insanos
959 2659 1057 2689 artes
1083 2656 1248 2699 iugulare
1274 2657 1446 2689 retinctos
1473 2654 1511 2700 [i.
1529 2667 1557 2688 e.
1577 2654 1827 2700 anabaptistas]

664 2714 711 2745 Et
735 2713 891 2755 patriam
916 2723 1060 2755 pessum
1085 2713 1263 2745 Buschius
1288 2713 1340 2745 ire
1366 2723 1475 2747 suam.

598 2769 627 2800 Ο
655 2770 706 2801 ait
731 2780 773 2801 ex
798 2770 880 2801 istis
906 2780 962 2801 me
986 2769 1152 2810 Iuppiter
1179 2779 1262 2801 erue
1288 2768 1421 2809 turbis,

664 2826 716 2857 Ne
741 2830 883 2858 tantum
907 2825 1050 2857 videam
1076 2824 1234 2857 dedecus
1261 2827 1369 2866 atque
1399 2824 1528 2859 scelus.

594 2881 683 2912 Tum
708 2881 830 2913 facilis
855 2891 966 2922 prono
992 2891 1107 2912 rerum
1133 2884 1237 2922 pater
1262 2881 1391 2912 annuit
1420 2891 1480 2913 ore

663 2937 858 2978 Dignaque
884 2937 1116 2979 promeritum
1143 2936 1293 2978 sumpsit
1318 2937 1354 2967 in
1380 2939 1479 2968 astra
1498 2946 1632 2968 senem.

600 2992 669 3022 Hic
695 2992 798 3024 modo
824 2992 985 3024 divinam
1012 2992 1129 3024 doctis
1154 2993 1379 3024 sermonibus
1405 2992 1524 3024 aulam

665 3046 819 3088 Mulcet,
851 3050 888 3079 et
913 3048 1091 3080 ambrosia
1115 3048 1277 3081 vescitur
1300 3048 1365 3080 ille
1390 3047 1492 3089 dape.
