2119 3522
87 258 158 280 EPP.
168 256 211 280 43.
219 256 261 280 44.
269 255 312 281 45.
327 258 357 280 Ο.
367 257 680 280 FLERSZKLIRDRIVS
693 257 793 280 ORTV.
803 266 847 270 -—
855 258 884 279 Ρ.
894 259 939 279 DE
954 257 1138 280 WORMATIA
1152 238 1250 279 OIiTv.
1260 264 1301 269 -·-
1310 257 1332 279 Ῑ.
1342 255 1574 278 GERILAMBIVS
1587 256 1686 290 QRTV.
1708 237 1732 282 7
1741 238 1767 282 2
1779 238 1800 282 l

86 316 171 356 Pag.
189 315 280 351 255.
1161 316 1247 356 Pag.
1261 317 1337 346 252.
1356 326 1386 347 v.
1401 321 1432 346 15
1450 339 1457 347 .
1472 339 1478 346 .
1494 340 1501 346 .
1520 315 1606 355 Pag.
1622 315 1698 346 256.
1716 325 1746 346 v.
1760 321 1803 346 3-1.

87 373 128 404 19
153 370 218 413 qui
242 370 326 404 bene
350 369 462 411 faeci,
487 369 572 403 bene
595 369 682 413 ibit]
714 368 799 403 lVer
827 373 892 413 yut
919 370 1053 412 (recht)
1079 369 1249 411 handen,
1281 369 1345 403 der
1368 372 1431 413 yut
1459 368 1628 403 wcmdelt.
1676 367 1804 402 Salvos

174 424 266 458 facis
290 426 482 469 sperantes
505 425 544 458 in
569 425 619 458 te.
654 424 790 459 Psalm.
808 437 878 459 XVI.
899 429 928 460 7.

85 484 127 515 23
152 481 203 515 sic
226 481 366 525 notavi]
393 481 479 514 inde
505 479 673 525 cognovi.

84 629 171 670 Pag.
188 628 279 664 256.
393 624 628 660 EPISTOLA
646 627 710 663 44.
748 625 935 660 PETRVS
953 626 1015 660 DE
1033 626 1306 661 WORMATIA
1325 626 1555 661 ORTVINO.

84 709 104 739 2
128 715 260 739 rnovum
278 705 409 739 librum
428 732 435 738 .
450 732 457 738 .
473 731 480 738 .
495 705 552 739 hic
576 705 784 749 impressus]
809 704 899 738 Erat
922 705 1052 748 procul
1077 705 1189 739 dubio
1215 705 1399 747 „Homeri
1417 705 1552 739 Iliados
1576 705 1662 739 libri
1687 705 1803 749 aliqui

173 772 241 805 per
264 761 383 795 Nicol.
404 761 449 795 de
475 760 582 795 Valle
607 760 724 794 latino
750 760 911 794 carmine
938 760 1074 794 redditi
1094 788 1123 795 ..
1139 788 1146 794 .
1166 761 1370 804 Impressus
1395 762 1450 794 est
1473 761 1542 795 iste
1567 761 1663 796 liber
1685 761 1802 796 Rome

173 817 210 850 in
237 816 346 851 domo
372 817 545 851 Iohannis
576 817 580 860 1
618 816 783 860 Philippi
809 815 854 850 de
879 815 1083 860 lingnamie
1109 818 1264 850 messan.
1282 815 1317 850 S.
1334 816 1377 850 D.
1395 816 1440 850 N.
1457 816 1649 851 familiaris
1672 817 1779 852 Anno
1802 819 1803 860 j

173 884 454 907 M.CCCC.LXX1111.
479 872 600 917 prima
631 872 690 906 die
721 871 857 905 mensis
881 871 1083 906 Februarii.
1109 872 1136 914 f.
1160 873 1248 906 min.
1273 884 1301 906 r.
1320 873 1370 906 elz.
1388 884 1414 907 s.
1432 873 1459 914 f.
1477 884 1504 907 0.
1523 876 1555 907 et
1573 883 1637 916 pp.
1655 885 1690 908 rt.
1707 876 1752 908 97
1767 874 1805 916 ff.

173 928 270 963 Hain
288 928 481 973 Repertor.
500 927 748 972 bibliograph.
766 939 801 961 n.
820 931 918 962 8780.

83 990 103 1020 3
128 995 188 1019 vos
212 985 414 1029 meliorare]
442 985 561 1018 artem
586 984 772 1028 poeticam
797 983 999 1028 perfectius
1025 983 1228 1018 addiscere.

82 1045 103 1076 4
127 1041 335 1084 αἰιᾱίεηύἰα]
362 1040 406 1074 cf.
424 1044 490 1075 223
505 1041 540 1074 ¹5.

83 1101 102 1131 6
127 1097 308 1132 Homerus
332 1097 373 1131 in
398 1097 510 1142 yreco]
537 1095 728 1140 prodierat
751 1094 948 1130 Florentiae
974 1107 1004 1130 a.
1026 1100 1122 1131 1488.
1140 1096 1201 1131 fol.
1228 1096 1273 1134 cf.
1294 1096 1392 1131 Hain
1410 1097 1602 1142 Repertor.
1621 1109 1656 1133 n.
1674 1102 1773 1134 8772.

84 1157 102 1187 7
129 1154 219 1197 quid
244 1153 333 1188 mihi
358 1164 438 1188 eum
463 1153 576 1197 yreco]
603 1152 648 1186 cf.
666 1152 713 1185 ad
737 1153 834 1186 2044.

87 1213 127 1244 13
153 1209 194 1243 X
219 1210 347 1254 armos]
374 1208 419 1243 cf.
436 1208 542 1242 Iliad.
559 1221 596 1242 11.
614 1212 689 1243 328.
708 1219 760 1252 sq.
777 1221 838 1242 im.
859 1212 909 1242 15.

86 1270 126 1300 15
152 1276 301 1309 campus
324 1265 585 1310 sanquinavit]
617 1264 722 1298 Il.1v.
740 1268 815 1298 451.
833 1277 904 1298 xm,
922 1268 998 1299 326.
1025 1263 1086 1309 ῥέε
1111 1262 1148 1299 δ’
1176 1266 1307 1310 αἵματι
1333 1270 1437 1311 γαῖα.
1455 1287 1498 1291 ——
1521 1264 1740 1311 πορφύρεον
1767 1265 1803 1302 δ’

175 1317 249 1366 ἄρα
267 1322 369 1366 κῦμα
388 1320 591 1360 Διιπετέος
615 1325 805 1366 ποταμοῖο
818 1316 959 1356 ”Iotat’
982 1317 1218 1366 ἀειρόμενον.

88 1382 127 1412 17
153 1378 287 1412 clamor
311 1377 533 1412 (audiebatur
557 1377 599 1410 in
624 1377 718 1420 ccezo]
745 1377 787 1410 Il.
804 1389 865 1410 ΧΗ.
885 1380 960 1411 338.
988 1372 1083 1421 ἀϋτὴ
1112 1374 1149 1412 δ’
1169 1374 1334 1422 οὐρανὸν
1354 1377 1447 1413 ἷκεν.
1469 1380 1507 1413 et
1530 1380 1672 1424 saepius.

86 1438 126 1468 18
151 1444 243 1469 onus
262 1434 418 1477 proiecit
444 1433 617 1477 lapidem]
650 1432 798 1466 Hector.
825 1432 930 1466 Iliad.
948 1445 1010 1467 xn.
1028 1436 1105 1467 445.
1124 1445 1201 1477 sqq.
1228 1434 1292 1468 sed
1316 1446 1390 1469 non
1417 1435 1613 1470 duodecim
1638 1435 1708 1470 viri
1732 1446 1806 1470 non

173 1491 325 1534 possent
349 1489 534 1531 elevare’,
561 1488 626 1522 sed
651 1485 718 1523 τὸν
744 1486 782 1523 δ’
808 1484 898 1523 οὔκε
918 1484 981 1523 δύ’
1003 1484 1113 1533 ἀνέρε
1140 1489 1264 1533 δήμου
1283 1487 1421 1534 ἀρίστω
1437 1488 1614 1535 Ῥηϊδίως
1633 1489 1691 1526 ἐπ’
1712 1487 1806 1536 ἅμα·

177 1547 246 1588 ξαν
265 1542 332 1580 ἀπ’
360 1541 501 1585 οῧὸεως
527 1540 758 1589 ὀχλίσσειαν.

87 1606 127 1636 19
153 1613 264 1646 equus
288 1602 425 1645 incepit
449 1602 549 1645 loqui
574 1604 605 1635 et
623 1601 910 1646 prophetizavit]
936 1600 1114 1635 Xanthus.
1141 1601 1244 1636 Iliad.
1262 1606 1428 1637 X1x.404.
1446 1614 1526 1647 sqq.

333 1690 571 1726 EPISTOLA
596 1692 662 1728 45.
703 1690 954 1725 IOHANNES
981 1690 1311 1726 GERILAMBIVS
1338 1692 1567 1727 ORTVINO.

85 1775 128 1805 24
156 1771 413 1815 Gerilambius]
440 1771 471 1803 A
495 1781 557 1815 yer
583 1769 703 1813 (Giety
730 1770 806 1804 sive
831 1770 892 1814 ger
908 1787 952 1798 =
968 1770 1093 1813 hasta,
1121 1772 1159 1805 et
1183 1771 1276 1805 lamb
1303 1772 1493 1815 (Lamm)?

85 1830 127 1861 26
152 1827 232 1861 Am.
251 1827 293 1860 irc
317 1837 390 1861 nee.
402 1827 519 1870 proh]
546 1826 632 1860 Den
649 1826 806 1860 Fremzcl
832 1827 980 1860 ert-enm
1003 1838 1090 1860 man
1114 1828 1155 1861 in
1182 1828 1245 1861 cler
1260 1827 1372 1870 Noth,
1396 1828 1617 1872 parcemium
1642 1829 1806 1862 omnium

175 1883 252 1917 fere
283 1883 507 1927 linguarum.
556 1883 599 1916 In
625 1882 855 1917 Germanicis
886 1882 983 1916 ludis
1009 1882 1232 1917 Saturnalib.
1273 1883 1367 1917 Rem
1398 1883 1524 1925 fremat
1548 1885 1697 1919 erkemzt
1720 1896 1807 1919 onan

174 1940 217 1973 in
242 1939 306 1973 der
331 1939 412 1980 mit,
443 1939 478 1973 ir
503 1939 571 1983 qen
594 1939 661 1973 wol
684 1939 842 1974 Inmclert
873 1938 948 1981 auf
974 1939 1033 1972 ein
1064 1938 1124 1972 lot.
1166 1939 1332 1973 Wander
1355 1939 1382 1972 Ι.
1405 1950 1490 1983 pag.
1511 1944 1611 1982 1174,
1630 1950 1672 1975 58.
1719 1940 1806 1975 Pro—

175 1995 278 2029 verb.
296 2006 366 2029 mv.
384 1999 437 2029 20.
456 1996 494 2029 et
509 2008 581 2029 x1x.
599 1999 630 2029 4.
649 1999 679 2030 6.
699 1995 851 2037 „Amici
870 1994 1028 2029 divitum
1046 1994 1165 2028 multi.
1214 1994 1362 2029 Divitiae
1380 1995 1524 2029 addunt
1540 1996 1676 2030 amicos
1692 1996 1806 2041 pluri-

175 2062 265 2086 mos.
292 2051 413 2085 Amici
437 2052 523 2084 sunt
547 2051 644 2085 dona
668 2051 904 2086 tribuentis.“
929 2050 1072 2084 Erasmi
1096 2049 1214 2095 Adag.
1232 2055 1331 2086 4505.
1355 2051 1534 2093 „Amicus
1559 2053 1681 2086 certus
1704 2053 1742 2087 in
1767 2064 1806 2087 re

176 2107 320 2142 incerta
349 2107 514 2141 cernitur
539 2134 546 2141 .
573 2118 618 2141 ex
648 2107 778 2142 Ennio.
832 2106 961 2141 Frater
997 2107 1035 2140 in
1073 2107 1252 2151 angustiis
1287 2107 1476 2151 probatur.
1508 2107 1705 2142 Hebraei.“
1754 2109 1806 2143 Id.

178 2167 276 2198 3504.
301 2162 505 2206 „Felicitas
535 2163 672 2197 multos
701 2163 816 2197 habet
847 2163 993 2197 amicos,
1020 2158 1190 2207 Εὐτυχιά
1221 2161 1442 2207 πολύφιλος.
1489 2163 1604 2197 Pauci
1634 2164 1673 2198 in
1697 2165 1807 2199 rebus

181 2219 347 2254 adversis
373 2218 438 2252 fidi
462 2219 649 2253 mortales.
674 2218 848 2254 Pinda1·.“

87 2281 130 2312 27
154 2276 291 2311 habetis
315 2275 523 2310 memoriam
547 2276 628 2320 mei]
654 2276 729 2309 mei
754 2276 800 2309 sis
825 2287 976 2310 memor.

127 2332 353 2376 presentium
371 2331 477 2375 lator]
504 2331 598 2365 Tum
616 2332 658 2365 ut
674 2331 784 2366 hodie
808 2332 1065 2377 Ueberbri‘nyer
1083 2332 1208 2375 dieses,
1234 2332 1298 2376 qui
1314 2332 1380 2366 has
1404 2332 1474 2366 tibi
1498 2332 1631 2368 reddet
1654 2333 1805 2368 litteras.

57 2425 60 2428 ,
89 2393 130 2423 29
155 2388 275 2430 faeere
299 2388 348 2422 ad
372 2388 657 2433 mziversitatem]
684 2388 760 2430 auf
777 2389 837 2423 die
859 2388 1083 2423 Universits'it
1107 2390 1217 2431 thzm,
1242 2389 1284 2422 ut
1308 2400 1341 2422 v.
1356 2392 1409 2423 32.
1426 2389 1548 2424 faeere
1574 2389 1621 2423 ad
1645 2390 1805 2433 bursam,

178 2444 220 2479 in
245 2444 305 2479 die
328 2444 449 2479 Burse
473 2444 574 2478 thura.
610 2444 759 2479 mittere
786 2445 849 2487 ad,
876 2445 1120 2479 committere.

89 2505 132 2536 30
155 2501 217 2535 via
242 2500 491 2545 cmtiquorum]
517 2500 774 2535 nominalistae.
806 2501 850 2535 cf.
869 2501 916 2535 ad
932 2503 1021 2536 47¹⁷.

90 2562 131 2592 32
157 2558 302 2592 bursam
334 2556 474 2591 Montis
502 2583 510 2591 .
540 2584 546 2590 .
576 2557 639 2590 via
666 2556 806 2601 Thom]
849 2558 893 2592 cf.
911 2557 957 2592 ad
982 2558 1039 2591 7³5
1057 2558 1095 2591 et
1111 2558 1183 2591 24¹.
1223 2557 1406 2600 Montani,
1432 2558 1456 2592 i.
1474 2569 1504 2592 e.
1528 2557 1648 2593 bursae
1672 2557 1808 2592 Montis

180 2613 331 2655 alumni,
349 2612 560 2655 Thomistae‚
577 2612 828 2655 Laurentiani‚
848 2613 871 2649 i.
891 2624 920 2647 e.
938 2613 1058 2647 bursae
1074 2613 1265 2647 Laurentii
1283 2613 1433 2656 alumni,
1461 2614 1672 2648 Albertistae
1692 2615 1808 2649 erant.

180 2669 225 2704 cf.
242 2668 388 2704 Bz'anco
407 2668 531 2703 Gesch.
550 2669 614 2703 cler
638 2669 736 2702 alten
758 2668 983 2703 Universz'tc'it
1001 2669 1115 2703 Ko‘ln.
1132 2668 1158 2702 Ι.
1176 2681 1211 2713 p.
1229 2673 1304 2704 255.

91 2731 134 2762 33
158 2726 220 2760 ille
243 2726 375 2770 rector]
402 2725 623 2759 Valentinus
653 2724 698 2758 de
731 2723 995 2767 Geltersheim,
1028 2725 1282 2769 superiorista,
1316 2725 1339 2759 i.
1359 2736 1389 2759 e.
1410 2726 1651 2768 Oberlc‘mder,
1676 2725 1809 2760 Wirci-

180 2781 374 2826 burgensis
398 2780 555 2823 Franco,
589 2791 620 2814 a.
640 2783 736 2814 1516.
756 2781 862 2823 (nam
886 2780 956 2814 hoc
983 2791 1096 2822 anno,
1128 2782 1327 2825 postquam
1358 2780 1559 2816 Buschium
1590 2781 1811 2825 expulerant

182 2836 429 2878 Colonienses,
456 2848 491 2880 p.
510 2837 623 2878 25716,
650 2836 788 2880 scripta
806 2837 861 2870 est
876 2836 954 2871 haec
973 2837 1057 2880 ep.),
1084 2835 1300 2871 Montanam
1324 2837 1474 2871 bursam
1490 2837 1597 2871 rexit.
1628 2837 1809 2871 Novimus

182 2893 413 2937 captatorem
431 2892 679 2926 studiosorum
697 2903 742 2926 ex
760 2903 817 2936 ep.
831 2892 876 2926 Π.
892 2896 944 2926 29.
970 2892 1014 2926 cf.
1032 2891 1110 2925 Iud.
1124 2892 1241 2936 biogr.
1259 2904 1294 2936 p.
1310 2896 1384 2927 377.
1400 2904 1451 2936 sq.
1467 2893 1536 2927 art.
1551 2891 1810 2927 Geltersheim.

93 2953 135 2984 34
160 2949 240 2992 diff.
263 2949 360 2982 inter
386 2947 506 2982 Thom.
531 2951 562 2982 et
587 2948 737 2992 Albert]
773 2948 860 2990 Quae
891 2948 1097 2992 sequuntur
1127 2947 1363 2990 differentiae,
1395 2949 1426 2982 si
1455 2949 1556 2982 recte
1588 2948 1715 2991 video,
1749 2949 1808 2983 de-

183 3005 339 3049 sumptae
370 3004 456 3038 sunt
486 3015 530 3038 ex
560 3004 674 3048 ipsius
701 3003 857 3038 Gerar-di
889 3004 934 3038 de
966 3003 1093 3038 Monte
1121 3004 1162 3048 [†
1179 3008 1209 3039 9.
1228 3004 1322 3039 NOV.
1341 3015 1372 3039 a.
1391 3006 1518 3050 1480.]‚
1552 3016 1573 3039 a
1597 3015 1670 3048 quo
1700 3005 1811 3039 bursa

182 3061 320 3096 Montis
344 3071 479 3094 nomen
505 3060 659 3105 accepit,
686 3060 842 3105 scriptis,
869 3071 950 3104 quae
968 3060 1046 3104 ipse
1072 3072 1144 3094 non
1163 3061 1251 3104 vidi,
1278 3061 1323 3095 ab
1342 3060 1554 3095 Hartzhem.
1573 3060 1666 3094 Bibl.
1686 3060 1810 3095 Colon.

144 3130 233 3151 nvwr.
252 3130 318 3150 01‘11.
336 3130 438 3150 svprr..
458 3130 488 3150 n.
1499 3120 1541 3150 46
