2119 3522
756 189 931 211 BERNENSE
955 190 1089 213 scnnvs.
1687 179 1781 223 309

66 310 192 332 versus
216 300 361 333 habent.
410 301 502 344 Typi
520 312 554 342 q.
570 312 603 334 v.
617 301 752 337 Latini„
800 301 866 334 Est
887 302 982 336 inter
1004 302 1116 336 libros
1135 314 1244 337 meos.
1288 307 1474 349 Excerpta
1499 318 1542 340 ex
1569 305 1638 342 h'oc
1654 309 1782 343 libello

64 356 163 388 infra
185 355 382 389 dedimus*.
559 360 574 375 ⁶

153 478 185 522 ⁵⁵)
203 480 318 513 Foliis
336 482 367 513 7.
386 483 422 512 et
439 490 517 522 sqq.
535 479 654 513 libelli
671 480 714 512 de
734 484 905 523 quattuor
922 481 1173 515 haeresiarchis
1190 485 1269 517 haec
1285 485 1472 528 leguntur:

332 533 364 570 (l
380 536 527 569 Infoelix
546 539 715 578 quattuor
731 538 975 570 hereticorum
994 538 1130 570 ordinis
1148 541 1421 584 Predicatorum
1438 543 1592 575 historia

760 596 796 625 et
812 594 978 625 inaudita
1002 596 1176 629 narratio.

151 646 184 683 (I
208 648 312 680 Anno
336 648 382 680 ab
407 648 660 680 incarnatione
691 648 825 681 domini
853 650 968 681 nostri
991 650 1076 682 Iesu
1101 650 1238 684 Christi
1266 653 1460 686 millesimo
1485 655 1777 697 quingentesimo

149 706 303 746 septimo
327 705 363 736 in
387 705 537 736 civitate
555 704 735 735 Bernensi
752 705 1000 737 Lausanensis
1025 705 1181 739 diocesis
1206 708 1402 749 pullulavit
1425 713 1461 742 et
1485 715 1611 744 exorta
1636 716 1690 744 est
1714 713 1775 745 hc-

149 762 240 793 resis
258 761 414 793 omnium
432 760 542 801 plane
559 760 800 800 nequissima,
819 770 891 802 qua
908 760 1011 792 nulla
1028 762 1145 793 maior
1163 763 1280 794 audiri
1298 765 1436 806 potuit,
1460 766 1524 798 sed
1542 777 1659 808 neque
1680 769 1776 809 cogi-

149 817 232 848 tari.
289 815 401 847 Cuius
431 816 573 856 quidem
604 815 861 856 perversitatis
891 819 926 847 et
955 816 1108 860 audacie
1139 822 1304 851 auctores
1334 820 1436 852 fuere
1467 822 1615 862 quidam
1645 824 1778 857 fratres

148 872 283 905 ordinis
301 871 581 904 Praedicatorum
599 871 641 902 de
661 871 898 903 observantia
915 876 1204 914 nuncupatorum
1223 900 1326 907 .....

328 924 360 961 (1
377 927 582 970 ΧἫςειῐιᾶηε
599 927 696 959 Wirt
719 929 794 959 tam
812 927 943 971 misere
959 930 1089 961 messis
1108 931 1367 963 sementarium
1386 934 1423 963 et
1440 934 1597 966 occasio.

147 982 180 1019 (I
193 985 248 1018 Ne
267 987 386 1015 autem
404 994 501 1016 vana
519 994 582 1025 spe
600 983 773 1015 lectorem
792 984 1028 1026 demoremur,
1046 985 1277 1029 infelicitatis
1296 998 1419 1020 eorum
1436 988 1625 1021 historiam
1644 990 1777 1025 dicam.

144 1040 350 1083 WVigandus
375 1039 521 1081 quidam
545 1040 603 1071 cui
628 1043 867 1082 cognomento
884 1041 980 1072 Wirt
1002 1051 1133 1074 nomen
1152 1045 1248 1084 erat,
1273 1054 1460 1076 sacrarum
1477 1044 1680 1078 litterarum
1698 1058 1777 1089 pro-

145 1098 280 1138 fessor,
308 1099 346 1128 et
368 1096 544 1139 magister
567 1096 703 1127 ordinis
724 1097 997 1139 Predicatorum
1023 1097 1067 1130 de
1092 1098 1344 1141 observantia,
1373 1101 1430 1132 vir
1453 1101 1559 1133 vafer
1584 1105 1620 1133 et
1646 1103 1776 1145 audax,

145 1154 204 1185 cui
228 1163 307 1184 curn
332 1153 369 1184 in
386 1152 656 1194 Francpfordia
681 1151 841 1184 officium
863 1157 961 1185 esset
982 1154 1248 1197 predicationis
1267 1156 1513 1199 commissum,
1539 1159 1663 1191 nescio
1689 1161 1775 1201 quid

144 1209 368 1241 titillationis
385 1207 445 1240 vel
463 1208 681 1240 suscitabuli
698 1218 778 1241 cum
797 1209 958 1241 eiusdem
976 1210 1139 1243 civitatis
1156 1210 1314 1253 plebano
1332 1212 1555 1255 incenderit,
1583 1217 1618 1246 et
1634 1216 1672 1247 in
1691 1227 1774 1248 con-

143 1265 375 1297 tumeliarum
399 1264 520 1296 focum
543 1265 794 1306 inflammarit,
819 1265 980 1308 publicis
1006 1276 1146 1308 quoque
1165 1267 1490 1309 praedicationibus
1507 1270 1581 1302 suis
1598 1271 1772 1314 multipli-

142 1322 277 1354 catiore
301 1322 510 1362 contemptu
535 1330 578 1351 ac
602 1321 795 1362 procacius
820 1331 926 1363 quam
949 1322 1164 1364 religiosum
1189 1327 1224 1355 et
1249 1324 1364 1356 divini
1387 1326 1490 1358 verbi
1514 1328 1772 1361 seminatorem

141 1379 272 1410 deceat
295 1376 519 1418 impulsarit‚
545 1377 697 1418 viroque
720 1377 773 1409 ita
799 1377 909 1409 bilem
934 1380 1048 1410 movit
1072 1381 1108 1410 et
1131 1379 1316 1411 choleram
1340 1381 1458 1423 auxit,
1484 1385 1524 1413 ut
1548 1386 1584 1415 et
1605 1384 1686 1426 ipse
1710 1395 1772 1426 pa-

140 1434 211 1466 lam
227 1434 265 1465 in
284 1433 522 1465 concionibus
542 1433 617 1464 suis
635 1433 681 1465 ad
697 1433 923 1477 plebeculam
941 1445 1006 1476 sue
1026 1432 1109 1478 cure
1127 1435 1310 1467 subditam
1331 1436 1550 1471 reclamaret
1570 1443 1605 1472 et
1621 1442 1771 1473 verbum

140 1491 251 1523 verbo
281 1489 518 1532 rependeret,
544 1489 755 1530 similesque
778 1490 898 1531 vices,
925 1490 954 1521 si
978 1500 1049 1522 non
1073 1492 1246 1533 maiores,
1272 1492 1485 1525 refunderet
1490 1518 1588 1528 .....
1619 1497 1769 1537 quis...

141 1557 213 1579 11011
233 1546 468 1579 vehementer
484 1545 622 1586 doleat,
649 1545 792 1587 quando
812 1547 857 1578 ab
875 1546 932 1578 his
949 1557 1014 1588 per
1032 1557 1119 1589 quos
1139 1547 1357 1581 erudiendus
1376 1553 1431 1582 est
1449 1550 1587 1583 Christi
1602 1552 1766 1594 populus,

139 1607 213 1635 tam
236 1602 463 1644 impudenter
485 1603 600 1633 cernit
623 1602 869 1634 scandalisari
891 1603 1013 1645 potius
1044 1613 1149 1645 quam
1177 1604 1329 1646 erudiri,
1353 1607 1671 1649 meretriciterque
1696 1619 1769 1640 mu-

138 1659 211 1691 tuis
236 1657 468 1691 contumeliis
490 1658 543 1690 516
562 1657 707 1700 publice
731 1659 927 1691 convitiari
944 1670 986 1691 ac
1005 1660 1200 1702 insultare,
1225 1661 1261 1693 id
1280 1671 1422 1703 quoque
1442 1663 1623 1705 copiosius
1640 1675 1769 1707 perpe-

137 1719 236 1748 trare
266 1714 360 1756 quod
388 1715 426 1745 in
448 1714 605 1746 subditis
628 1715 745 1746 acrius
770 1716 950 1757 arguunt?
995 1716 1199 1758 wigandus
1229 1720 1353 1750 autem
1382 1718 1446 1751 ille
1471 1722 1596 1752 noster
1621 1731 1701 1753 cum
1725 1732 1769 1754 ex

137 1771 351 1813 quibusdam
371 1771 574 1813 accepisset
592 1781 630 1803 se
649 1780 791 1812 quoque
810 1771 992 1813 lacessiri,
1016 1772 1292 1816 reclamareque
1309 1775 1507 1817 plebanum
1526 1777 1604 1809 eius
1623 1778 1766 1811 concio-

136 1838 218 1869 nes,
244 1828 280 1859 in
303 1828 451 1869 propria
474 1838 630 1869 persona
653 1829 784 1859 statuit
803 1828 956 1860 eundem
971 1829 1142 1870 visitare,
1168 1832 1280 1872 utque
1297 1831 1416 1863 videri
1433 1835 1558 1874 posset
1575 1834 1621 1865 ab
1642 1844 1702 1876 eo,
1727 1835 1765 1867 111

136 1884 270 1916 faciem
294 1883 370 1915 eius
396 1884 544 1916 astabat
568 1893 675 1924 quam
698 1885 991 1927 presentissime,
1026 1888 1178 1927 paratus
1208 1887 1335 1920 audire
1365 1889 1506 1930 siquam
1533 1889 1706 1922 iniuriam
1731 1892 1765 1924 ei

135 1941 228 1972 foret
246 1940 483 1982 irrogaturus.
522 1941 592 1980 Qui
609 1941 828 1983 presentiam
847 1944 923 1972 tam
941 1942 1171 1974 temerariam
1188 1942 1285 1975 ferre
1302 1953 1375 1976 non
1391 1945 1521 1977 valens
1539 1945 1608 1978 hoc
1627 1956 1665 1978 se
1684 1947 1764 1978 irri-

133 1996 205 2028 tari
227 1996 455 2038 prospiciens
477 1995 590 2028 bilem
614 1997 740 2037 movit,
769 2007 994 2039 excusseque
1019 2000 1104 2029 sunt
1120 1998 1158 2030 in
1176 1999 1363 2031 cerebrum
1380 2001 1532 2033 flammae
1549 2002 1700 2044 furoris,
1729 2007 1764 2035 et

133 2053 202 2084 duo
225 2052 384 2084 convitia
407 2052 446 2083 in
469 2055 690 2094 praesentem
707 2053 927 2094 lVigandum
950 2053 1071 2095 palam
1097 2054 1240 2096 effudit,
1268 2056 1363 2098 quod
1386 2057 1527 2089 scilicet
1553 2069 1596 2090 ex
1615 2068 1762 2091 numero

133 2118 171 2140 se
199 2119 271 2140 nou
300 2118 380 2140 esse
403 2108 581 2149 gauderet
604 2109 665 2150 qui
688 2108 889 2141 Henricum
912 2110 1169 2152 imperatorem
1193 2112 1317 2144 toxico
1343 2116 1406 2145 aut
1428 2117 1612 2146 venenato
1637 2125 1761 2148 sacra-

132 2167 253 2197 mento
277 2164 511 2200 occidissent,
559 2165 730 2197 Taxabat
752 2165 908 2198 secundo
933 2176 994 2198 eos
1019 2169 1056 2199 et
1080 2168 1287 2209 momordit,
1314 2169 1376 2211 qui
1397 2169 1499 2201 nulla
1516 2171 1606 2203 satis
1623 2172 1762 2204 festiva

131 2221 442 2254 commendatione
472 2222 649 2253 sertulum
683 2231 845 2254 rosarum
875 2223 992 2265 Marie
1022 2224 1177 2265 virginis
1213 2224 1387 2257 extollere
1422 2230 1592 2268 possunt,
1640 2229 1761 2260 ausint

131 2280 255 2309 tamen
279 2280 477 2320 conceptus
500 2278 577 2310 eius
605 2278 778 2320 originali
800 2279 945 2310 macula
974 2278 1178 2322 defoedare,
1207 2281 1332 2323 sicque
1354 2281 1512 2324 idipsum
1534 2283 1662 2315 Mariae
1687 2295 1761 2316 ser-

131 2333 243 2365 tulum
274 2337 309 2365 et
339 2333 478 2365 crinale
508 2334 640 2365 canino
668 2334 738 2367 hoc
765 2335 913 2367 flosculo
937 2336 1130 2378 originalis
1152 2336 1278 2369 delicti
1307 2338 1518 2381 deturpare,
1550 2339 1760 2383 foedamque

129 2400 248 2422 rosam
272 2390 366 2422 hanc
390 2391 426 2421 in
450 2393 557 2434 tante
568 2392 722 2433 virginis
741 2402 911 2424 coronam
929 2392 1133 2434 implicare.
1183 2393 1321 2433 Quibus
1340 2405 1362 2426 a
1378 2394 1547 2437 Vigando
1566 2395 1702 2428 auditis
1721 2397 1759 2428 in

130 2447 241 2478 totius
270 2446 396 2489 populi
426 2447 590 2478 contuitu
617 2448 829 2489 plenissimo
857 2449 971 2480 boatu
1001 2449 1219 2482 reclamavit
1248 2450 1389 2491 dicens,
1423 2451 1624 2494 ‘mentiris,
1654 2457 1690 2485 et
1718 2456 1759 2485 ut

129 2502 312 2534 hereticus
329 2503 408 2534 haec
426 2502 514 2534 ficta
533 2503 724 2546 expuisti’.
771 2505 906 2537 Hausit
922 2505 1026 2548 plebs
1045 2509 1168 2548 cetera
1185 2505 1471 2549 displicentiam,
1500 2511 1536 2539 et
1554 2518 1659 2549 quam
1677 2520 1758 2551 gra-

129 2558 225 2590 viter
242 2559 491 2590 scandalisata
510 2563 576 2592 est.
623 2561 743 2592 Fuere
769 2572 811 2593 ex
830 2562 958 2594 amicis
975 2562 1138 2604 plebani,
1161 2565 1237 2594 tum
1262 2564 1372 2594 etiam
1393 2574 1437 2595 ex
1454 2564 1511 2596 his
1529 2565 1590 2606 qui
1607 2575 1670 2597 suo
1689 2565 1757 2597 Pa-

128 2615 219 2646 stori
249 2617 285 2646 et
312 2616 448 2647 rectori
476 2616 669 2648 astandum
696 2618 895 2659 putabant,
933 2618 1173 2659 ferebantque
1201 2619 1366 2660 sinistre,
1403 2622 1444 2650 ut
1473 2620 1596 2652 verbis
1632 2631 1754 2652 eorum

128 2673 287 2711 utamur,
314 2671 536 2703 cucullatum
559 2673 775 2705 monachum
798 2674 836 2705 in
859 2677 935 2705 tam
956 2674 1095 2717 inclyte
1118 2675 1282 2707 civitatis
1305 2675 1443 2717 insigni
1465 2678 1501 2707 et
1519 2676 1673 2718 capitali
1690 2687 1755 2718 pa-

127 2726 252 2759 rochia
280 2730 385 2758 tanta
413 2729 673 2770 temeravisse,
705 2740 749 2761 ac
779 2730 817 2761 in
842 2740 964 2762 eorum
987 2733 1233 2772 contemptum
1256 2730 1496 2773 reclamasse,
1527 2735 1752 2776 mortemque

128 2783 161 2815 ei
187 2782 317 2814 minati
340 2786 423 2815 sunt
452 2793 677 2826 quocumque
703 2785 927 2818 divertisset.
983 2786 1062 2826 Quo
1088 2786 1212 2818 audito
1234 2787 1349 2818 vitam
1372 2787 1461 2830 fuga
1485 2788 1658 2821 salvavit.
1706 2789 1754 2822 At

125 2840 259 2871 mansit
277 2839 353 2871 alta
378 2842 498 2871 mente
521 2843 706 2882 repostum
728 2842 903 2873 iudicium
927 2844 962 2874 et
986 2852 1140 2875 censura
1162 2842 1362 2885 pulpitaria
1379 2843 1531 2886 plebani
1547 2845 1754 2888 francpfor—

125 2896 242 2937 diani,
272 2898 419 2938 tamque
449 2897 644 2938 insigniter
671 2907 710 2929 se
739 2897 836 2940 lesos
864 2909 1011 2942 romane
1035 2898 1129 2940 sedi,
1160 2899 1223 2931 sed
1250 2899 1524 2942 intelligentius
1552 2904 1589 2933 et
1615 2902 1751 2944 verius,

125 2962 271 2995 romane
293 2953 390 2984 sedis
415 2954 664 2986 conservatori
680 2954 870 2996 conquesti
886 2957 986 2997 sunt,
1014 2955 1172 2998 querelis
1190 2955 1289 2988 haud
1306 2956 1463 2989 minimis
1483 2959 1609 2990 contra
1624 2958 1750 3000 pleba-

124 3010 208 3040 1111111
231 3008 429 3052 impositis,
461 3010 635 3051 quomodo
658 3010 790 3043 nedum
811 3010 850 3043 in
876 3021 1070 3054 personas,
1101 3011 1166 3044 sed
1193 3012 1306 3045 totius
1333 3012 1472 3045 ordinis
1498 3014 1749 3057 integritatem

1777 3089 1811 3114 Q
