2119 3522
266 205 362 249 460
761 219 865 241 mnsx
891 215 1141 239 BIOGRAPmcvs
1166 216 1207 237 ET
1232 214 1474 238 ONOMAsncvs.

269 337 453 375 Ceterum
485 348 533 372 ex
556 333 775 384 Cyrillanis
805 330 1028 382 prophetiis
1059 329 1168 380 apud
1199 329 1299 366 rude
1319 328 1462 379 volgus
1493 342 1539 366 eo
1570 329 1727 367 facilius
1751 329 1905 381 Oyrilla
1933 335 1971 368 et

267 393 375 429 Rilla
405 391 491 428 fieri
521 390 662 440 potuit,
698 387 807 438 quod
837 387 990 423 nomini
1022 385 1164 424 sibilla
1197 383 1322 436 (quod
1353 385 1497 436 saepius
1529 384 1686 437 Sybilla
1716 398 1835 437 quam
1865 392 1972 423 recte-

268 447 423 498 Sibylla
455 440 704 494 scribebant)
738 443 968 481 adsonaret.

265 541 633 579 ROTBVRGENSIS,
674 533 881 582 magister,
922 532 991 581 qui
1025 531 1268 581 ‘composuit
1297 544 1423 574 unum
1459 530 1602 567 librum
1641 529 1746 567 bene
1778 531 1820 567 in
1850 531 1971 581 triplo

265 593 321 628 ita
351 604 541 640 magnum
572 590 674 626 sicut
705 594 764 626 est
794 587 989 638 Virgilius
1020 588 1062 624 in
1094 585 1277 624 omnibus
1308 587 1389 623 suis
1422 585 1628 636 operibus’
1663 584 1712 634 (p.
1729 583 1848 635 27²²),
1889 599 1972 623 non

267 652 326 684 est
363 646 540 683 Ioannes
580 644 719 682 Brand
757 643 1126 693 Rotenburgensis,
1167 642 1382 692 theologiae
1420 642 1642 692 professor,
1684 642 1752 692 qui
1792 655 1825 680 a.
1851 642 1970 679 1478.

265 708 396 740 rector
432 701 706 738 universitatis
744 700 987 750 Lipsiensis,
1030 713 1065 736 3.
1092 699 1210 736 1482.
1235 698 1412 735 decanus
1451 697 1604 735 ordinis
1643 697 1973 748 philosophorum

266 758 342 795 fuit
380 763 642 807 mortuusque
682 762 741 793 est
779 770 814 794 a.
840 753 993 804 1493.¹;
1034 768 1167 805 neque
1204 753 1554 803 Rotenburgensis
1590 753 1796 791 Iohannes
1828 749 1971 804 Spiess‚

265 815 317 853 M.
340 813 482 859 theol,
525 814 594 863 qui
625 827 660 851 a.
689 813 807 849 1470.
837 817 1078 849 rectoratum
1108 811 1360 861 Lipsiensem
1392 811 1533 860 gessit3
1573 810 1645 847 sed
1683 809 1748 847 hic
1785 810 1976 860 magister

265 876 403 907 noster
433 875 492 907 est
507 868 685 906 Ioannes
707 867 898 905 Matthias
920 867 1165 918 Tyberinus,
1198 866 1430 904 Tuberinus
1456 865 1855 917 Erythropolitanus,
1888 866 1914 903 i.
1938 879 1973 903 e.

267 939 336 963 von
359 926 578 973 Rotenbury
609 938 657 961 (ιη
690 927 758 961 der
784 925 945 969 Taubm,
979 923 1205 960 liberalium
1236 922 1379 959 artium
1412 928 1450 959 et
1480 921 1690 959 medicinae
1724 921 1871 967 doctor,
1906 935 1973 959 311-

266 988 350 1019 ctor
385 981 513 1018 libelli
545 981 593 1018 de
633 980 796 1017 Simone
835 992 960 1030 puero
991 979 1180 1016 Tridenti
1218 992 1241 1015 a
1277 977 1425 1015 Iudaeis
1465 977 1664 1015 trucidato
1701 992 1736 1015 a.
1768 974 1905 1015 1475?
1937 983 1976 1014 et

267 1038 462 1088 poematis
492 1037 599 1074 illius
631 1036 856 1086 Vergilium
893 1035 1173 1085 magnitudine
1205 1034 1451 1084 superantis,
1494 1034 1557 1070 cui
1595 1033 1801 1083 inscripsit
1833 1032 1974 1070 ‘Musi-

265 1094 369 1131 thias
402 1093 451 1130 de
484 1092 691 1130 Caelitibus
724 1097 762 1129 et
793 1092 915 1129 sacris
947 1091 1141 1135 historiis,
1183 1091 1224 1126 in
1255 1090 1393 1126 Musas
1424 1102 1569 1126 novem
1601 1089 1775 1139 digesta,
1818 1088 1974 1126 adiecto

267 1150 609 1199 Argumentorum
639 1147 866 1198 appendice
898 1147 1052 1197 aliquot
1075 1146 1223 1183 Christi
1255 1145 1415 1182 oracula
1448 1151 1487 1182 et
1518 1145 1731 1194 evangelia
1761 1141 1851 1181 &c.’
1885 1157 1972 1194 pro-

268 1205 420 1255 diitque
442 1204 589 1254 Lipsiae
620 1203 729 1254 apud
750 1202 896 1241 Melch.
919 1202 1102 1240 Lotther.
1125 1216 1161 1239 a.
1187 1202 1305 1239 1514.
1328 1198 1413 1237 40.3.
1464 1200 1559 1238 Alia
1590 1201 1770 1238 eiusdem
1801 1201 1977 1238 carmina

266 1261 493 1311 scriptaque
523 1266 716 1297 memorat
736 1259 943 1297 Panzerus
976 1259 1135 1309 passim.
1187 1258 1365 1307 Vulgare
1397 1257 1513 1294 huius
1535 1257 1612 1294 viri
1643 1270 1791 1294 nomen
1812 1256 1975 1294 Rotem-

264 1317 477 1366 burgensis
515 1316 640 1353 fuisse
682 1315 828 1353 docent
865 1316 985 1352 etiam
1022 1313 1126 1352 Acta
1163 1310 1415 1364 11111310113134
1453 1313 1504 1350 3(1
1542 1326 1577 1350 a.
1605 1313 1723 1350 1512.
1765 1312 1976 1359 „Ioannes

266 1372 497 1410 Tuberinus
519 1371 920 1423 Erythropolitanus,
952 1371 1074 1420 vulgo
1106 1369 1508 1420 Rotemburgensis.“

358 1448 388 1490 1)
409 1449 453 1483 cf.
473 1449 604 1480 Kc'ilzler
621 1449 755 1490 Fraqm.
772 1460 800 1480 z.
819 1448 935 1480 Gesclz.
963 1448 1048 1488 Lpz.
1068 1448 1097 1481 I,
1117 1458 1149 1488 p.
1170 1447 1244 1477 120.
1362 1445 1396 1486 2)
1415 1446 1524 1476 Η3111.
1543 1450 1592 1479 11⁰.
1614 1446 1894 1477 15648...15661.
1930 1445 1976 1476 cf.

356 1515 463 1546 supra
486 1515 519 1546 p.
537 1506 613 1536 409.
634 1507 701 1538 art.
719 1503 925 1535 Luscinius.
1031 1502 1065 1544 3)
1087 1503 1133 1536 cf.
1152 1502 1303 1533 Panzer.
1321 1502 1413 1533 Ann.
1433 1505 1508 1542 typ.
1527 1501 1604 1533 VII.
1625 1501 1762 1542 183,454.
1868 1501 1902 1540 4)
1920 1502 1977 1533 In-

356 1560 424 1592 dex
448 1562 484 1592 in
505 1560 683 1592 Abhancm.
702 1562 763 1592 der
779 1560 854 1592 lzz'st.
872 1559 951 1600 phil.
971 1560 1017 1590 CI.
1036 1560 1066 1591 d.
1083 1558 1192 1590 sdehs.
1215 1558 1289 1589 Ges.
1309 1559 1371 1589 der
1394 1557 1601 1590 W'z'ssenseh.
1619 1557 1666 1588 ΙΙ.
1685 1567 1717 1598 p.
1736 1558 1812 1588 812.
1831 1561 1882 1588 110.
1901 1557 1977 1590 207.

267 1648 611 1678 ROTERODAMVS
644 1643 715 1678 vicl.
737 1640 941 1678 Erasmus.

267 1738 452 1768 ROTGER
483 1737 710 1768 SICAMBER
743 1728 793 1777 (p.
811 1726 926 1778 28812)
961 1729 1095 1766 nescio
1114 1742 1167 1765 an
1184 1728 1292 1765 idem
1323 1741 1406 1764 non
1437 1728 1487 1764 sit
1516 1733 1636 1777 atque
1658 1727 1727 1765 ille
1748 1740 1782 1772 p.
1801 1724 1866 1761 7³⁵·
1888 1731 1929 1762 29
1944 1724 1977 1744 ¹³·

268 1784 379 1822 24021·
411 1792 650 1824 memoratus
685 1786 933 1823 ‘licentiatus
963 1785 1179 1835 theologiae
1211 1785 1253 1821 in
1283 1784 1404 1821 bursa
1434 1784 1600 1829 montis,
1635 1783 1871 1834 propediem
1897 1796 1976 1820 ma-

268 1844 392 1892 gister
429 1843 712 1887 nostrandus’,
754 1842 794 1879 id
827 1848 885 1879 cst
916 1841 1024 1879 idem
1057 1841 1290 1890 “Rotgerus
1332 1840 1380 1878 de
1413 1840 1590 1885 Venloe,
1630 1839 1776 1877 Theol.
1805 1839 1976 1885 Licent.,

269 1898 424 1936 Canon.
447 1913 478 1936 S.
504 1898 680 1937 Gereon.
705 1904 755 1935 ot.
779 1912 808 1936 3.
831 1898 971 1944 Urs.⁷’,
1005 1898 1074 1948 qui
1105 1910 1212 1934 anno
1247 1898 1366 1933 1519.
1390 1901 1520 1933 rector
1550 1895 1826 1933 universitatis
1860 1894 1977 1933 Colo-

268 1956 420 1993 niensis
444 1955 574 1992 factus
597 1953 690 1992 esst
730 1955 779 1991 In
801 1953 1011 2004 Foppensi
1033 1953 1349 2003 Hartzhemique
1370 1952 1624 1989 bibliothecis
1645 1951 1976 2002 praetermittitur,

268 2011 337 2048 sed
369 2012 410 2048 in
433 2011 646 2048 Trithemii
669 2009 866 2060 Catalogo
898 2010 1115 2047 illustrium
1136 2010 1312 2046 virorum
1340 2009 1490 2059 legitur
1520 2008 1750 2058 „Rutgerus
1773 2007 1979 2045 Sicamber

269 2067 317 2104 dc
334 2067 513 2118 Vemay,
536 2068 667 2117 patria
690 2066 910 2112 Gelrensis‚
935 2066 1086 2103 ordinis
1109 2066 1394 2103 canonicorum
1415 2064 1660 2115 regularium
1689 2078 1720 2101 3.
1742 2063 1976 2114 Augustini,

269 2122 443 2161 coenobii
474 2123 557 2161 divi
588 2123 760 2173 apostoli
782 2122 894 2160 Petri
914 2122 1194 2167 Dumetensis⁷
1228 2121 1451 2171 vulgariter
1471 2120 1718 2171 Heynensis,
1752 2133 1834 2156 non
1856 2119 1979 2169 longe

267 2194 290 2217 a
321 2179 568 2225 Wormacia,
600 2180 662 2216 vir
692 2180 733 2216 in
767 2179 913 2216 divinis
945 2178 1151 2229 scripturis
1182 2178 1384 2215 studiosus
1417 2183 1457 2215 et
1487 2176 1686 2223 eruditus,
1725 2183 1763 2213 et
1795 2176 1836 2212 in
1867 2189 1977 2213 secu-

266 2235 415 2273 laribus
445 2235 574 2273 literis
607 2236 769 2285 egregie
802 2235 959 2281 doctus,
993 2236 1159 2285 ingenio
1191 2240 1349 2280 acutus,
1383 2246 1566 2271 sermone
1599 2232 1790 2277 disertus,
1824 2232 1908 2269 vita
1941 2238 1978 2268 et

269 2291 574 2329 conversatione
607 2292 795 2337 devotus,
837 2297 962 2329 metro
996 2291 1198 2329 excellens
1231 2297 1270 2327 et
1299 2303 1430 2340 prosa.
1492 2289 1660 2339 Scripsit
1689 2295 1771 2325 tam
1801 2287 1979 2325 carmina

268 2360 387 2397 quam
418 2348 599 2385 oratione
630 2348 761 2385 soluta
791 2347 917 2385 multa
947 2346 1271 2385 commendanda
1302 2346 1515 2396 opuscula⁷
1548 2358 1717 2395 quorum
1746 2344 1864 2381 lectio
1897 2357 1979 2380 non

268 2404 398 2440 minus
420 2403 530 2440 utilis
555 2410 613 2441 est
635 2417 754 2454 quam
776 2403 967 2441 iucunda.
991 2417 1040 2441 ex
1059 2403 1121 2440 his
1142 2403 1224 2452 legi
1244 2402 1445 2440 subiecta:
1477 2401 1697 2451 Dialoguin
1712 2421 1766 2426 —
1781 2420 1837 2426 —-
1851 2399 1978 2450 Hym-

268 2473 410 2497 norum
442 2459 491 2497 de
523 2473 554 2498 3.
578 2460 708 2497 Maria
732 2488 740 2496 .
767 2491 773 2497 .
800 2490 806 2497 .
830 2460 898 2510 qui
937 2460 1148 2497 continent
1187 2459 1312 2496 ferme
1346 2459 1481 2496 12000
1511 2469 1719 2502 versuum,
1761 2456 1981 2505 Dialogum

268 2537 321 2541 —
337 2536 392 2542 -
407 2515 644 2567 Panegyrin
668 2516 719 2554 ad
742 2529 803 2553 1ne
822 2537 875 2542 —
889 2536 945 2542 —
963 2537 1012 2542 -—
1030 2537 1085 2541 —
1103 2514 1255 2553 Contra
1276 2515 1441 2552 fratrem
1464 2513 1617 2551 ordinis
1650 2509 1981 2563 praedicatorum²

271 2603 278 2610 .
305 2601 312 2608 .
335 2572 587 2622 purissimam
619 2572 926 2622 conceptionem
949 2572 1014 2610 dei
1045 2572 1252 2622 genitricis
1284 2571 1592 2621 impugnantem
1614 2568 1804 2620 epistolas
1834 2567 1980 2605 multas

269 2627 398 2665 edidit
429 2634 467 2665 et
496 2641 650 2666 versus.
674 2634 714 2666 et
744 2628 930 2678 quaedam
962 2628 1041 2666 alia
1063 2640 1152 2678 quae
1183 2627 1316 2665 adhuc
1346 2627 1388 2663 in
1409 2625 1595 2663 manibus
1627 2625 1713 2663 eius
1744 2623 1981 2674 imperfecta

268 2690 493 2720 versantur.
533 2682 695 2735 [‘Opus
735 2684 978 2734 dialogicuxn
1017 2684 1151 2722 fratris
1189 2683 1359 2733 Rutgeri
1398 2681 1608 2733 Sycambri
1648 2681 1697 2718 de
1734 2679 1981 2731 syllabarum

268 2739 493 2788 quantitate
524 2753 643 2789 prosa
673 2753 919 2790 camenaque
950 2740 1168 2778 bellissime
1201 2739 1412 2790 disputans
1451 2737 1634 2776 omnibus
1666 2737 1742 2774 arti
1771 2736 1979 2774 metrifica-

267 2800 366 2831 turae
398 2796 626 2833 accentibus
658 2796 849 2834 insudare
870 2796 1102 2834 volentibus
1123 2795 1472 2846 perutilissimum’
1506 2793 1657 2844 prodiit
1689 2791 1891 2830 ‘Coloniae
1913 2804 1977 2842 ap.

268 2849 321 2887 H.
345 2849 522 2899 Qucntel
553 2865 586 2890 a.
614 2853 732 2891 1502.
756 2849 848 2901 40.3]
881 2853 993 2890 Vivit
1025 2852 1157 2890 adhuc
1188 2864 1317 2890 annos
1349 2851 1476 2888 aetatis
1507 2849 1663 2888 habens
1695 2849 1820 2887 ferme
1851 2847 1905 2884 44
1935 2847 1979 2884 in

360 2986 392 3029 1)
412 2987 541 3020 Bianco
562 2989 676 3022 Gesch.
697 2990 758 3020 der
775 2991 864 3021 alten
885 2990 976 3022 Univ.
996 2989 1099 3021 Ko'ln.
1119 2989 1147 3022 Ι.
1165 3000 1198 3030 p.
1217 2990 1292 3023 831.
1408 2988 1442 3029 2)
1462 2989 1484 3020 i.
1504 2999 1534 3021 e.
1554 2985 1775 3029 XVigandum
1792 2985 1898 3017 Wirt.
1931 2985 1978 3017 cf.

358 3043 455 3075 infra
473 3046 539 3075 art.
558 3043 664 3075 Wirt.
757 3043 790 3084 3)
811 3043 857 3075 cf.
875 3044 1016 3076 Panzer
1034 3044 1123 3078 Ann.
1143 3047 1219 3086 typ.
1240 3045 1298 3077 VI.
1318 3055 1352 3086 p.
1371 3045 1448 3077 350.
1465 3048 1516 3078 n0.
1536 3044 1589 3075 25.
