2119 3522
267 216 363 260 492
760 230 866 251 INDEX
890 226 1142 250 BIOGRAPmcvs
1166 227 1208 247 ET
1232 224 1472 250 ONOMASTIGVS.

267 347 421 397 poetica
450 346 588 382 laurea
620 339 880 387 donaretur-¹,
920 346 960 378 et
989 341 1032 377 in
1064 341 1174 378 curia
1204 340 1422 378 cardinalis
1455 339 1773 390 Salisburgensis
1789 339 1971 377 Matthaei

266 404 400 450 Lang,
440 400 509 437 ubi
541 412 631 436 eum
660 397 980 435 Reuchlinistam
1010 409 1052 433 se
1089 396 1315 446 professum
1354 409 1440 434 esse
1472 394 1816 445 Cocleariligneus
1846 396 1972 433 refert

268 457 318 505 (p.
333 453 472 504 278³¹),
504 454 553 492 ab
583 453 763 503 epistolis
785 452 1030 502 secretisque
1051 452 1228 489 consiliis
1251 458 1373 498 esset,
1405 451 1608 489 Riehardo
1630 451 1839 488 Bartolino
1857 451 1970 489 fami-

264 512 509 549 liarissimus.
558 508 679 545 Anno
700 509 820 545 1517.
841 507 891 545 de
907 507 1025 545 Velio
1041 507 1126 545 haee
1141 507 1384 558 Rudolphus
1399 507 1591 557 Agricola
1613 507 1766 544 iunior:
1792 506 1972 552 „Praeter

264 568 339 604 hoc
369 566 478 616 quod
509 565 668 602 iuvenis
701 570 762 601 est
795 562 963 611 (annum
994 563 1101 601 enim
1133 563 1197 601 25.
1220 563 1402 600 nondum
1432 562 1545 613 agit),
1579 562 1688 613 quod
1718 561 1970 600 reverendis-

264 623 351 659 simi
371 620 599 659 Gardinalis
618 619 855 657 Gurtzensis
887 632 910 655 a
930 619 1108 665 secretis,
1142 618 1251 668 quod
1272 618 1397 669 longa
1419 618 1737 656 doctissimorum
1766 618 1973 654 hominum

264 680 398 715 Romae
431 683 469 714 et
499 677 539 713 in
572 682 655 712 tota
684 675 805 712 Italia
836 674 1108 712 familiaritate
1139 687 1232 711 usus
1265 680 1336 720 est,
1368 673 1491 724 idque
1521 674 1747 711 Thursonis
1777 673 1972 723 Episcopi

265 731 596 771 Vratislaviensis
636 732 837 781 auspicio:
885 730 994 780 quod
1031 731 1111 767 suis
1149 730 1336 781 expensis
1374 742 1527 780 suoque
1565 729 1771 780 stipendio
1809 729 1974 778 longam

266 802 467 826 musarum
499 787 636 824 castris
658 787 841 825 militiam
872 786 1044 824 addixit:
1075 786 1176 823 illud
1208 799 1298 823 eum
1329 786 1448 823 unice
1477 785 1742 830 commendat,
1775 784 1884 834 quod
1913 784 1971 821 in-

266 851 380 894 teger
408 845 501 881 vitae
532 843 776 893 scelerisque
807 855 942 893 purus,
977 848 1015 879 et
1045 842 1113 892 qui
1143 847 1266 880 tantae
1296 842 1453 891 ingenii
1483 842 1620 891 gratiae
1649 840 1780 886 fidem,
1813 840 1972 877 comita-

267 906 357 946 tem,
392 899 826 948 mansuetudluemque
857 898 1064 935 adiecerit.
1126 897 1229 935 Sunt
1260 897 1521 948 complusculi
1543 898 1609 947 qui
1641 897 1738 934 facti
1761 896 1971 941 doctiores,

264 956 500 993 humilitatis
533 955 867 992 obliviscuntur“.
914 952 1232 1003 Salisburgensis
1254 953 1460 991 secretarii
1482 953 1782 1002 consiliariique
1807 964 1973 989 munere

264 1012 403 1049 Velius
426 1024 533 1049 anno
558 1011 690 1056 1518„
724 1024 813 1047 cum
833 1010 1001 1047 Erasmo
1026 1009 1074 1046 de
1107 1009 1360 1058 genethliaco
1392 1010 1435 1045 in
1457 1022 1546 1045 eum
1568 1008 1798 1058 composito,
1831 1012 1972 1056 postea

265 1065 609 1111 celebratissimo³,
644 1066 856 1111 scriberet,
890 1066 1007 1114 fungi
1040 1064 1225 1102 desierat.
1275 1064 1331 1102 Ut
1350 1065 1540 1101 Erasinus
1573 1063 1649 1100 sibi
1682 1063 1974 1101 deditissimum

263 1123 455 1161 Ursinum
487 1122 670 1159 omnibus
699 1121 887 1159 laudibus
918 1121 1050 1157 multis
1084 1120 1342 1170 epistolarum
1374 1126 1412 1157 et
1435 1118 1693 1157 Ciceroniani
1712 1119 1809 1156 locis
1832 1131 1972 1155 evexe-

263 1180 332 1224 rit,
372 1177 569 1215 Buschius
607 1174 791 1227 quoque²
831 1182 869 1213 et
909 1176 978 1213 alii
1017 1175 1191 1225 aequales
1231 1176 1344 1212 multi
1375 1175 1549 1213 Veliana
1581 1175 1757 1212 carmina
1789 1173 1975 1212 admirati

262 1233 376 1279 sint.⁵,
408 1239 452 1270 ut
473 1232 613 1270 Velius
635 1231 889 1270 Ferdinandi
920 1232 1026 1281 regis
1056 1231 1237 1268 historici
1265 1231 1615 1281 Maximilianique
1635 1230 1692 1267 II.
1715 1230 1973 1280 praeceptoris

263 1290 394 1327 locum
426 1289 666 1338 optinuerit,
710 1303 745 1325 a.
773 1288 892 1324 1529.
916 1300 1081 1324 uxorem
1115 1285 1310 1333 (luxe1·it⁶‚
1354 1287 1530 1336 denique
1560 1292 1604 1323 ut
1635 1286 1780 1323 infelix
1810 1286 1974 1323 maritus

264 1346 301 1382 d.
324 1347 362 1382 5.
385 1345 480 1381 Mai.
505 1359 539 1381 a.
565 1345 684 1382 1538.
710 1344 931 1388 evanuerit,
962 1342 1142 1379 Danubii
1163 1343 1297 1388 undis,
1330 1349 1373 1380 ut
1395 1343 1542 1388 ferunt,
1575 1340 1822 1387 suffocatus7,
1856 1341 1974 1378 huius

262 1402 338 1438 loci
377 1414 458 1437 11011
499 1407 559 1437 est
597 1401 822 1438 accuratius
862 1412 1078 1449 exponere.
1126 1399 1176 1436 cf.
1200 1398 1527 1436 Burckhardum‘
1565 1395 1892 1447 Ioeeherumque⁰
1935 1402 1974 1434 et

262 1470 361 1507 quos
392 1457 433 1493 hi
462 1456 645 1495 laudant.
708 1456 864 1505 Scripta
895 1454 1135 1500 Ursiniana,
1176 1467 1264 1505 quae
1302 1455 1412 1492 nullo
1446 1454 1588 1491 ordine
1627 1453 1837 1491 observato
1877 1466 1973 1490 enu-

262 1518 387 1550 merat
407 1510 659 1558 loee11e1·us¹‘’‚
695 1525 743 1548 ex
763 1511 921 1548 Denisii
955 1511 1203 1548 accuratiore
1235 1510 1506 1560 descriptione
1538 1524 1583 1548 ea
1606 1523 1694 1560 quae
1718 1508 1974 1547 Vindobonae

262 1569 303 1605 in
326 1569 384 1606 40.
407 1568 658 1618 prodierunt,
694 1568 890 1617 digeram:
926 1563 993 1617 [D.
1010 1584 1063 1596 =
1079 1567 1210 1604 Denis
1233 1563 1342 1617 pag]

286 1642 318 1686 1)
338 1645 379 1676 D.
403 1645 475 1676 178.
502 1644 596 1684 (kal.
617 1644 697 1675 Oct.
720 1643 857 1683 1517.):
888 1642 1061 1684 Casparis
1090 1643 1211 1674 Vrsini
1237 1642 1333 1674 Velii
1363 1653 1406 1674 ex
1437 1642 1626 1674 Germanis
1654 1641 1778 1674 Silesii
1806 1641 1974 1673 Doctoris

888 1698 1056 1730 Oratoris
1075 1701 1109 1729 et
1126 1699 1249 1730 Poetae
1267 1698 1358 1730 Lau.
1379 1697 1424 1729 ad
1442 1696 1560 1729 Maria
1580 1698 1759 1738 uirginem
1818 1721 1826 1728 .
1840 1699 1973 1731 uotum.

284 1753 318 1796 2)
338 1756 379 1787 D.
400 1757 475 1788 332.
600 1754 760 1794 (1519.‘.>)
885 1754 1056 1796 Casparis
1078 1754 1200 1785 Vrsini
1225 1753 1320 1785 Velii
1342 1754 1513 1786 Doctoris
1539 1757 1575 1785 et
1597 1754 1659 1785 I'o.
1678 1754 1768 1785 Lau.
1787 1754 1822 1784 in
1843 1753 1974 1784 Diuum

886 1810 1173 1841 Maximiliannm
1200 1809 1381 1842 Caesarem
1399 1809 1612 1850 Epicedion.
1628 1808 1824 1850 (cardinali
1841 1808 1972 1840 Matth.

886 1866 991 1907 Lang
1015 1865 1188 1906 dedicat.)

284 1922 318 1963 3)
337 1923 380 1953 D.
400 1923 474 1954 336.
535 1922 609 1953 kal.
630 1922 706 1954 Ian.
727 1923 823 1955 1520.
888 1922 929 1953 In
954 1922 1087 1953 Diuum
1114 1921 1293 1953 Caesarem
1319 1921 1619 1952 Maximilianum.
1659 1920 1830 1962 Casparis
1855 1921 1975 1952 Vrsini

886 1977 984 2008 Velii
1010 1978 1099 2009 Doc.
1121 1979 1157 2009 et
1177 1977 1263 2011 Poe.
1281 1977 1373 2011 Lau.
1393 1977 1521 2009 Naenia
1544 1977 1818 2010 Annium-saria.

281 2032 316 2074 4)
335 2034 378 2065 D.
399 2035 474 2066 224.
566 2033 670 2064 Mart.
694 2034 789 2065 1521.
887 2033 1009 2078 Sancti
1035 2032 1163 2074 Cyrilli
1189 2058 1219 2065 ..
1247 2033 1291 2064 de
1316 2033 1455 2064 Animae
1482 2033 1629 2064 decessu
1651 2056 1681 2065 ..
1707 2032 1826 2064 Sermo
1853 2031 1892 2064 C.
1911 2033 1973 2063 Vr-

887 2079 965 2120 sino
992 2089 1096 2120 Velio
1127 2089 1336 2130 interprete.
1391 2087 1526 2120 Eiusde
1558 2090 1679 2121 Vrsini
1710 2089 1842 2120 Tomos
1867 2086 1976 2129 quida

885 2144 1079 2186 Euangelij
1100 2145 1241 2176 Lucani
1266 2145 1303 2176 in
1328 2155 1455 2176 uersus
1473 2144 1649 2178 redactus.
1700 2141 1837 2176 Eiusda}
1856 2144 1974 2175 oratio

887 2204 972 2232 ante
998 2199 1105 2232 sacra
1129 2200 1250 2240 corpis
1277 2201 1445 2232 dominici
1471 2198 1719 2232 communione
1745 2199 1906 2234 dicenda,

282 2255 316 2296 5)
334 2256 377 2286 D.
397 2257 472 2286 225,
503 2257 552 2287 10.
573 2255 642 2287 cal.
661 2256 737 2286 Iun.
762 2258 855 2288 1521.
887 2256 941 2288 De
965 2256 1108 2298 Nuptiis
1217 2257 1260 2287 D.
1280 2253 1480 2288 Ferdinadi
1505 2281 1512 2288 .
1529 2281 1536 2287 .
1551 2280 1558 2287 .
1589 2260 1624 2288 et
1652 2281 1682 2288 ..
1708 2256 1751 2287 D.
1769 2255 1881 2287 Annae
1905 2256 1973 2286 Re-

886 2312 981 2352 ginae
996 2311 1196 2352 Hungariae
1216 2336 1245 2343 ..
1262 2337 1267 2342 .
1289 2311 1396 2353 Casp.
1414 2313 1535 2343 Vrsini
1553 2311 1660 2343 Velii.
1681 2309 1822 2343 Carme.
1851 2310 1974 2343 Eiusd.
2029 2346 2032 2348 ,

887 2366 931 2398 (le
956 2366 1076 2398 reditu
1097 2366 1186 2408 Imp.
1206 2366 1327 2398 Caroli
1347 2367 1463 2408 quinti
1480 2368 1516 2398 in
1536 2367 1777 2399 Germaniam.
1805 2367 1972 2400 Carmen.

353 2478 383 2519 1)
405 2479 451 2511 cf.
466 2479 569 2511 Hutt.
583 2477 677 2520 Opp.
694 2478 721 2509 Ι.
740 2489 774 2519 p.
791 2476 901 2510 14512.
997 2476 1031 2519 2)
1050 2479 1153 2509 Denis
1173 2478 1291 2509 W'z'ens
1308 2478 1456 2510 Bzcchdr.
1470 2477 1581 2519 gasok.
1601 2488 1633 2519 p.
1650 2480 1725 2510 323.
1818 2476 1852 2520 3)
1872 2488 1974 2519 repe-

349 2535 452 2566 titum
478 2537 533 2565 est
559 2534 667 2565 etiam
691 2534 728 2564 in
754 2534 898 2566 Erasmi
923 2544 1004 2575 epp.
1030 2534 1072 2565 L.
1090 2535 1130 2566 B.
1152 2535 1248 2567 1706.
1270 2534 1331 2565 fol.
1349 2533 1429 2566 coll.
1448 2535 1645 2566 223...227.
1745 2533 1779 2573 4)
1806 2534 1853 2566 cf.
1873 2544 1902 2565 e.
1922 2544 1973 2575 gr.

349 2590 573 2630 epigramma
595 2589 632 2620 in
655 2589 845 2621 Periandri
869 2589 1061 2621 Germania
1085 2600 1118 2631 p.
1137 2590 1191 2623 89.
1210 2600 1262 2630 sq.
1393 2591 1426 2631 5)
1451 2590 1534 2622 Vid.
1554 2589 1662 2621 etiam
1686 2590 1791 2622 Hutt.
1811 2589 1903 2631 Opp.
1922 2590 1972 2622 11.

349 2656 380 2686 p.
399 2646 452 2677 52.
472 2645 595 2676 adnot.
711 2646 745 2685 6)
768 2646 873 2677 Denis
897 2645 920 2678 l.
941 2656 971 2676 c.
993 2656 1024 2686 p.
1044 2646 1120 2677 693.
1238 2645 1272 2686 7)
1297 2645 1393 2677 Eder
1412 2645 1531 2677 Catal.
1552 2645 1696 2677 Rector.
1715 2645 1846 2678 Vienn.
1865 2656 1898 2686 p.
1918 2646 1972 2676 74.

351 2700 562 2742 „Casparus
592 2699 746 2732 Ursinus
776 2701 904 2733 Velius
936 2700 1252 2733 Schuemnicensis
1282 2702 1398 2732 Poeta
1427 2701 1598 2741 insignis,
1636 2701 1769 2733 Orator
1800 2700 1972 2739 celebris,

350 2756 460 2788 Grece
476 2760 510 2788 et
522 2757 652 2788 Latine
670 2756 910 2795 doctissimus,
928 2757 1034 2798 Regis
1048 2756 1267 2788 Ferdinandi
1285 2756 1475 2788 liberorum
1491 2758 1694 2798 Praeceptor
1710 2760 1745 2788 et
1757 2756 1973 2795 Historieus,

349 2812 380 2842 5.
398 2811 488 2842 Maii
511 2822 616 2843 mane
641 2812 704 2843 sub
728 2812 853 2844 horam
870 2814 901 2845 6.
921 2812 1040 2844 subito
1066 2813 1219 2844 amissus
1244 2813 1322 2845 fuit.
1373 2813 1486 2852 Quem
1512 2812 1577 2843 alii
1593 2813 1629 2843 in
1647 2813 1853 2844 Danubium
1877 2812 1973 2844 deie-

351 2870 463 2905 ctum,
487 2866 551 2897 alii
567 2867 860 2899 meditabundum
875 2871 915 2899 ut
933 2867 1119 2900 assolebat
1136 2868 1172 2899 in
1190 2868 1304 2909 ripam
1323 2868 1531 2910 delapsum,
1553 2867 1615 2900 alii
1632 2878 1771 2900 veneno
1789 2867 1970 2899 sublatum

352 2921 651 2955 existimabant“.
749 2922 783 2964 8)
803 2923 846 2954 de
865 2924 906 2954 L.
920 2924 959 2954 L.
981 2923 1068 2954 fatis
1086 2924 1114 2957 I.
1133 2935 1165 2965 p.
1180 2925 1256 2958 408.
1351 2924 1384 2964 9)
1406 2925 1476 2956 Gel.
1491 2925 1580 2958 Lem.
1598 2934 1630 2958 v.
1650 2924 1727 2955 Vel.
1821 2924 1875 2962 10)
1895 2923 1973 2963 Syl-

348 2987 433 3016 vas,
451 2976 616 3017 Elegias,
636 2979 924 3019 Epigrammata,
944 2979 1212 3020 Panegyricos,
1233 2980 1426 3021 Epitomen
1443 2979 1642 3011 chronic-or.
1662 2979 1800 3018 mundi,
1818 2979 1972 3011 Luciam'

352 3032 649 3073 epigrammatum
667 3034 747 3065 Lat.
762 3034 1116 3075 interpretationem,
1134 3035 1381 3075 Epistolarum
1397 3035 1542 3075 librum,
1561 3035 1616 3067 De
1633 3035 1740 3067 rebus
1756 3034 1968 3068 Austriacis.
