2119 3522
302 231 397 275 546
822 241 1086 264 COMMENTARIVS
1110 240 1156 262 AD
1180 241 1252 263 EPP.
1270 242 1300 262 0.
1317 241 1350 263 v.
1374 241 1452 263 von.
1469 241 1492 262 1.

301 304 627 399 Ρῇε111111111110111101
657 352 954 397 supergaudeant
970 377 976 384 .
995 361 1089 384 neve
1116 352 1185 384 suis
1210 351 1403 385 annalibus
1427 350 1580 394 posteris
1602 350 1803 394 legendum
1824 351 1987 384 inserant
2003 377 2010 384 .

391 411 489 454 quod
507 411 570 444 sub
595 409 668 442 tuis
689 407 921 452 temporibus
945 406 1032 440 dum
1049 417 1116 450 per
1139 408 1243 440 tuam
1259 406 1489 440 maiestatem
1506 406 1618 439 iussus
1634 405 1758 440 fuisset
1774 407 1826 440 eis
1841 405 2011 440 thalmud

391 466 483 509 eripi
498 476 585 509 .per
610 465 800 498 doctorem
822 463 984 506 aliquem
1010 474 1054 496 ex
1079 463 1281 496 christianis
1305 463 1374 496 sint
1397 462 1557 496 defensi.
1576 461 1760 506 Dignetur
1784 472 1930 505 quoque
1947 462 2013 494 tua

390 521 526 555 cesaria
549 520 720 554 maiestas
741 519 826 553 huic
843 520 965 553 nostre
982 518 1231 552 lucubrationi
1248 530 1359 562 quam
1375 518 1431 552 tui
1449 522 1517 558 [sic]
1535 517 1746 552 celsitudini
1762 528 1828 561 pro
1846 517 1934 550 fidei
1949 517 2012 550 ho-

389 588 477 610 nore
495 576 707 610 dedicamus
724 575 955 618 imperialem
973 576 1161 608 censuram
1179 573 1356 608 adhibere
1375 601 1382 607 .
1401 575 1443 607 vt
1467 584 1488 607 a
1508 573 1614 606 vultu
1636 573 1700 606 tue
1722 573 1924 607 serenitatis
1941 573 2012 606 010-

389 633 534 666 menter
559 631 736 675 castigata
759 630 942 664 abcedens
966 630 1123 664 aliorum
1148 631 1182 663 se
1207 640 1281 663 non
1307 629 1462 664 erubeat
1488 629 1623 663 inferre
1650 628 1939 672 conspectibusf‘

303 693 339 722 11
367 688 555 731 Hispano]
597 686 649 721 Cf.
667 687 744 720 Ind.
762 686 879 730 biogr.
898 697 933 729 p.
952 690 1027 720 393.
1046 697 1097 729 sq.
1116 687 1184 719 art.
1200 685 1332 719 Petrus
1352 685 1454 729 Hisp.

302 749 341 778 12
367 744 416 777 (ed
440 744 514 787 ism.
533 744 588 777 vel
604 743 706 786 rech]
726 742 844 786 Ipsius
861 743 1053 777 sententiae
1070 742 1184 776 Paris.
1200 741 1316 775 verba
1332 742 1435 775 sunt:
1466 741 1664 783 „libellum
1688 768 1696 776 .
1711 768 1717 774 .
1738 751 1815 775 esse
1832 741 1911 774 iure
1929 751 2011 783 sup-

390 799 644 843 primendum,
671 799 716 832 de
741 799 863 832 medio
888 798 1096 832 tollendum
1120 799 1232 841 atque
1256 797 1342 841 igne
1365 797 1513 841 publice
1539 796 1860 831 concremandum.
1900 795 2013 839 ipsius

391 856 515 888 autem
540 854 658 888 libelli
683 855 872 888 auctorem
898 854 945 888 ad
969 854 1158 898 publicam
1182 853 1459 887 revocationem
1485 853 1782 897 compellendum
1804 880 1811 887 .
1826 855 1864 885 .“

302 915 343 945 15
366 911 559 945 membrum
584 911 685 943 IIII
704 911 818 954 miza]
861 910 912 944 Cf.
931 920 1042 954 supra
1064 910 1169 953 epist.
1189 913 1218 943 1.
1238 910 1276 943 et
1296 909 1394 942 infra
1418 920 1474 953 ep.
1492 910 1537 943 II.
1558 913 1608 943 13.
1657 909 1698 941 In
1724 909 1870 942 statutis
1895 908 2010 950 antiq.

392 967 516 1000 Colon.
535 966 580 1000 110
599 977 629 1000 a.
650 970 745 1001 1392.
764 970 782 1007 ξ
802 970 830 1000 1.
849 968 921 1000 est:
956 965 1172 1009 „Imprimis
1190 965 1306 1009 igitur
1325 966 1368 998 ut
1384 965 1482 999 alma
1497 966 1618 998 mater
1638 966 1765 998 nostra
1782 964 2011 997 Universitas

390 1023 502 1055 studii
521 1022 746 1056 Coloniensis
763 1033 846 1055 suos
863 1033 969 1056 veros
986 1021 1080 1055 filios
1104 1021 1149 1055 ab
1168 1021 1386 1055 adulterinis
1411 1021 1536 1055 valeat
1565 1021 1772 1054 discernere
1784 1047 1791 1061 ,
1818 1020 2014 1053 statuimus

391 1080 428 1111 et
445 1078 672 1119 ordinamus,
700 1078 799 1121 quod
817 1078 975 1121 quilibet
991 1077 1186 1122 Magister,
1214 1076 1369 1118 Doctor,
1396 1077 1664 1111 Baccalaureus
1682 1076 1742 1109 vel
1760 1075 1943 1110 Scholaris
1967 1075 2013 1109 ad

390 1134 608 1177 praedictum
625 1134 788 1167 studium
805 1133 974 1174 veniens,
998 1133 1186 1176 ipsiusque
1205 1132 1415 1166 Membrum
1433 1132 1513 1166 fieri
1532 1134 1570 1166 et
1587 1133 1664 1165 eius
1680 1131 1915 1165 libertatibus
1932 1142 2012 1175 per-

391 1190 461 1222 frui
486 1190 655 1233 cupiens,
688 1190 889 1233 przrsentet
910 1199 947 1222 se
976 1188 1072 1222 infra
1088 1189 1245 1232 primam
1272 1188 1498 1232 quindenam
1516 1188 1665 1222 Rectori
1683 1187 1952 1229 universitatis,
1977 1188 2016 1220 et

390 1246 541 1288 przestet
564 1246 814 1278 iuramentum
839 1244 1006 1286 solitum,
1033 1246 1071 1277 et
1087 1245 1243 1288 registro
1261 1244 1373 1278 studii
1396 1244 1633 1286 inscribatur,
1661 1243 1835 1287 quodque
1859 1254 1926 1277 nec
1951 1243 2014 1276 ali-

390 1301 471 1343 quis
497 1302 582 1334 ante
607 1301 818 1334 huiusmodi
843 1300 1135 1334 intitulationem
1165 1301 1401 1344 computetur
1424 1299 1633 1333 Membrum
1659 1299 1918 1333 Universitatis
1939 1326 1946 1332 .
1961 1301 1999 1332 .“

303 1360 342 1390 16
369 1357 447 1390 libr.
465 1357 689 1400 sententian]
716 1356 818 1390 Petri
835 1355 1051 1399 Lombardi,
1078 1356 1292 1390 Parisiensis
1311 1356 1491 1400 episcopi,
1511 1356 1614 1389 cuius
1630 1355 1744 1399 ipsius
1761 1355 1862 1397 libri,
1888 1366 2014 1399 quam-

395 1413 446 1445 vis
471 1412 669 1456 stepissimc
695 1412 786 1445 editi
805 1412 868 1456 [cf.
887 1412 933 1445 ad
951 1413 1044 1456 9²¹],
1071 1414 1113 1446 ut
1128 1413 1242 1456 ipsius
1260 1412 1485 1454 Aristotelis,
1511 1422 1584 1445 non
1607 1411 1845 1455 legebantur,
1871 1411 2016 1454 (Petrus

390 1469 469 1512 ispe
495 1479 540 1501 ne
566 1468 680 1501 semel
706 1468 857 1511 quidem
881 1468 919 1501 in
944 1468 1000 1502 his
1026 1468 1191 1512 epistolis
1216 1469 1456 1511 memoratur)
1482 1467 1545 1501 sed
1576 1467 1694 1500 omnis
1724 1467 1800 1500 fere
1826 1466 2016 1511 theologia

390 1524 696 1567 philosophiaque
723 1534 766 1556 ex
793 1523 1055 1557 ‘scribentibus
1080 1535 1191 1568 super
1208 1525 1287 1558 eos’
1314 1523 1523 1568 petebatur.
1571 1522 1629 1556 Ita
1654 1526 1708 1556 ‘se
1729 1523 1879 1556 fundat⁷
1905 1522 2015 1556 hodie

392 1580 525 1624 vulgus
542 1579 711 1613 ICtorum
739 1580 793 1612 ‘in
818 1580 921 1613 libris
945 1591 1055 1623 super
1079 1580 1168 1613 iuris
1193 1581 1391 1622 auctores’,
1422 1590 1495 1613 non
1520 1580 1557 1612 111
1582 1579 1670 1622 ipsis
1688 1579 1777 1611 iuris
1795 1578 2017 1612 auctoribus.

304 1641 342 1671 17
371 1636 529 1679 eradere]
557 1646 594 1669 se
620 1635 795 1679 expedire
823 1646 866 1669 ex
891 1636 1088 1669 tendiculis
1116 1637 1191 1669 tam
1218 1635 1350 1669 callide
1377 1635 1516 1679 positis.

303 1696 344 1725 18
364 1703 468 1735 papa
492 1702 527 1724 11.
546 1691 633 1724 aud.
651 1691 686 1725 d.
703 1692 804 1734 sent]
834 1691 878 1725 cf.
899 1692 985 1725 192⁹.

304 1753 343 1782 19
369 1749 457 1791 ipse]
483 1758 556 1781 non
581 1747 824 1789 Rcuchh'nuS,
851 1747 915 1780 scd
942 1746 1015 1781 Leo
1041 1747 1110 1781 PP.
1127 1747 1170 1781 X.
1203 1747 1247 1781 cf.
1266 1759 1318 1791 sq.
1336 1748 1442 1791 epist.
1462 1751 1513 1781 12.

349 1804 380 1837 T
380 1804 531 1847 hemam]
559 1803 603 1837 cf.
621 1803 699 1836 Iud.
717 1803 833 1847 biogr.
852 1815 886 1847 p.
900 1808 975 1837 483.
991 1816 1042 1847 sq.
1058 1805 1124 1838 art.
1139 1804 1298 1837 Thomas
1315 1804 1490 1847 Aquinas.
1530 1803 1604 1837 Leo
1618 1803 1661 1837 X.
1675 1803 1926 1838 Dominicanis
1943 1814 2015 1838 11011

391 1860 558 1901 favebat,
587 1862 676 1893 ‘non
703 1861 758 1893 cst
781 1860 898 1893 bonus
923 1860 1160 1894 christianus'
1188 1861 1276 1894 1927.
1316 1859 1367 1894 Cf.
1388 1860 1464 1893 lud.
1479 1860 1595 1904 biogr.
1613 1872 1648 1904 p.
1666 1864 1741 1894 406.
1760 1861 1827 1894 art.
1841 1859 1916 1894 Leo
1928 1860 1970 1893 X.

302 1922 344 1951 :20
369 1917 494 1950 doetus
513 1943 520 1950 .
542 1943 549 1949 .
568 1916 610 1949 in
629 1916 748 1959 poesi]
791 1914 952 1949 Leonem
982 1915 1025 1950 X.
1051 1916 1327 1950 renascentibus
1364 1916 1498 1950 litteris
1528 1916 1743 1959 artibusque
1782 1927 2016 1960 summopere

391 1972 524 2005 favisse
551 1973 704 2005 constat.

303 2034 340 2062 21
365 2029 545 2071 plebanus
569 2028 618 2061 ad
642 2040 668 2061 s.
686 2028 855 2071 Martia]
882 2027 968 2061 Fuit
991 2028 1037 2070 5⁵³,
1071 2029 1217 2072 opinor,
1251 2028 1347 2061 infra
1370 2040 1404 2072 p.
1423 2030 1525 2062 24029
1550 2029 1775 2062 memoratus
1805 2028 2018 2063 Decimator

393 2096 418 2117 s.
437 2083 637 2117 Zehender.
678 2084 722 2118 cf.
740 2084 818 2117 11111.
838 2085 954 2128 biogr.
972 2084 1069 2117 hunc
1095 2085 1162 2118 art.

302 2144 344 2173 22
370 2140 568 2182 epistolam]
595 2139 630 2173 d.
651 2143 701 2173 16.
719 2139 786 2173 Iul.
805 2150 836 2173 a.
857 2143 951 2173 1514.
969 2139 1154 2183 scriptam.
1194 2139 1239 2174 cf.
1258 2140 1389 2184 Consp.
1407 2140 1570 2175 chronol.
1587 2152 1621 2184 p.
1643 2144 1715 2174 132.
1734 2141 1756 2175 1.
1775 2141 1798 2174 f.

303 2200 346 2229 23
373 2196 518 2229 realiter
541 2206 621 2229 cum
647 2196 784 2239 effectu]
810 2197 852 2229 ut
870 2199 932 2229 192
943 2196 980 2229 ³⁰.
1028 2195 1115 2229 Haec
1142 2196 1256 2229 ‘bona
1279 2196 1499 2230 latinisatio'
1527 2197 1639 2230 etiam
1664 2197 1700 2230 in
1726 2197 1883 2240 publicis
1908 2197 2016 2231 docu—

394 2250 528 2284 mentis
550 2261 623 2284 non
646 2262 728 2285 raro
753 2251 927 2292 occurrit3
959 2250 1071 2284 etiam
1097 2251 1265 2285 ‘realiter
1290 2253 1328 2286 et
1357 2264 1440 2286 cum
1465 2252 1629 2287 effectu'.
1671 2252 1715 2287 cf.
1734 2264 1764 2287 e.
1782 2265 1836 2297 gr.
1853 2253 2016 2287 Zarncke

395 2306 517 2350 Leipz.
537 2306 851 2340 Statutenbiicher
875 2318 910 2350 p.
927 2310 1004 2340 458.
1022 2320 1052 2340 v.
1071 2316 1111 2340 16.

305 2365 348 2395 24
373 2362 632 2405 latimsatores]
659 2362 703 2396 cf.
723 2362 769 2395 ad
793 2362 1022 2406 superiorem
1049 2374 1076 2395 v.
1091 2371 1117 2395 2.

305 2422 348 2452 25
372 2419 412 2451 iu¹
438 2428 554 2451 coron.
572 2418 681 2461 hosp]
708 2430 734 2452 s
751 2418 902 2461 publica
926 2428 1062 2451 corona
1088 2419 1180 2460 18¹⁰,
1207 2418 1244 2451 in
1270 2430 1345 2462 qua
1368 2430 1518 2461 corona,
1545 2420 1574 2453 si
1598 2420 1698 2453 idem
1724 2421 1780 2454 est
1803 2420 2015 2464 hospitium,

396 2473 495 2516 quod
514 2473 633 2507 adhuc
661 2476 722 2507 ‘zu
739 2474 813 2507 (lew.
829 2474 908 2507 drea*
925 2473 1077 2507 Krmwn
1089 2474 1098 2489 ’
1124 2474 1345 2517 appellatur,
1371 2476 1449 2519 ipse
1468 2487 1616 2520 quoque
1634 2477 1766 2520 saepius
1785 2476 1962 2511 ‘dormivi
1979 2477 2016 2510 in

394 2529 545 2573 propria
568 2530 756 2572 persona’.
797 2529 841 2562 cf.
858 2541 893 2572 p.
912 2533 988 2563 203.
1007 2543 1036 2563 v.
1051 2538 1109 2563 160.
1127 2531 1238 2564 2602‘3.
1260 2534 1323 2564 272
1333 2533 1371 2565 ²⁴.

305 2590 347 2620 26
372 2585 599 2629 ᾒιηίαεΐῖοοε]
626 2586 689 2629 qui
706 2585 871 2619 fantasiis
894 2585 953 2628 (cf.
972 2584 1018 2618 ad
1036 2586 1107 2628 8¹²)
1132 2585 1313 2629 indulget.
1345 2586 1608 2629 „Fantasticus
1628 2615 1658 2623 ..
1681 2590 1716 2632 2)
1734 2588 1866 2631 idiota,
1891 2589 2016 2631 hebes,

395 2651 502 2674 sensu
528 2643 691 2675 carens.“
738 2640 915 2685 Ducange
940 2641 975 2674 11.
993 2653 1026 2674 v.

306 2701 348 2731 28
368 2698 566 2741 processus]
592 2697 805 2739 methodus,
831 2697 917 2730 libri
940 2696 1246 2741 methodologici,
1273 2698 1401 2741 quales
1426 2699 1579 2744 singulae
1602 2700 1734 2734 scholae
1752 2700 1917 2734 bursaeve
1935 2711 2016 2744 pro-

397 2752 495 2794 prios
517 2752 722 2795 habebant,
749 2752 952 2787 secundum
975 2752 1073 2786 viam
1097 2752 1205 2786 huius
1228 2753 1289 2786 vel
1312 2753 1412 2787 illius
1435 2755 1552 2789 sancti
1577 2756 1747 2790 doctoris
1779 2756 1823 2790 cf.
1841 2756 1920 2791 lnd.
1938 2767 2016 2791 ver-

397 2807 473 2840 bor.
491 2819 570 2842 voc.
591 2810 818 2852 ‘processus’
846 2810 883 2842 et
907 2809 954 2842 ad
981 2810 1059 2842 1625
1083 2819 1166 2842 011111
1191 2820 1243 2852 sq.
1262 2809 1511 2845 adnotatione.

351 2862 520 2904 copulata
545 2866 575 2896 et
600 2865 862 2908 reparationes]
888 2864 1059 2897 similiter
1077 2865 1150 2899 703.
1182 2864 1364 2909 Copulata
1385 2867 1673 2901 nominabantur
1688 2867 1774 2901 libri
1792 2867 2016 2902 lectionesve

397 2917 530 2960 quibus
554 2918 688 2952 diversi
714 2920 758 2953 de
784 2920 915 2954 eadem
933 2920 1101 2954 doctrina
1118 2921 1285 2954 auctores
1301 2921 1569 2966 iungebantur,
1596 2924 1638 2956 ut
1662 2922 1708 2956 ad
1727 2923 1805 2956 16²⁵
1822 2924 1860 2956 et
1882 2923 1919 2955 in
1937 2922 2016 2956 Ind.

398 2972 513 3015 biogr.
531 2975 598 3007 art.
615 2974 800 3018 Hispanus
817 2976 976 3019 (Petrus)
995 2975 1166 3019 exempla
1182 2976 1360 3011 dedimus.
1379 2978 1476 3011 unde
1494 2977 1629 3012 novicii
1655 2978 1838 3012 scholares
1854 2977 1917 3021 qui
1940 2977 2017 3011 haec

399 3027 570 3071 copulata
598 3030 757 3063 tractare
781 3030 983 3072 debebant,
1009 3031 1238 3074 copulatistae
1263 3034 1558 3076 appellabantur.
1598 3033 1642 3066 cf.
1660 3032 1738 3067 Ind.
1756 3033 1900 3067 verbor.
1947 3033 2017 3066 Re-
