2119 3522
266 206 359 250 782
768 218 1033 241 COMMENTARIVS
1057 218 1102 240 AD
1127 219 1198 240 EPP.
1218 219 1247 240 Ο.
1266 219 1298 240 V.
1324 218 1400 240 vot..
1418 218 1455 239 Π.

262 282 348 321 Pag.
365 279 455 315 298-

265 338 304 367 12
332 333 477 367 Gemma
502 331 682 375 ycmmmn]
713 330 757 363 cf.
775 329 862 363 ibid.
880 341 915 372 p.
934 331 1009 363 378.
1026 329 1060 362 11.
1079 330 1145 362 ait.

307 388 454 431 Briton]
481 385 811 420 Vocabulariorum
836 384 1056 428 compilator
1080 395 1159 418 saec.
1176 396 1264 417 xnn.
1304 384 1349 418 cf.
1366 384 1454 418 ibid.
1472 395 1506 427 p.
1526 387 1600 418 318.
1626 385 1693 418 art.
1710 383 1822 418 Brito.

264 449 305 478 14
328 444 491 486 feceruut
516 442 589 485 etc]
630 440 755 474 Miseri
779 441 908 474 contra
932 439 1163 473 cabalisticos
1188 439 1435 473 Hochstratici
1459 439 1545 473 libri
1571 439 1674 472 annis
1699 440 1848 474 demum
1876 443 1970 474 1518.

353 500 390 531 et
414 509 465 540 sq.
490 496 716 540 prodierunt.
757 494 801 529 cf.
820 495 899 528 Ind.
917 505 1001 528 serr.
1019 506 1054 528 n.
1071 507 1165 528 xxm.
1182 507 1305 528 xxxm.
1322 507 1427 529 xxxv.
1467 495 1548 528 Huc
1572 505 1660 529 vero
1685 495 1849 539 pertinet
1872 495 1971 538 quod

351 553 510 587 Thomas
526 551 650 586 Morus
666 551 816 585 Erasmo
842 550 876 584 d.
895 554 946 584 31.
966 550 1044 584 Oct.
1064 561 1094 584 a.
1115 553 1210 584 1516.
1227 550 1373 594 scripsit
1397 549 1553 593 (Erasmi
1578 561 1661 594 epp.
1680 549 1717 584 L.
1735 550 1776 584 Β.
1796 553 1892 584 1706.
1909 550 1971 584 fol.

353 609 420 642 col.
442 612 536 642 1574.
554 608 644 650 sq.):
686 633 723 648 „.
745 634 752 639 .
777 605 849 639 Sed
874 605 938 639 alii
962 607 1063 647 sunt,
1089 605 1238 639 Erasme
1264 606 1490 648 charissime,
1520 607 1584 649 qui
1609 606 1849 640 coniurarunt
1873 605 1972 650 apud

352 674 415 698 nos
446 663 546 697 haud
576 662 685 695 simili
717 662 839 696 animo
863 662 928 695 tua
952 662 1089 706 scripta
1113 661 1324 705 perlegere,
1356 671 1513 704 quorum
1537 662 1615 695 tam
1639 661 1863 695 horrendum
1888 672 1971 695 con-

351 720 473 753 silium
503 729 562 752 me
593 718 776 752 sollicitat.
830 717 962 760 Itaque
993 728 1039 751 ne
1070 728 1248 762 properes
1279 717 1388 751 edere
1418 744 1426 751 .
1447 744 1453 750 .
1475 744 1483 751 .
1512 717 1567 751 uti
1598 717 1792 750 minimum
1816 727 1972 760 usquam

352 776 473 809 locum
503 774 691 817 relinquas
721 773 931 815 calumniae,
964 774 1102 816 quippe
1134 773 1236 807 cuius
1267 772 1475 806 occasiones
1507 783 1633 806 omnes
1664 772 1864 806 acutissimi
1894 772 1973 816 qui-

353 831 437 864 dam
468 830 537 864 viri
568 830 813 863 decreverunt
844 829 881 862 et
910 829 1164 873 pervestigare
1196 829 1396 872 diligenter
1428 830 1465 862 et
1492 828 1654 862 libenter
1678 828 1860 872 avideque
1886 828 1973 861 arri-

352 898 451 931 pere.
501 886 588 927 ‘Qui
613 886 714 918 sunt’
740 884 862 928 inquis
889 884 989 917 ‘hi‘?'
1031 884 1231 918 Nominare
1255 884 1423 927 profecto
1448 894 1594 926 vereor,
1627 894 1673 917 ne
1703 883 1773 917 tibi
1804 882 1975 917 concidat

353 944 496 977 animus
524 943 665 975 terrore
690 942 766 974 tam
792 940 1001 983 potentium
1034 940 1204 973 hostium.
1253 939 1326 973 Sed
1351 939 1471 973 dicam
1496 941 1640 981 tamen,
1674 950 1746 983 quo
1777 938 1843 973 fias
1873 938 1973 972 vide-

354 1000 441 1032 licet
465 998 628 1032 cautior:
655 1007 817 1029 summus
841 995 904 1029 ille
929 1006 1038 1039 quem
1064 995 1162 1029 nosti
1188 995 1383 1039 theologus
1407 993 1686 1036 Franciscanus,
1720 994 1822 1028 cuius
1846 995 1887 1028 tu
1912 994 1974 1028 110-

353 1054 543 1088 norificam
574 1052 694 1086 fecisti
726 1051 953 1085 mentionem
977 1052 1015 1084 in
1041 1051 1203 1084 editione
1229 1050 1463 1093 Hieronymi,
1495 1050 1588 1083 inita
1612 1050 1865 1084 coniuratione
1891 1061 1974 1083 cum

354 1109 561 1144 lectissimis
592 1108 679 1141 viris
710 1107 875 1141 eiusdem
907 1107 1045 1140 ordinis
1077 1108 1113 1140 et
1138 1106 1264 1139 farina¹
1291 1106 1484 1139 constituit
1508 1107 1636 1139 contra
1660 1107 1726 1139 tua
1751 1105 1800 1148 (si
1825 1116 1899 1149 qua
1921 1106 1975 1138 in-

354 1166 480 1199 venire
506 1165 634 1208 possit)
666 1165 787 1197 errata
816 1163 987 1196 scribere.
1035 1162 1158 1205 Atque
1190 1162 1227 1195 id
1253 1172 1325 1205 quo
1349 1161 1465 1205 possit
1489 1161 1631 1195 facilius
1657 1161 1735 1195 fieri
1761 1162 1872 1204 atque
1898 1160 1974 1194 offi-

354 1222 490 1262 cacius,
524 1220 810 1254 coniuraverunt
840 1218 986 1262 partitis
1015 1218 1114 1251 inter
1144 1228 1181 1251 se
1209 1218 1283 1251 tuis
1308 1217 1496 1261 operibus,
1531 1228 1614 1251 eum
1639 1217 1785 1261 singula
1808 1216 1975 1261 perlege-

310 1304 313 1305 ν
352 1278 427 1310 rint
458 1276 617 1317 curiose,
651 1275 743 1308 nihil
773 1274 859 1307 inde
889 1284 1037 1317 prorsus
1067 1273 1289 1317 intelligere.
1337 1273 1391 1306 En
1422 1273 1526 1307 vides
1550 1274 1730 1317 quantuni
1756 1273 1976 1307 discriminis

354 1332 545 1377 impendet
569 1331 648 1364 tibi.
687 1330 822 1364 Contra
846 1330 1049 1364 curandum
1076 1331 1131 1363 est
1154 1340 1220 1373 pro
1245 1328 1502 1373 magnitudine
1528 1328 1684 1372 periculi
1707 1330 1789 1362 tuas
1814 1329 1856 1362 ut
1879 1339 1975 1362 com-

353 1400 460 1433 pares
486 1387 620 1431 copias.
668 1386 856 1427 Profecto,
889 1385 1056 1427 Erasme,
1088 1386 1125 1418 in
1150 1386 1330 1419 nocturno
1355 1385 1516 1428 quodam
1541 1385 1670 1418 senatu
1696 1385 1746 1418 sic
1771 1385 1978 1418 statuerant

357 1446 448 1479 bene
466 1443 617 1477 madidi.
656 1442 795 1476 Verum
819 1442 1016 1485 postridie,
1034 1442 1077 1474 ut
1093 1441 1221 1483 audio,
1240 1441 1303 1474 ubi
1321 1440 1452 1474 villum
1471 1440 1737 1482 edormierant,
1757 1440 1863 1474 obliti
1882 1441 1974 1484 puto

354 1499 535 1544 propositi
558 1499 613 1532 sui
639 1498 928 1541 oblitteratoque
954 1497 1121 1539 decreto,
1154 1497 1293 1540 quippe.
1319 1496 1417 1540 quod
1443 1496 1528 1530 vino
1554 1496 1832 1539 inscripserant,
1866 1496 1976 1530 desti-

354 1557 480 1590 terunt
511 1556 648 1598 coepto,
681 1555 794 1597 atque
821 1564 842 1587 a
864 1553 1024 1597 legendo
1056 1553 1102 1587 ad
1130 1552 1417 1586 mendicandum
1442 1563 1565 1585 rursus
1590 1551 1832 1593 rettulerunt,
1865 1562 1976 1595 quam

353 1624 431 1646 reni
461 1612 540 1655 ipso
573 1622 640 1644 usu
671 1610 780 1654 longe
811 1609 881 1643 sibi
914 1609 1217 1652 comprobassent
1246 1608 1409 1641 utilius.“
1457 1607 1631 1651 Epistolae
1655 1606 1695 1641 O.
1710 1607 1752 1641 V.
1774 1608 1812 1641 et
1836 1619 1869 1651 q.
1888 1618 1914 1641 s.
1939 1608 1977 1640 in

355 1668 460 1701 Hutt.
479 1667 572 1711 Opp.
591 1666 616 1699 I.
635 1678 669 1710 p.
690 1670 768 1707 128,
787 1675 828 1699 28.
847 1679 911 1707 sqq.

266 1729 305 1759 17
332 1724 429 1768 quod
492 1723 581 1767 pce]
600 1723 642 1755 ut
658 1722 750 1755 nihil
767 1722 933 1765 pecuniae
950 1721 1041 1753 mihi
1059 1720 1228 1764 supersit,
1242 1722 1362 1754 totum
1377 1720 1561 1753 sacculum
1580 1719 1690 1763 plane
1709 1719 1977 1754 evacuaverim.

268 1784 307 1814 18
326 1781 464 1824 posuit]
490 1779 698 1823 proposuit,
727 1777 947 1811 adfirmavit.

311 1837 442 1869 doctor.
466 1845 493 1869 s.
513 1838 544 1868 et
568 1834 767 1877 modernos]
793 1832 974 1866 Thomam
998 1833 1224 1876 Aquinatem
1250 1834 1289 1867 et
1312 1833 1529 1867 Thomistas.

265 1897 307 1926 20
330 1902 501 1936 {fenerare
526 1894 556 1924 et
581 1890 718 1933 facere]
750 1899 880 1933 Zeu-qen
907 1889 986 1922 und
1009 1890 1176 1931 vincken,
1206 1890 1373 1932 sclmffen.
1424 1888 1573 1922 Scilicet
1597 1888 1658 1921 dei
1684 1888 1779 1922 filius
1805 1889 1889 1922 ante
1915 1899 1976 1922 sae—

355 1948 437 1982 cula
460 1947 546 1989 fuit,
572 1946 752 1979 mundum
778 1945 935 1987 creavit,
961 1945 1051 1979 fecit
1075 1945 1176 1979 deus.

264 2009 305 2039 21
331 2003 563 2047 sophismata]
593 2002 738 2036 Nomen
765 2003 830 2035 aut
852 2001 1115 2035 indeclinabile
1141 2002 1205 2035 aut
1229 2001 1447 2035 femininum
1472 2002 1592 2034 visum
1619 2003 1674 2035 est
1697 2000 1873 2035 Sculteto.

265 2065 306 2094 22
333 2060 427 2105 quod
451 2070 525 2093 mm
548 2059 773 2103 intelliymzt]
799 2058 843 2092 cf.
862 2069 896 2102 p.
916 2059 1004 2092 75¹⁷.

266 2121 307 2150 23
332 2116 497 2149 conatibus
520 2126 613 2159 mags.
631 2127 665 2149 οι.
685 2118 734 2149 est
756 2115 849 2159 rabi]
876 2114 919 2148 cf.
938 2114 985 2148 ad
1009 2115 1128 2147 4¹⁴1sq-

265 2176 308 2206 24
333 2173 429 2206 dicta
448 2172 560 2215 Pica]
587 2171 702 2204 Totus
727 2170 802 2204 fere
827 2170 923 2204 liber
946 2183 981 2204 11.
999 2170 1045 2204 de
1072 2172 1149 2204 arte
1175 2170 1253 2204 cab.
1271 2171 1418 2204 tractat.
1437 2169 1482 2203 de
1500 2169 1728 2214 Pythagora,
1755 2169 1819 2213 qui
1836 2168 1978 2202 Reueh-

353 2228 429 2261 lino
461 2238 607 2271 quoque
639 2226 711 2260 fuit
741 2226 945 2268 Cabalista;
982 2226 1310 2271 Pythagoraeorum
1343 2227 1380 2259 et
1412 2225 1681 2259 Cabalistarum
1711 2225 1869 2258 similem
1901 2235 1978 2258 esse

355 2284 561 2318 doctrinam
587 2283 747 2326 exponit.
790 2282 833 2316 cf.
853 2282 898 2316 ad
924 2294 1002 2326 sup.
1028 2293 1062 2315 v.
1083 2286 1133 2316 11.
1152 2282 1275 2316 adnot.
1314 2281 1402 2323 Quae
1426 2282 1596 2315 feruntur
1619 2281 1840 2325 Pythagorae
1864 2280 1978 2314 Samii

355 2340 572 2384 superstites
601 2339 736 2380 libelli,
769 2349 880 2372 aurea
910 2338 1089 2380 carmina,
1122 2338 1265 2381 sphaera
1296 2338 1333 2371 et
1361 2337 1505 2379 tabula,
1540 2337 1712 2381 epistola,
1743 2336 1976 2381 Pythagorae,

355 2406 466 2439 quem
497 2395 633 2438 scripta
663 2394 766 2428 nulla
796 2394 987 2437 reliquisse
1019 2395 1164 2427 veteres
1194 2394 1329 2437 passim
1360 2394 1600 2435 monuerunt,
1637 2403 1710 2427 non
1741 2403 1836 2435 esse,
1868 2392 1977 2426 hodie

354 2452 415 2486 vix
440 2462 531 2495 opus
556 2452 612 2485 est
634 2461 795 2484 monere.

265 2512 308 2542 25
332 2508 408 2550 fuit
430 2507 698 2551 myromantic.]
719 2506 1021 2550 ‘Pythagoricam
1044 2506 1355 2539 necromantiam'
1380 2506 1454 2539 iam
1471 2505 1700 2550 Augustinus
1722 2506 1904 2539 memorat
1920 2515 1978 2549 ap.

357 2563 574 2598 Gratianum
600 2573 678 2596 can.
699 2566 750 2596 16.
769 2562 829 2596 Ca.
847 2574 941 2596 xxm.
959 2574 1019 2606 qu.
1038 2566 1068 2596 7.

309 2619 572 2664 ἠἰῃνοτηῑινϋὶίι]
599 2619 642 2654 cf.
661 2619 707 2653 ad
723 2620 811 2653 52¹¹.

266 2680 308 2710 26
327 2679 430 2719 patet
454 2703 459 2709 .
482 2703 490 2710 .
512 2703 517 2709 .
541 2676 657 2719 asini]
691 2675 742 2709 Ut
766 2675 839 2708 alia
862 2674 1039 2708 nonnulla
1064 2675 1100 2707 in
1127 2675 1182 2708 his
1208 2675 1390 2718 epistolis,
1422 2675 1475 2708 ita
1505 2684 1652 2718 quoque
1684 2673 1889 2707 delusorius
1920 2672 1978 2706 hic

356 2743 512 2766 canones
541 2731 691 2775 legesve
723 2730 910 2775 allegandi
941 2730 1072 2764 modus
1102 2730 1325 2772 Quodlibeta
1355 2730 1532 2764 imitatur.
1582 2729 1750 2763 Gratiani
1780 2729 1901 2764 locum
1932 2729 1977 2762 de

354 2788 636 2822 necromanticis
661 2787 745 2821 vide
771 2797 882 2831 supra
907 2786 952 2820 ad
978 2788 1067 2823 52¹⁴.

266 2848 307 2878 27
334 2844 455 2878 doctor
475 2854 503 2877 s.
521 2847 554 2877 et
570 2844 687 2877 Arest.
705 2844 744 2876 in
768 2852 863 2876 nono
884 2843 966 2886 Pa]
1000 2841 1149 2876 Scilicet
1173 2844 1211 2876 et
1233 2854 1258 2876 S.
1275 2842 1426 2876 Thomae
1452 2844 1489 2876 et
1511 2841 1721 2875 Aristotelis
1743 2841 1880 2885 scripta
1907 2840 1978 2874 huc

357 2900 504 2933 omnino
529 2910 601 2933 non
626 2899 832 2942 pertinent,
864 2899 971 2932 huius
995 2897 1236 2942 Physicorum
1261 2900 1346 2932 sunt
1369 2899 1515 2932 tantum
1541 2898 1624 2931 octo
1648 2897 1744 2931 libri.
1980 2896 1990 2903 ⁴

268 2958 309 2989 28
334 2956 374 2989 in
405 2956 468 2988 7100
499 2956 588 2988 libro
620 2956 701 2998 eta]
740 2954 781 2987 In
806 2954 1001 2988 lteuehlini
1026 2954 1071 2987 de
1101 2955 1179 2988 arte
1205 2954 1282 2988 cab.
1302 2954 1419 2996 libris,
1451 2954 1636 2998 praecipue
1664 2953 1776 2987 tertio
1803 2952 1977 2986 ‘multum

355 3011 574 3053 hebrfeum',
602 3010 664 3044 sed
690 3021 763 3043 11011
790 3010 965 3044 ‘multum
991 3011 1169 3054 graecum'
1198 3011 1262 3044 est.
