<?xml version="1.0" encoding="UTF-8"?>
<!DOCTYPE html PUBLIC "-//W3C//DTD XHTML 1.0 Transitional//EN"
    "http://www.w3.org/TR/xhtml1/DTD/xhtml1-transitional.dtd">
<html xmlns="http://www.w3.org/1999/xhtml" xml:lang="en" lang="en">
 <head>
  <title>
</title>
<meta http-equiv="Content-Type" content="text/html;charset=utf-8" />
  <meta name='ocr-system' content='tesseract 3.04.00' />
  <meta name='ocr-capabilities' content='ocr_page ocr_carea ocr_par ocr_line ocrx_word'/>
</head>
<body>
  <div class='ocr_page' id='page_1' title='image "./operaquaereperir02huttuoft/operaquaereperir02huttuoft_0440.png"; bbox 0 0 2119 3522; ppageno 0'>
   <div class='ocr_carea' id='block_1_1' title="bbox 282 230 1489 275">
    <p class='ocr_par' dir='ltr' id='par_1_1' title="bbox 282 230 1489 275">
     <span class='ocr_line' id='line_1_1' title="bbox 282 230 1489 275; baseline -0.001 -9"><span class='ocrx_word' id='word_1_1' title='bbox 282 230 377 275; x_wconf 71' lang='lat'>426</span> <span class='ocrx_word' id='word_1_2' title='bbox 775 246 882 267; x_wconf 75' lang='lat' dir='ltr'>mnex</span> <span class='ocrx_word' id='word_1_3' title='bbox 906 243 1157 266; x_wconf 77' lang='lat' dir='ltr'>BIOGRAPHICVS</span> <span class='ocrx_word' id='word_1_4' title='bbox 1182 244 1223 264; x_wconf 83' lang='lat' dir='ltr'>ET</span> <span class='ocrx_word' id='word_1_5' title='bbox 1248 242 1489 265; x_wconf 75' lang='lat' dir='ltr'>ONOMASTICVS.</span> 
     </span>
    </p>
   </div>
   <div class='ocr_carea' id='block_1_2' title="bbox 270 356 1991 2427">
    <p class='ocr_par' dir='ltr' id='par_1_2' title="bbox 270 356 1991 2427">
     <span class='ocr_line' id='line_1_2' title="bbox 283 356 1988 408; baseline 0 -10"><span class='ocrx_word' id='word_1_6' title='bbox 283 369 513 399; x_wconf 76' lang='lat' dir='ltr'>MVTIANVS</span> <span class='ocrx_word' id='word_1_7' title='bbox 549 358 689 408; x_wconf 76' lang='lat' dir='ltr'>(Mutlz)</span> <span class='ocrx_word' id='word_1_8' title='bbox 726 359 949 405; x_wconf 70' lang='lat' dir='ltr'>conradus,</span> <span class='ocrx_word' id='word_1_9' title='bbox 983 359 1222 408; x_wconf 84' lang='lat' dir='ltr'>cognomine</span> <span class='ocrx_word' id='word_1_10' title='bbox 1253 358 1395 404; x_wconf 80' lang='lat' dir='ltr'>Rufus,</span> <span class='ocrx_word' id='word_1_11' title='bbox 1426 356 1652 408; x_wconf 87' lang='lat' dir='ltr'>Homburgi</span> <span class='ocrx_word' id='word_1_12' title='bbox 1672 359 1894 397; x_wconf 83' lang='lat' dir='ltr'>Hassorum</span> <span class='ocrx_word' id='word_1_13' title='bbox 1925 360 1988 398; x_wconf 85' lang='lat' dir='ltr'>die</span> 
     </span>
     <span class='ocr_line' id='line_1_3' title="bbox 284 413 1989 464; baseline 0 -11"><span class='ocrx_word' id='word_1_14' title='bbox 284 419 346 454; x_wconf 82' lang='lat'>15.</span> <span class='ocrx_word' id='word_1_15' title='bbox 372 415 533 454; x_wconf 56' lang='lat' dir='ltr'>Octol&#39;).¹</span> <span class='ocrx_word' id='word_1_16' title='bbox 558 417 655 452; x_wconf 86' lang='lat' dir='ltr'>anni</span> <span class='ocrx_word' id='word_1_17' title='bbox 680 414 820 451; x_wconf 71' lang='lat'>1472.²</span> <span class='ocrx_word' id='word_1_18' title='bbox 842 421 972 461; x_wconf 84' lang='lat' dir='ltr'>natus,</span> <span class='ocrx_word' id='word_1_19' title='bbox 996 420 1152 464; x_wconf 89' lang='lat' dir='ltr'>patrem</span> <span class='ocrx_word' id='word_1_20' title='bbox 1171 413 1312 451; x_wconf 84' lang='lat' dir='ltr'>habuit</span> <span class='ocrx_word' id='word_1_21' title='bbox 1335 414 1550 451; x_wconf 82' lang='lat' dir='ltr'>‘Ioannem</span> <span class='ocrx_word' id='word_1_22' title='bbox 1572 414 1705 460; x_wconf 84' lang='lat' dir='ltr'>Mudt,</span> <span class='ocrx_word' id='word_1_23' title='bbox 1732 415 1989 454; x_wconf 78' lang='lat' dir='ltr'>decurionem</span> 
     </span>
     <span class='ocr_line' id='line_1_4' title="bbox 281 469 1991 522; baseline 0.001 -14"><span class='ocrx_word' id='word_1_24' title='bbox 281 472 419 522; x_wconf 79' lang='lat' dir='ltr'>oppidi</span> <span class='ocrx_word' id='word_1_25' title='bbox 450 472 694 522; x_wconf 82' lang='lat' dir='ltr'>primarium,</span> <span class='ocrx_word' id='word_1_26' title='bbox 727 476 894 508; x_wconf 83' lang='lat' dir='ltr'>matrem</span> <span class='ocrx_word' id='word_1_27' title='bbox 913 470 1077 507; x_wconf 80' lang='lat' dir='ltr'>Annam</span> <span class='ocrx_word' id='word_1_28' title='bbox 1107 483 1188 507; x_wconf 80' lang='lat' dir='ltr'>von</span> <span class='ocrx_word' id='word_1_29' title='bbox 1212 469 1468 520; x_wconf 80' lang='lat' dir='ltr'>Crutzburgk</span> <span class='ocrx_word' id='word_1_30' title='bbox 1499 483 1549 507; x_wconf 80' lang='lat' dir='ltr'>ex</span> <span class='ocrx_word' id='word_1_31' title='bbox 1579 470 1649 508; x_wconf 82' lang='grc'>11111</span> <span class='ocrx_word' id='word_1_32' title='bbox 1679 471 1807 508; x_wconf 87' lang='lat' dir='ltr'>nobili</span> <span class='ocrx_word' id='word_1_33' title='bbox 1837 472 1991 509; x_wconf 82' lang='lat' dir='ltr'>familia</span> 
     </span>
     <span class='ocr_line' id='line_1_5' title="bbox 281 524 1986 580; baseline 0.001 -16"><span class='ocrx_word' id='word_1_34' title='bbox 281 529 459 577; x_wconf 63' lang='lat' dir='ltr'>equitum</span> <span class='ocrx_word' id='word_1_35' title='bbox 489 530 558 564; x_wconf 77' lang='lat' dir='ltr'>cler</span> <span class='ocrx_word' id='word_1_36' title='bbox 581 540 650 564; x_wconf 78' lang='lat' dir='ltr'>von</span> <span class='ocrx_word' id='word_1_37' title='bbox 673 528 946 575; x_wconf 54' lang='lat' dir='ltr'>Gramma-914³,</span> <span class='ocrx_word' id='word_1_38' title='bbox 979 534 1023 563; x_wconf 90' lang='lat' dir='ltr'>ut</span> <span class='ocrx_word' id='word_1_39' title='bbox 1054 527 1139 576; x_wconf 87' lang='lat' dir='ltr'>ipse</span> <span class='ocrx_word' id='word_1_40' title='bbox 1161 524 1349 563; x_wconf 69' lang='lat' dir='ltr'>rettulit3.</span> <span class='ocrx_word' id='word_1_41' title='bbox 1395 526 1582 563; x_wconf 78' lang='lat' dir='ltr'>Parentis</span> <span class='ocrx_word' id='word_1_42' title='bbox 1613 525 1763 563; x_wconf 88' lang='lat' dir='ltr'>obitum</span> <span class='ocrx_word' id='word_1_43' title='bbox 1793 541 1894 577; x_wconf 89' lang='lat' dir='ltr'>puer</span> <span class='ocrx_word' id='word_1_44' title='bbox 1926 529 1986 580; x_wconf 80' lang='lat' dir='ltr'>‘in</span> 
     </span>
     <span class='ocr_line' id='line_1_6' title="bbox 280 582 1988 634; baseline 0.001 -14"><span class='ocrx_word' id='word_1_45' title='bbox 280 584 489 634; x_wconf 74' lang='lat' dir='ltr'>gymnasio</span> <span class='ocrx_word' id='word_1_46' title='bbox 512 583 822 620; x_wconf 85' lang='lat' dir='ltr'>Daventriensi&#39;</span> <span class='ocrx_word' id='word_1_47' title='bbox 847 582 1013 628; x_wconf 88' lang='lat' dir='ltr'>audivit,</span> <span class='ocrx_word' id='word_1_48' title='bbox 1046 582 1115 619; x_wconf 80' lang='lat' dir='ltr'>ubi</span> <span class='ocrx_word' id='word_1_49' title='bbox 1137 582 1312 631; x_wconf 81' lang='lat' dir='ltr'>Hegium</span> <span class='ocrx_word' id='word_1_50' title='bbox 1335 587 1631 631; x_wconf 75' lang='lat' dir='ltr'>praeceptorem,</span> <span class='ocrx_word' id='word_1_51' title='bbox 1664 582 1875 620; x_wconf 86' lang='lat' dir='ltr'>Erasmum</span> <span class='ocrx_word' id='word_1_52' title='bbox 1892 598 1988 625; x_wconf 51' lang='lat' dir='ltr'>xcon-</span> 
     </span>
     <span class='ocr_line' id='line_1_7' title="bbox 281 638 1988 689; baseline 0.001 -14"><span class='ocrx_word' id='word_1_53' title='bbox 281 639 521 689; x_wconf 84' lang='lat' dir='ltr'>discipulum</span> <span class='ocrx_word' id='word_1_54' title='bbox 558 638 712 678; x_wconf 84' lang='lat' dir='ltr'>habuit.</span> <span class='ocrx_word' id='word_1_55' title='bbox 773 638 896 675; x_wconf 90' lang='lat' dir='ltr'>Anno</span> <span class='ocrx_word' id='word_1_56' title='bbox 932 639 1163 675; x_wconf 61' lang='grc'>1486611111</span> <span class='ocrx_word' id='word_1_57' title='bbox 1202 639 1325 675; x_wconf 84' lang='lat' dir='ltr'>fratre</span> <span class='ocrx_word' id='word_1_58' title='bbox 1362 638 1518 675; x_wconf 79' lang='lat' dir='ltr'>Ioanne</span> <span class='ocrx_word' id='word_1_59' title='bbox 1557 639 1599 675; x_wconf 89' lang='lat' dir='ltr'>in</span> <span class='ocrx_word' id='word_1_60' title='bbox 1638 639 1887 676; x_wconf 79' lang='lat' dir='ltr'>matriculam</span> <span class='ocrx_word' id='word_1_61' title='bbox 1916 640 1988 677; x_wconf 84' lang='lat' dir='ltr'>Er-</span> 
     </span>
     <span class='ocr_line' id='line_1_8' title="bbox 279 694 1990 745; baseline 0.001 -14"><span class='ocrx_word' id='word_1_62' title='bbox 279 696 499 732; x_wconf 78' lang='lat' dir='ltr'>furteusem</span> <span class='ocrx_word' id='word_1_63' title='bbox 531 695 747 744; x_wconf 86' lang='lat' dir='ltr'>inscriptus</span> <span class='ocrx_word' id='word_1_64' title='bbox 778 695 944 745; x_wconf 68' lang='lat' dir='ltr'>legiturg</span> <span class='ocrx_word' id='word_1_65' title='bbox 981 708 1088 731; x_wconf 87' lang='lat' dir='ltr'>anno</span> <span class='ocrx_word' id='word_1_66' title='bbox 1124 694 1244 732; x_wconf 75' lang='lat'>1492.</span> <span class='ocrx_word' id='word_1_67' title='bbox 1278 694 1422 730; x_wconf 86' lang='lat' dir='ltr'>artium</span> <span class='ocrx_word' id='word_1_68' title='bbox 1452 694 1643 743; x_wconf 81' lang='lat' dir='ltr'>magister</span> <span class='ocrx_word' id='word_1_69' title='bbox 1674 694 1802 732; x_wconf 87' lang='lat' dir='ltr'>factus</span> <span class='ocrx_word' id='word_1_70' title='bbox 1832 695 1990 738; x_wconf 85' lang='lat' dir='ltr'>Erfurti</span> 
     </span>
     <span class='ocr_line' id='line_1_9' title="bbox 279 748 1988 800; baseline 0.001 -13"><span class='ocrx_word' id='word_1_71' title='bbox 279 752 384 788; x_wconf 86' lang='lat' dir='ltr'>inter</span> <span class='ocrx_word' id='word_1_72' title='bbox 417 751 607 788; x_wconf 79' lang='lat' dir='ltr'>docentes</span> <span class='ocrx_word' id='word_1_73' title='bbox 639 752 858 788; x_wconf 74' lang='lat' dir='ltr'>clarescere</span> <span class='ocrx_word' id='word_1_74' title='bbox 889 756 1077 800; x_wconf 85' lang='lat' dir='ltr'>coeperat,</span> <span class='ocrx_word' id='word_1_75' title='bbox 1110 764 1197 787; x_wconf 90' lang='lat' dir='ltr'>cum</span> <span class='ocrx_word' id='word_1_76' title='bbox 1228 764 1299 800; x_wconf 86' lang='lat' dir='ltr'>pro</span> <span class='ocrx_word' id='word_1_77' title='bbox 1331 763 1439 787; x_wconf 89' lang='lat' dir='ltr'>more</span> <span class='ocrx_word' id='word_1_78' title='bbox 1471 750 1553 787; x_wconf 85' lang='lat' dir='ltr'>eius</span> <span class='ocrx_word' id='word_1_79' title='bbox 1584 748 1775 800; x_wconf 84' lang='lat' dir='ltr'>temporis</span> <span class='ocrx_word' id='word_1_80' title='bbox 1807 751 1882 788; x_wconf 86' lang='lat' dir='ltr'>iter</span> <span class='ocrx_word' id='word_1_81' title='bbox 1908 751 1988 789; x_wconf 82' lang='lat' dir='ltr'>Ita-</span> 
     </span>
     <span class='ocr_line' id='line_1_10' title="bbox 277 805 1989 857; baseline 0.001 -14"><span class='ocrx_word' id='word_1_82' title='bbox 277 808 397 843; x_wconf 91' lang='lat' dir='ltr'>licum</span> <span class='ocrx_word' id='word_1_83' title='bbox 434 807 673 857; x_wconf 62' lang='lat' dir='ltr'>susciperetg</span> <span class='ocrx_word' id='word_1_84' title='bbox 715 807 907 857; x_wconf 80' lang='lat' dir='ltr'>imprimis</span> <span class='ocrx_word' id='word_1_85' title='bbox 938 807 1134 843; x_wconf 79' lang='lat' dir='ltr'>Bononiae</span> <span class='ocrx_word' id='word_1_86' title='bbox 1172 806 1329 843; x_wconf 82' lang='lat' dir='ltr'>Latinis</span> <span class='ocrx_word' id='word_1_87' title='bbox 1363 805 1593 856; x_wconf 80' lang='lat' dir='ltr'>Graecisque</span> <span class='ocrx_word' id='word_1_88' title='bbox 1631 807 1773 843; x_wconf 85' lang='lat' dir='ltr'>litteris</span> <span class='ocrx_word' id='word_1_89' title='bbox 1812 820 1857 844; x_wconf 85' lang='lat' dir='ltr'>ac</span> <span class='ocrx_word' id='word_1_90' title='bbox 1894 807 1989 845; x_wconf 83' lang='lat' dir='ltr'>iuris</span> 
     </span>
     <span class='ocr_line' id='line_1_11' title="bbox 278 862 1988 913; baseline 0 -13"><span class='ocrx_word' id='word_1_91' title='bbox 278 863 456 900; x_wconf 78' lang='lat' dir='ltr'>scientiae</span> <span class='ocrx_word' id='word_1_92' title='bbox 488 862 684 909; x_wconf 71' lang='lat' dir='ltr'>incubuit,</span> <span class='ocrx_word' id='word_1_93' title='bbox 716 876 883 913; x_wconf 81' lang='lat' dir='ltr'>cumque</span> <span class='ocrx_word' id='word_1_94' title='bbox 906 864 1066 899; x_wconf 87' lang='lat' dir='ltr'>summis</span> <span class='ocrx_word' id='word_1_95' title='bbox 1099 864 1157 899; x_wconf 86' lang='lat' dir='ltr'>sui</span> <span class='ocrx_word' id='word_1_96' title='bbox 1189 863 1380 912; x_wconf 86' lang='lat' dir='ltr'>temporis</span> <span class='ocrx_word' id='word_1_97' title='bbox 1401 863 1498 899; x_wconf 84' lang='lat' dir='ltr'>viris</span> <span class='ocrx_word' id='word_1_98' title='bbox 1530 863 1864 900; x_wconf 78' lang='lat' dir='ltr'>consuetudinem</span> <span class='ocrx_word' id='word_1_99' title='bbox 1894 864 1988 901; x_wconf 81' lang='lat' dir='ltr'>ami-</span> 
     </span>
     <span class='ocr_line' id='line_1_12' title="bbox 277 917 1989 969; baseline 0.001 -13"><span class='ocrx_word' id='word_1_100' title='bbox 277 919 493 969; x_wconf 85' lang='lat' dir='ltr'>citiamque</span> <span class='ocrx_word' id='word_1_101' title='bbox 527 920 746 966; x_wconf 76' lang='lat' dir='ltr'>contraxit,</span> <span class='ocrx_word' id='word_1_102' title='bbox 787 919 923 969; x_wconf 79' lang='lat' dir='ltr'>ibique</span> <span class='ocrx_word' id='word_1_103' title='bbox 955 919 1208 956; x_wconf 87' lang='lat' dir='ltr'>decretorum</span> <span class='ocrx_word' id='word_1_104' title='bbox 1240 919 1378 955; x_wconf 87' lang='lat' dir='ltr'>doctor</span> <span class='ocrx_word' id='word_1_105' title='bbox 1408 918 1537 955; x_wconf 88' lang='lat' dir='ltr'>factus</span> <span class='ocrx_word' id='word_1_106' title='bbox 1570 924 1761 956; x_wconf 85' lang='lat' dir='ltr'>autumno</span> <span class='ocrx_word' id='word_1_107' title='bbox 1793 933 1829 956; x_wconf 84' lang='lat' dir='ltr'>a.</span> <span class='ocrx_word' id='word_1_108' title='bbox 1854 917 1989 957; x_wconf 74' lang='grc' dir='ltr'>1502.ί</span> 
     </span>
     <span class='ocr_line' id='line_1_13' title="bbox 278 973 1991 1025; baseline 0 -13"><span class='ocrx_word' id='word_1_109' title='bbox 278 975 439 1012; x_wconf 89' lang='lat' dir='ltr'>domum</span> <span class='ocrx_word' id='word_1_110' title='bbox 469 988 652 1013; x_wconf 81' lang='lat' dir='ltr'>reversus</span> <span class='ocrx_word' id='word_1_111' title='bbox 684 976 725 1012; x_wconf 90' lang='lat' dir='ltr'>in</span> <span class='ocrx_word' id='word_1_112' title='bbox 748 976 881 1012; x_wconf 85' lang='lat' dir='ltr'>aulam</span> <span class='ocrx_word' id='word_1_113' title='bbox 911 976 1104 1025; x_wconf 87' lang='lat' dir='ltr'>principis</span> <span class='ocrx_word' id='word_1_114' title='bbox 1129 974 1334 1012; x_wconf 84' lang='lat' dir='ltr'>Cattorum</span> <span class='ocrx_word' id='word_1_115' title='bbox 1355 980 1539 1024; x_wconf 88' lang='lat' dir='ltr'>receptus</span> <span class='ocrx_word' id='word_1_116' title='bbox 1563 981 1632 1021; x_wconf 84' lang='lat' dir='ltr'>est⁷</span> <span class='ocrx_word' id='word_1_117' title='bbox 1666 975 1769 1021; x_wconf 88' lang='lat' dir='ltr'>„ubi</span> <span class='ocrx_word' id='word_1_118' title='bbox 1802 973 1991 1024; x_wconf 69' lang='lat' dir='ltr'>&lt;Adami³</span> 
     </span>
     <span class='ocr_line' id='line_1_14' title="bbox 276 1030 1988 1081; baseline 0 -13"><span class='ocrx_word' id='word_1_119' title='bbox 276 1031 358 1068; x_wconf 83' lang='lat' dir='ltr'>haec</span> <span class='ocrx_word' id='word_1_120' title='bbox 391 1031 514 1069; x_wconf 79' lang='lat' dir='ltr'>verba</span> <span class='ocrx_word' id='word_1_121' title='bbox 545 1030 663 1080; x_wconf 81' lang='lat' dir='ltr'>sunt)</span> <span class='ocrx_word' id='word_1_122' title='bbox 696 1038 779 1068; x_wconf 89' lang='lat' dir='ltr'>tum</span> <span class='ocrx_word' id='word_1_123' title='bbox 811 1032 1074 1068; x_wconf 88' lang='lat' dir='ltr'>cancellarius</span> <span class='ocrx_word' id='word_1_124' title='bbox 1107 1037 1191 1068; x_wconf 83' lang='lat' dir='ltr'>erat</span> <span class='ocrx_word' id='word_1_125' title='bbox 1230 1031 1356 1080; x_wconf 85' lang='lat' dir='ltr'>ipsius</span> <span class='ocrx_word' id='word_1_126' title='bbox 1386 1030 1558 1067; x_wconf 87' lang='lat' dir='ltr'>Mutiani</span> <span class='ocrx_word' id='word_1_127' title='bbox 1596 1031 1722 1069; x_wconf 82' lang='lat' dir='ltr'>frater</span> <span class='ocrx_word' id='word_1_128' title='bbox 1752 1044 1988 1081; x_wconf 84' lang='lat' dir='ltr'>germanus:</span> 
     </span>
     <span class='ocr_line' id='line_1_15' title="bbox 278 1086 1988 1137; baseline 0.001 -13"><span class='ocrx_word' id='word_1_129' title='bbox 278 1088 454 1124; x_wconf 81' lang='lat' dir='ltr'>offensus</span> <span class='ocrx_word' id='word_1_130' title='bbox 486 1087 554 1124; x_wconf 79' lang='lat' dir='ltr'>illo</span> <span class='ocrx_word' id='word_1_131' title='bbox 578 1088 669 1124; x_wconf 71' lang='lat' dir='ltr'>vitae</span> <span class='ocrx_word' id='word_1_132' title='bbox 700 1100 863 1137; x_wconf 75' lang='lat' dir='ltr'>genere,</span> <span class='ocrx_word' id='word_1_133' title='bbox 897 1101 975 1137; x_wconf 84' lang='lat' dir='ltr'>quo</span> <span class='ocrx_word' id='word_1_134' title='bbox 1007 1087 1172 1124; x_wconf 82' lang='lat' dir='ltr'>liberius</span> <span class='ocrx_word' id='word_1_135' title='bbox 1196 1100 1359 1136; x_wconf 79' lang='lat' dir='ltr'>operam</span> <span class='ocrx_word' id='word_1_136' title='bbox 1386 1086 1528 1123; x_wconf 84' lang='lat' dir='ltr'>studiis</span> <span class='ocrx_word' id='word_1_137' title='bbox 1558 1087 1826 1137; x_wconf 67' lang='lat' dir='ltr'>philosophiae</span> <span class='ocrx_word' id='word_1_138' title='bbox 1849 1093 1888 1124; x_wconf 89' lang='lat' dir='ltr'>et</span> <span class='ocrx_word' id='word_1_139' title='bbox 1917 1087 1988 1125; x_wconf 87' lang='lat' dir='ltr'>hu-</span> 
     </span>
     <span class='ocr_line' id='line_1_16' title="bbox 277 1143 1989 1193; baseline 0.001 -14"><span class='ocrx_word' id='word_1_140' title='bbox 277 1144 500 1189; x_wconf 83' lang='lat' dir='ltr'>manitatis,</span> <span class='ocrx_word' id='word_1_141' title='bbox 544 1143 594 1180; x_wconf 86' lang='lat' dir='ltr'>ad</span> <span class='ocrx_word' id='word_1_142' title='bbox 626 1156 713 1193; x_wconf 80' lang='lat' dir='ltr'>quae</span> <span class='ocrx_word' id='word_1_143' title='bbox 746 1149 863 1180; x_wconf 84' lang='lat' dir='ltr'>natus</span> <span class='ocrx_word' id='word_1_144' title='bbox 897 1149 998 1187; x_wconf 80' lang='lat' dir='ltr'>erat,</span> <span class='ocrx_word' id='word_1_145' title='bbox 1035 1143 1130 1180; x_wconf 86' lang='lat' dir='ltr'>darc</span> <span class='ocrx_word' id='word_1_146' title='bbox 1162 1148 1314 1192; x_wconf 83' lang='lat' dir='ltr'>posset,</span> <span class='ocrx_word' id='word_1_147' title='bbox 1348 1143 1511 1180; x_wconf 85' lang='lat' dir='ltr'>secessit</span> <span class='ocrx_word' id='word_1_148' title='bbox 1542 1143 1582 1179; x_wconf 88' lang='lat' dir='ltr'>in</span> <span class='ocrx_word' id='word_1_149' title='bbox 1614 1143 1866 1193; x_wconf 87' lang='lat' dir='ltr'>Turingiam.</span> <span class='ocrx_word' id='word_1_150' title='bbox 1926 1143 1989 1181; x_wconf 82' lang='lat' dir='ltr'>Ibi</span> 
     </span>
     <span class='ocr_line' id='line_1_17' title="bbox 276 1198 1988 1249; baseline 0.001 -14"><span class='ocrx_word' id='word_1_151' title='bbox 276 1199 425 1236; x_wconf 79' lang='lat' dir='ltr'>auxilio</span> <span class='ocrx_word' id='word_1_152' title='bbox 458 1199 623 1236; x_wconf 85' lang='lat' dir='ltr'>alterius</span> <span class='ocrx_word' id='word_1_153' title='bbox 655 1199 807 1244; x_wconf 86' lang='lat' dir='ltr'>fratris,</span> <span class='ocrx_word' id='word_1_154' title='bbox 848 1200 915 1249; x_wconf 90' lang='lat' dir='ltr'>qui</span> <span class='ocrx_word' id='word_1_155' title='bbox 947 1205 1030 1236; x_wconf 88' lang='lat' dir='ltr'>tum</span> <span class='ocrx_word' id='word_1_156' title='bbox 1068 1212 1130 1236; x_wconf 85' lang='lat' dir='ltr'>res</span> <span class='ocrx_word' id='word_1_157' title='bbox 1162 1199 1348 1236; x_wconf 78' lang='lat' dir='ltr'>Praesulis</span> <span class='ocrx_word' id='word_1_158' title='bbox 1379 1198 1611 1248; x_wconf 85' lang='lat' dir='ltr'>Moguntini</span> <span class='ocrx_word' id='word_1_159' title='bbox 1641 1199 1881 1248; x_wconf 83' lang='lat' dir='ltr'>Erphordiae</span> <span class='ocrx_word' id='word_1_160' title='bbox 1920 1200 1988 1237; x_wconf 86' lang='lat' dir='ltr'>ad-</span> 
     </span>
     <span class='ocr_line' id='line_1_18' title="bbox 274 1252 1988 1305; baseline 0.001 -14"><span class='ocrx_word' id='word_1_161' title='bbox 274 1255 544 1299; x_wconf 79' lang='lat' dir='ltr'>ministrabat,</span> <span class='ocrx_word' id='word_1_162' title='bbox 580 1256 877 1301; x_wconf 77' lang='lat' dir='ltr'>canonicatum,</span> <span class='ocrx_word' id='word_1_163' title='bbox 920 1262 963 1292; x_wconf 90' lang='lat' dir='ltr'>ut</span> <span class='ocrx_word' id='word_1_164' title='bbox 993 1261 1076 1292; x_wconf 85' lang='lat' dir='ltr'>tum</span> <span class='ocrx_word' id='word_1_165' title='bbox 1108 1260 1222 1292; x_wconf 88' lang='lat' dir='ltr'>crant</span> <span class='ocrx_word' id='word_1_166' title='bbox 1252 1261 1450 1304; x_wconf 83' lang='lat' dir='ltr'>tempora,</span> <span class='ocrx_word' id='word_1_167' title='bbox 1486 1254 1629 1292; x_wconf 79' lang='lat' dir='ltr'>Gothae</span> <span class='ocrx_word' id='word_1_168' title='bbox 1661 1255 1832 1305; x_wconf 87' lang='lat' dir='ltr'>adeptus</span> <span class='ocrx_word' id='word_1_169' title='bbox 1866 1252 1988 1305; x_wconf 81' lang='lat' dir='ltr'>[anno</span> 
     </span>
     <span class='ocr_line' id='line_1_19' title="bbox 277 1308 1988 1361; baseline 0 -14"><span class='ocrx_word' id='word_1_170' title='bbox 277 1308 426 1361; x_wconf 81' lang='lat'>1503.]‚</span> <span class='ocrx_word' id='word_1_171' title='bbox 460 1316 583 1348; x_wconf 88' lang='lat' dir='ltr'>totum</span> <span class='ocrx_word' id='word_1_172' title='bbox 616 1324 658 1348; x_wconf 84' lang='lat' dir='ltr'>se</span> <span class='ocrx_word' id='word_1_173' title='bbox 690 1312 816 1361; x_wconf 82' lang='lat' dir='ltr'>quieti</span> <span class='ocrx_word' id='word_1_174' title='bbox 848 1317 887 1348; x_wconf 86' lang='lat' dir='ltr'>et</span> <span class='ocrx_word' id='word_1_175' title='bbox 917 1311 1108 1348; x_wconf 58' lang='lat' dir='ltr'>studiosae</span> <span class='ocrx_word' id='word_1_176' title='bbox 1138 1311 1424 1361; x_wconf 77' lang='lat' dir='ltr'>tranquillitati</span> <span class='ocrx_word' id='word_1_177' title='bbox 1448 1310 1571 1357; x_wconf 86' lang='lat' dir='ltr'>dedit,</span> <span class='ocrx_word' id='word_1_178' title='bbox 1606 1317 1820 1349; x_wconf 82' lang='lat' dir='ltr'>contentus</span> <span class='ocrx_word' id='word_1_179' title='bbox 1852 1325 1988 1349; x_wconf 82' lang='lat' dir='ltr'>annuo</span> 
     </span>
     <span class='ocr_line' id='line_1_20' title="bbox 274 1366 1988 1417; baseline 0.001 -14"><span class='ocrx_word' id='word_1_180' title='bbox 274 1366 407 1404; x_wconf 87' lang='lat' dir='ltr'>reditu</span> <span class='ocrx_word' id='word_1_181' title='bbox 430 1367 498 1403; x_wconf 80' lang='lat' dir='ltr'>vix</span> <span class='ocrx_word' id='word_1_182' title='bbox 519 1380 569 1403; x_wconf 78' lang='lat' dir='ltr'>Lx</span> <span class='ocrx_word' id='word_1_183' title='bbox 593 1381 816 1413; x_wconf 85' lang='lat' dir='ltr'>aureorum,</span> <span class='ocrx_word' id='word_1_184' title='bbox 851 1368 988 1405; x_wconf 90' lang='lat' dir='ltr'>relicto</span> <span class='ocrx_word' id='word_1_185' title='bbox 1012 1368 1193 1417; x_wconf 85' lang='lat' dir='ltr'>cognatis</span> <span class='ocrx_word' id='word_1_186' title='bbox 1226 1373 1264 1404; x_wconf 87' lang='lat' dir='ltr'>et</span> <span class='ocrx_word' id='word_1_187' title='bbox 1295 1366 1485 1404; x_wconf 77' lang='lat' dir='ltr'>affinibus</span> <span class='ocrx_word' id='word_1_188' title='bbox 1516 1372 1599 1404; x_wconf 89' lang='lat' dir='ltr'>toto</span> <span class='ocrx_word' id='word_1_189' title='bbox 1621 1368 1877 1417; x_wconf 85' lang='lat' dir='ltr'>patrimonio,</span> <span class='ocrx_word' id='word_1_190' title='bbox 1911 1369 1988 1406; x_wconf 92' lang='lat' dir='ltr'>nisi</span> 
     </span>
     <span class='ocr_line' id='line_1_21' title="bbox 274 1422 1988 1474; baseline 0.002 -15"><span class='ocrx_word' id='word_1_191' title='bbox 274 1423 382 1472; x_wconf 91' lang='lat' dir='ltr'>quod</span> <span class='ocrx_word' id='word_1_192' title='bbox 413 1422 655 1461; x_wconf 81' lang='lat' dir='ltr'>liberalitate</span> <span class='ocrx_word' id='word_1_193' title='bbox 685 1424 931 1473; x_wconf 74' lang='lat' dir='ltr'>principum,</span> <span class='ocrx_word' id='word_1_194' title='bbox 965 1424 1166 1474; x_wconf 75' lang='lat' dir='ltr'>praecipue</span> <span class='ocrx_word' id='word_1_195' title='bbox 1188 1423 1419 1460; x_wconf 86' lang='lat' dir='ltr'>Electorum</span> <span class='ocrx_word' id='word_1_196' title='bbox 1443 1423 1649 1470; x_wconf 79' lang='lat' dir='ltr'>Saxoniae,</span> <span class='ocrx_word' id='word_1_197' title='bbox 1682 1437 1788 1474; x_wconf 83' lang='lat' dir='ltr'>saepe</span> <span class='ocrx_word' id='word_1_198' title='bbox 1825 1423 1988 1462; x_wconf 79' lang='lat' dir='ltr'>adiutus</span> 
     </span>
     <span class='ocr_line' id='line_1_22' title="bbox 275 1478 1987 1529; baseline 0.001 -14"><span class='ocrx_word' id='word_1_199' title='bbox 275 1484 313 1515; x_wconf 89' lang='lat' dir='ltr'>et</span> <span class='ocrx_word' id='word_1_200' title='bbox 351 1479 584 1516; x_wconf 80' lang='lat' dir='ltr'>sublevatus</span> <span class='ocrx_word' id='word_1_201' title='bbox 625 1481 735 1517; x_wconf 78' lang='lat' dir='ltr'>est“.</span> <span class='ocrx_word' id='word_1_202' title='bbox 796 1480 881 1516; x_wconf 90' lang='lat' dir='ltr'>Iam</span> <span class='ocrx_word' id='word_1_203' title='bbox 921 1479 1029 1517; x_wconf 58' lang='lat' dir='ltr'>‘Car</span> <span class='ocrx_word' id='word_1_204' title='bbox 1060 1478 1223 1517; x_wconf 83' lang='lat' dir='ltr'>Octobr.</span> <span class='ocrx_word' id='word_1_205' title='bbox 1253 1492 1376 1516; x_wconf 67' lang='grc'>1111111.</span> <span class='ocrx_word' id='word_1_206' title='bbox 1408 1492 1457 1516; x_wconf 74' lang='lat' dir='ltr'>ex</span> <span class='ocrx_word' id='word_1_207' title='bbox 1497 1478 1631 1517; x_wconf 82' lang='lat' dir='ltr'>Gotha</span> <span class='ocrx_word' id='word_1_208' title='bbox 1667 1479 1987 1529; x_wconf 85' lang='lat' dir='ltr'>Thuringorum&#39;</span> 
     </span>
     <span class='ocr_line' id='line_1_23' title="bbox 273 1534 1987 1586; baseline 0.002 -16"><span class='ocrx_word' id='word_1_209' title='bbox 273 1535 481 1572; x_wconf 83' lang='lat' dir='ltr'>Mutianus</span> <span class='ocrx_word' id='word_1_210' title='bbox 502 1535 728 1572; x_wconf 82' lang='lat' dir='ltr'>Reuchliuo</span> <span class='ocrx_word' id='word_1_211' title='bbox 761 1534 1016 1586; x_wconf 67' lang='lat' dir='ltr'>sc1·ipserat.‘&#39;:</span> <span class='ocrx_word' id='word_1_212' title='bbox 1050 1535 1135 1581; x_wconf 77' lang='lat' dir='ltr'>„ab</span> <span class='ocrx_word' id='word_1_213' title='bbox 1167 1536 1419 1573; x_wconf 80' lang='lat' dir='ltr'>humanitate</span> <span class='ocrx_word' id='word_1_214' title='bbox 1451 1541 1519 1572; x_wconf 81' lang='lat' dir='ltr'>tua</span> <span class='ocrx_word' id='word_1_215' title='bbox 1550 1541 1655 1586; x_wconf 78' lang='lat' dir='ltr'>peto,</span> <span class='ocrx_word' id='word_1_216' title='bbox 1688 1542 1732 1573; x_wconf 87' lang='lat' dir='ltr'>ut</span> <span class='ocrx_word' id='word_1_217' title='bbox 1759 1536 1987 1574; x_wconf 85' lang='lat' dir='ltr'>Mutianum</span> 
     </span>
     <span class='ocr_line' id='line_1_24' title="bbox 272 1591 1986 1642; baseline 0.001 -15"><span class='ocrx_word' id='word_1_218' title='bbox 272 1592 332 1627; x_wconf 90' lang='lat' dir='ltr'>tui</span> <span class='ocrx_word' id='word_1_219' title='bbox 354 1592 527 1628; x_wconf 88' lang='lat' dir='ltr'>nominis</span> <span class='ocrx_word' id='word_1_220' title='bbox 550 1598 669 1642; x_wconf 90' lang='lat' dir='ltr'>atque</span> <span class='ocrx_word' id='word_1_221' title='bbox 691 1592 855 1629; x_wconf 87' lang='lat' dir='ltr'>honoris</span> <span class='ocrx_word' id='word_1_222' title='bbox 887 1592 1111 1629; x_wconf 86' lang='lat' dir='ltr'>studiosum</span> <span class='ocrx_word' id='word_1_223' title='bbox 1132 1592 1173 1629; x_wconf 87' lang='lat' dir='ltr'>in</span> <span class='ocrx_word' id='word_1_224' title='bbox 1207 1591 1342 1629; x_wconf 78' lang='lat' dir='ltr'>album</span> <span class='ocrx_word' id='word_1_225' title='bbox 1364 1592 1579 1629; x_wconf 88' lang='lat' dir='ltr'>amicorum</span> <span class='ocrx_word' id='word_1_226' title='bbox 1601 1592 1827 1642; x_wconf 80' lang='lat' dir='ltr'>recipias“3</span> <span class='ocrx_word' id='word_1_227' title='bbox 1861 1605 1986 1642; x_wconf 85' lang='lat' dir='ltr'>quan-</span> 
     </span>
     <span class='ocr_line' id='line_1_25' title="bbox 273 1648 1985 1698; baseline 0.002 -15"><span class='ocrx_word' id='word_1_228' title='bbox 273 1653 355 1683; x_wconf 90' lang='lat' dir='ltr'>tum</span> <span class='ocrx_word' id='word_1_229' title='bbox 387 1653 520 1684; x_wconf 86' lang='lat' dir='ltr'>autem</span> <span class='ocrx_word' id='word_1_230' title='bbox 541 1648 757 1685; x_wconf 86' lang='lat' dir='ltr'>Reuchlini</span> <span class='ocrx_word' id='word_1_231' title='bbox 789 1654 928 1685; x_wconf 88' lang='lat' dir='ltr'>contra</span> <span class='ocrx_word' id='word_1_232' title='bbox 959 1648 1221 1698; x_wconf 68' lang='lat' dir='ltr'>theologis-tas</span> <span class='ocrx_word' id='word_1_233' title='bbox 1244 1661 1364 1685; x_wconf 81' lang='lat' dir='ltr'>causa</span> <span class='ocrx_word' id='word_1_234' title='bbox 1395 1649 1522 1685; x_wconf 84' lang='lat' dir='ltr'>virum</span> <span class='ocrx_word' id='word_1_235' title='bbox 1544 1648 1758 1685; x_wconf 86' lang='lat' dir='ltr'>sollicitum</span> <span class='ocrx_word' id='word_1_236' title='bbox 1787 1648 1985 1696; x_wconf 85' lang='lat' dir='ltr'>habuerit,</span> 
     </span>
     <span class='ocr_line' id='line_1_26' title="bbox 273 1703 1988 1755; baseline 0.002 -16"><span class='ocrx_word' id='word_1_237' title='bbox 273 1703 396 1740; x_wconf 86' lang='lat' dir='ltr'>multa</span> <span class='ocrx_word' id='word_1_238' title='bbox 430 1704 515 1740; x_wconf 84' lang='lat' dir='ltr'>eius</span> <span class='ocrx_word' id='word_1_239' title='bbox 548 1710 586 1740; x_wconf 86' lang='lat' dir='ltr'>et</span> <span class='ocrx_word' id='word_1_240' title='bbox 618 1704 667 1741; x_wconf 83' lang='lat' dir='ltr'>ad</span> <span class='ocrx_word' id='word_1_241' title='bbox 701 1718 791 1741; x_wconf 84' lang='lat' dir='ltr'>eum</span> <span class='ocrx_word' id='word_1_242' title='bbox 830 1705 1009 1754; x_wconf 72' lang='lat' dir='ltr'>epistolae</span> <span class='ocrx_word' id='word_1_243' title='bbox 1050 1703 1193 1754; x_wconf 79' lang='lat' dir='ltr'>supra⁷</span> <span class='ocrx_word' id='word_1_244' title='bbox 1224 1704 1412 1742; x_wconf 76' lang='lat' dir='ltr'>indicatae</span> <span class='ocrx_word' id='word_1_245' title='bbox 1452 1704 1690 1750; x_wconf 88' lang='lat' dir='ltr'>ostendunt,</span> <span class='ocrx_word' id='word_1_246' title='bbox 1730 1710 1851 1755; x_wconf 83' lang='lat' dir='ltr'>atque</span> <span class='ocrx_word' id='word_1_247' title='bbox 1882 1705 1988 1743; x_wconf 87' lang='lat' dir='ltr'>inter</span> 
     </span>
     <span class='ocr_line' id='line_1_27' title="bbox 272 1759 1986 1811; baseline 0.002 -16"><span class='ocrx_word' id='word_1_248' title='bbox 272 1759 574 1796; x_wconf 83' lang='lat' dir='ltr'>Reuchlinistas</span> <span class='ocrx_word' id='word_1_249' title='bbox 615 1761 810 1797; x_wconf 82' lang='lat' dir='ltr'>decimum</span> <span class='ocrx_word' id='word_1_250' title='bbox 850 1761 1012 1797; x_wconf 87' lang='lat' dir='ltr'>tertium</span> <span class='ocrx_word' id='word_1_251' title='bbox 1050 1761 1179 1797; x_wconf 85' lang='lat' dir='ltr'>locum</span> <span class='ocrx_word' id='word_1_252' title='bbox 1217 1760 1339 1797; x_wconf 81' lang='lat' dir='ltr'>hahet</span> <span class='ocrx_word' id='word_1_253' title='bbox 1377 1761 1623 1809; x_wconf 38' lang='lat' dir='ltr'>Mutianus}</span> <span class='ocrx_word' id='word_1_254' title='bbox 1666 1760 1986 1811; x_wconf 84' lang='lat' dir='ltr'>Cocleariligneo</span> 
     </span>
     <span class='ocr_line' id='line_1_28' title="bbox 273 1815 1988 1867; baseline 0.002 -16"><span class='ocrx_word' id='word_1_255' title='bbox 273 1828 432 1865; x_wconf 89' lang='lat' dir='ltr'>quoque</span> <span class='ocrx_word' id='word_1_256' title='bbox 464 1816 662 1865; x_wconf 85' lang='lat' dir='ltr'>„quidam</span> <span class='ocrx_word' id='word_1_257' title='bbox 686 1816 852 1853; x_wconf 77' lang='lat' dir='ltr'>studens</span> <span class='ocrx_word' id='word_1_258' title='bbox 874 1817 1151 1854; x_wconf 84' lang='lat' dir='ltr'>Erfordiensis</span> <span class='ocrx_word' id='word_1_259' title='bbox 1176 1817 1288 1862; x_wconf 84' lang='lat' dir='ltr'>dixit,</span> <span class='ocrx_word' id='word_1_260' title='bbox 1323 1816 1431 1867; x_wconf 88' lang='lat' dir='ltr'>quod</span> <span class='ocrx_word' id='word_1_261' title='bbox 1456 1815 1666 1854; x_wconf 70' lang='lat' dir='ltr'>conradus</span> <span class='ocrx_word' id='word_1_262' title='bbox 1688 1817 1896 1855; x_wconf 87' lang='lat' dir='ltr'>Mutianus</span> <span class='ocrx_word' id='word_1_263' title='bbox 1929 1823 1988 1856; x_wconf 84' lang='lat' dir='ltr'>est</span> 
     </span>
     <span class='ocr_line' id='line_1_29' title="bbox 273 1872 1986 1923; baseline 0.002 -16"><span class='ocrx_word' id='word_1_264' title='bbox 273 1872 466 1920; x_wconf 84' lang='lat' dir='ltr'>pessimus</span> <span class='ocrx_word' id='word_1_265' title='bbox 490 1873 665 1909; x_wconf 88' lang='lat' dir='ltr'>omnium</span> <span class='ocrx_word' id='word_1_266' title='bbox 686 1873 846 1909; x_wconf 89' lang='lat' dir='ltr'>illorum</span> <span class='ocrx_word' id='word_1_267' title='bbox 867 1874 934 1923; x_wconf 90' lang='lat' dir='ltr'>qui</span> <span class='ocrx_word' id='word_1_268' title='bbox 957 1880 1050 1909; x_wconf 88' lang='lat' dir='ltr'>sunt</span> <span class='ocrx_word' id='word_1_269' title='bbox 1071 1887 1142 1923; x_wconf 91' lang='lat' dir='ltr'>pro</span> <span class='ocrx_word' id='word_1_270' title='bbox 1165 1873 1378 1919; x_wconf 63' lang='lat' dir='ltr'>Reuehlffl,</span> <span class='ocrx_word' id='word_1_271' title='bbox 1414 1879 1452 1910; x_wconf 89' lang='lat' dir='ltr'>et</span> <span class='ocrx_word' id='word_1_272' title='bbox 1474 1878 1532 1910; x_wconf 88' lang='lat' dir='ltr'>est</span> <span class='ocrx_word' id='word_1_273' title='bbox 1561 1873 1616 1910; x_wconf 85' lang='lat' dir='ltr'>ita</span> <span class='ocrx_word' id='word_1_274' title='bbox 1647 1873 1832 1910; x_wconf 89' lang='lat' dir='ltr'>inimicus</span> <span class='ocrx_word' id='word_1_275' title='bbox 1854 1874 1986 1912; x_wconf 83' lang='lat' dir='ltr'>Theo-</span> 
     </span>
     <span class='ocr_line' id='line_1_30' title="bbox 274 1927 1986 1979; baseline 0.004 -18"><span class='ocrx_word' id='word_1_276' title='bbox 274 1927 392 1977; x_wconf 76' lang='lat' dir='ltr'>l‹›gis,</span> <span class='ocrx_word' id='word_1_277' title='bbox 438 1928 545 1977; x_wconf 89' lang='lat' dir='ltr'>quod</span> <span class='ocrx_word' id='word_1_278' title='bbox 578 1942 657 1965; x_wconf 87' lang='lat' dir='ltr'>non</span> <span class='ocrx_word' id='word_1_279' title='bbox 692 1934 823 1978; x_wconf 81' lang='lat' dir='ltr'>potest</span> <span class='ocrx_word' id='word_1_280' title='bbox 861 1929 1000 1966; x_wconf 85' lang='lat' dir='ltr'>audire</span> <span class='ocrx_word' id='word_1_281' title='bbox 1032 1929 1140 1979; x_wconf 88' lang='lat' dir='ltr'>quod</span> <span class='ocrx_word' id='word_1_282' title='bbox 1172 1930 1316 1979; x_wconf 86' lang='lat' dir='ltr'>aliquis</span> <span class='ocrx_word' id='word_1_283' title='bbox 1348 1930 1529 1967; x_wconf 79' lang='lat' dir='ltr'>nominat</span> <span class='ocrx_word' id='word_1_284' title='bbox 1560 1929 1792 1979; x_wconf 85' lang='lat' dir='ltr'>Theologos</span> <span class='ocrx_word' id='word_1_285' title='bbox 1825 1928 1986 1967; x_wconf 81' lang='lat' dir='ltr'>Coloni-</span> 
     </span>
     <span class='ocr_line' id='line_1_31' title="bbox 272 1984 1984 2035; baseline 0.003 -16"><span class='ocrx_word' id='word_1_286' title='bbox 272 1996 401 2022; x_wconf 83' lang='lat' dir='ltr'>cnses.</span> <span class='ocrx_word' id='word_1_287' title='bbox 462 1984 515 2020; x_wconf 82' lang='lat' dir='ltr'>Et</span> <span class='ocrx_word' id='word_1_288' title='bbox 554 1985 645 2021; x_wconf 88' lang='lat' dir='ltr'>talis</span> <span class='ocrx_word' id='word_1_289' title='bbox 684 1985 852 2022; x_wconf 80' lang='lat' dir='ltr'>studens</span> <span class='ocrx_word' id='word_1_290' title='bbox 885 1985 986 2022; x_wconf 86' lang='lat' dir='ltr'>dixit</span> <span class='ocrx_word' id='word_1_291' title='bbox 1024 1985 1130 2035; x_wconf 86' lang='lat' dir='ltr'>quod</span> <span class='ocrx_word' id='word_1_292' title='bbox 1169 1985 1271 2022; x_wconf 84' lang='lat' dir='ltr'>vidit</span> <span class='ocrx_word' id='word_1_293' title='bbox 1310 1985 1414 2022; x_wconf 81' lang='lat' dir='ltr'>hene</span> <span class='ocrx_word' id='word_1_294' title='bbox 1445 1985 1591 2035; x_wconf 77' lang='lat' dir='ltr'>viginti</span> <span class='ocrx_word' id='word_1_295' title='bbox 1621 1986 1826 2035; x_wconf 83' lang='lat' dir='ltr'>Epistolas</span> <span class='ocrx_word' id='word_1_296' title='bbox 1866 1986 1984 2033; x_wconf 82' lang='lat' dir='ltr'>illius,</span> 
     </span>
     <span class='ocr_line' id='line_1_32' title="bbox 272 2040 1986 2092; baseline 0.002 -17"><span class='ocrx_word' id='word_1_297' title='bbox 272 2040 312 2075; x_wconf 88' lang='lat' dir='ltr'>iu</span> <span class='ocrx_word' id='word_1_298' title='bbox 352 2040 496 2089; x_wconf 84' lang='lat' dir='ltr'>quihus</span> <span class='ocrx_word' id='word_1_299' title='bbox 539 2041 625 2090; x_wconf 87' lang='lat' dir='ltr'>ipse.</span> <span class='ocrx_word' id='word_1_300' title='bbox 663 2047 778 2091; x_wconf 84' lang='lat' dir='ltr'>rogat</span> <span class='ocrx_word' id='word_1_301' title='bbox 817 2041 1011 2091; x_wconf 85' lang='lat' dir='ltr'>quosdam</span> <span class='ocrx_word' id='word_1_302' title='bbox 1051 2042 1179 2079; x_wconf 87' lang='lat' dir='ltr'>socios</span> <span class='ocrx_word' id='word_1_303' title='bbox 1218 2042 1325 2092; x_wconf 87' lang='lat' dir='ltr'>quod</span> <span class='ocrx_word' id='word_1_304' title='bbox 1356 2042 1499 2078; x_wconf 82' lang='lat' dir='ltr'>volunt</span> <span class='ocrx_word' id='word_1_305' title='bbox 1537 2055 1622 2079; x_wconf 86' lang='lat' dir='ltr'>esse</span> <span class='ocrx_word' id='word_1_306' title='bbox 1660 2042 1986 2080; x_wconf 77' lang='lat' dir='ltr'>Reuchlinistae“</span> 
     </span>
     <span class='ocr_line' id='line_1_33' title="bbox 273 2093 1984 2148; baseline -0.002 -8"><span class='ocrx_word' id='word_1_307' title='bbox 273 2093 573 2145; x_wconf 63' lang='lat'>(1›.279¹¹·⁵⁴¹‘¹·).</span> <span class='ocrx_word' id='word_1_308' title='bbox 635 2096 793 2147; x_wconf 82' lang='lat' dir='ltr'>Scripta</span> <span class='ocrx_word' id='word_1_309' title='bbox 823 2098 996 2134; x_wconf 83' lang='lat' dir='ltr'>Mutiani</span> <span class='ocrx_word' id='word_1_310' title='bbox 1036 2104 1180 2148; x_wconf 67' lang='lat' dir='ltr'>praeter</span> <span class='ocrx_word' id='word_1_311' title='bbox 1220 2098 1410 2148; x_wconf 77' lang='lat' dir='ltr'>epistolas</span> <span class='ocrx_word' id='word_1_312' title='bbox 1448 2098 1561 2135; x_wconf 89' lang='lat' dir='ltr'>nulla</span> <span class='ocrx_word' id='word_1_313' title='bbox 1601 2098 1717 2135; x_wconf 85' lang='lat' dir='ltr'>nobis</span> <span class='ocrx_word' id='word_1_314' title='bbox 1749 2105 1984 2148; x_wconf 85' lang='lat' dir='ltr'>supersunt:</span> 
     </span>
     <span class='ocr_line' id='line_1_34' title="bbox 270 2151 1984 2204; baseline 0.004 -18"><span class='ocrx_word' id='word_1_315' title='bbox 270 2151 341 2187; x_wconf 92' lang='lat' dir='ltr'>has</span> <span class='ocrx_word' id='word_1_316' title='bbox 380 2158 512 2189; x_wconf 86' lang='lat' dir='ltr'>autem</span> <span class='ocrx_word' id='word_1_317' title='bbox 551 2167 670 2189; x_wconf 79' lang='lat' dir='ltr'>manu</span> <span class='ocrx_word' id='word_1_318' title='bbox 708 2154 841 2191; x_wconf 80' lang='lat' dir='ltr'>saeculi</span> <span class='ocrx_word' id='word_1_319' title='bbox 880 2166 961 2192; x_wconf 70' lang='lat' dir='ltr'>va</span> <span class='ocrx_word' id='word_1_320' title='bbox 995 2154 1258 2204; x_wconf 83' lang='lat' dir='ltr'>transcriptas</span> <span class='ocrx_word' id='word_1_321' title='bbox 1298 2154 1511 2192; x_wconf 77' lang='lat' dir='ltr'>maximam</span> <span class='ocrx_word' id='word_1_322' title='bbox 1549 2160 1704 2204; x_wconf 87' lang='lat' dir='ltr'>partem</span> <span class='ocrx_word' id='word_1_323' title='bbox 1743 2155 1870 2192; x_wconf 82' lang='lat' dir='ltr'>codex</span> <span class='ocrx_word' id='word_1_324' title='bbox 1898 2155 1984 2193; x_wconf 75' lang='lat' dir='ltr'>MS.</span> 
     </span>
     <span class='ocr_line' id='line_1_35' title="bbox 272 2207 1983 2260; baseline 0.004 -18"><span class='ocrx_word' id='word_1_325' title='bbox 272 2207 624 2246; x_wconf 83' lang='lat' dir='ltr'>Fraucofurtensis</span> <span class='ocrx_word' id='word_1_326' title='bbox 656 2210 838 2247; x_wconf 86' lang='lat' dir='ltr'>continet</span> <span class='ocrx_word' id='word_1_327' title='bbox 871 2209 987 2258; x_wconf 86' lang='lat' dir='ltr'>(nam</span> <span class='ocrx_word' id='word_1_328' title='bbox 1019 2224 1101 2247; x_wconf 87' lang='lat' dir='ltr'>non</span> <span class='ocrx_word' id='word_1_329' title='bbox 1133 2210 1253 2248; x_wconf 78' lang='lat' dir='ltr'>nullae</span> <span class='ocrx_word' id='word_1_330' title='bbox 1286 2212 1325 2247; x_wconf 90' lang='lat' dir='ltr'>in</span> <span class='ocrx_word' id='word_1_331' title='bbox 1357 2211 1479 2247; x_wconf 85' lang='lat' dir='ltr'>Hessi</span> <span class='ocrx_word' id='word_1_332' title='bbox 1511 2211 1690 2260; x_wconf 88' lang='lat' dir='ltr'>epistolis</span> <span class='ocrx_word' id='word_1_333' title='bbox 1721 2224 1767 2247; x_wconf 87' lang='lat' dir='ltr'>ac</span> <span class='ocrx_word' id='word_1_334' title='bbox 1800 2210 1983 2249; x_wconf 77' lang='lat' dir='ltr'>Camera-</span> 
     </span>
     <span class='ocr_line' id='line_1_36' title="bbox 271 2263 1985 2318; baseline 0.004 -20"><span class='ocrx_word' id='word_1_335' title='bbox 271 2263 395 2300; x_wconf 82' lang='lat' dir='ltr'>rianis</span> <span class='ocrx_word' id='word_1_336' title='bbox 428 2264 597 2314; x_wconf 80' lang='lat' dir='ltr'>aliisque</span> <span class='ocrx_word' id='word_1_337' title='bbox 628 2265 776 2302; x_wconf 76' lang='lat' dir='ltr'>libellis</span> <span class='ocrx_word' id='word_1_338' title='bbox 807 2266 1054 2315; x_wconf 80' lang='lat' dir='ltr'>supersunt),</span> <span class='ocrx_word' id='word_1_339' title='bbox 1089 2280 1139 2303; x_wconf 71' lang='lat' dir='ltr'>ex</span> <span class='ocrx_word' id='word_1_340' title='bbox 1159 2280 1249 2316; x_wconf 81' lang='lat' dir='ltr'>quo,</span> <span class='ocrx_word' id='word_1_341' title='bbox 1283 2266 1475 2304; x_wconf 85' lang='lat' dir='ltr'>adhibitis</span> <span class='ocrx_word' id='word_1_342' title='bbox 1507 2267 1596 2303; x_wconf 81' lang='lat' dir='ltr'>aliis</span> <span class='ocrx_word' id='word_1_343' title='bbox 1618 2266 1818 2313; x_wconf 74' lang='lat' dir='ltr'>subsidiis,</span> <span class='ocrx_word' id='word_1_344' title='bbox 1852 2281 1985 2318; x_wconf 85' lang='lat' dir='ltr'>neque</span> 
     </span>
     <span class='ocr_line' id='line_1_37' title="bbox 271 2320 1985 2374; baseline 0.003 -19"><span class='ocrx_word' id='word_1_345' title='bbox 271 2320 450 2368; x_wconf 75' lang='lat' dir='ltr'>integras</span> <span class='ocrx_word' id='word_1_346' title='bbox 490 2334 623 2370; x_wconf 87' lang='lat' dir='ltr'>neque</span> <span class='ocrx_word' id='word_1_347' title='bbox 657 2335 793 2358; x_wconf 84' lang='lat' dir='ltr'>omnes</span> <span class='ocrx_word' id='word_1_348' title='bbox 834 2322 960 2359; x_wconf 79' lang='lat' dir='ltr'>edidit</span> <span class='ocrx_word' id='word_1_349' title='bbox 990 2322 1056 2359; x_wconf 87' lang='lat' dir='ltr'>W.</span> <span class='ocrx_word' id='word_1_350' title='bbox 1085 2323 1133 2359; x_wconf 83' lang='lat' dir='ltr'>E.</span> <span class='ocrx_word' id='word_1_351' title='bbox 1164 2322 1436 2360; x_wconf 75' lang='lat' dir='ltr'>Tcntzelius&#39;³.</span> <span class='ocrx_word' id='word_1_352' title='bbox 1496 2323 1611 2359; x_wconf 84' lang='lat' dir='ltr'>Inter</span> <span class='ocrx_word' id='word_1_353' title='bbox 1641 2324 1885 2361; x_wconf 85' lang='lat' dir='ltr'>recentiores</span> <span class='ocrx_word' id='word_1_354' title='bbox 1917 2326 1985 2374; x_wconf 86' lang='lat' dir='ltr'>qui</span> 
     </span>
     <span class='ocr_line' id='line_1_38' title="bbox 273 2375 1981 2427; baseline 0.004 -17"><span class='ocrx_word' id='word_1_355' title='bbox 273 2375 322 2411; x_wconf 86' lang='lat' dir='ltr'>de</span> <span class='ocrx_word' id='word_1_356' title='bbox 345 2375 526 2412; x_wconf 87' lang='lat' dir='ltr'>Mutiano</span> <span class='ocrx_word' id='word_1_357' title='bbox 559 2378 817 2427; x_wconf 75' lang='lat' dir='ltr'>scripserunt,</span> <span class='ocrx_word' id='word_1_358' title='bbox 850 2378 1014 2415; x_wconf 81' lang='lat' dir='ltr'>honoris</span> <span class='ocrx_word' id='word_1_359' title='bbox 1048 2392 1167 2416; x_wconf 38' lang='lat' dir='ltr'>causa.</span> <span class='ocrx_word' id='word_1_360' title='bbox 1188 2379 1427 2416; x_wconf 85' lang='lat' dir='ltr'>nominandi</span> <span class='ocrx_word' id='word_1_361' title='bbox 1448 2377 1813 2426; x_wconf 80' lang='lat' dir='ltr'>suntErl1a1·‹l11s¹⁰,</span> <span class='ocrx_word' id='word_1_362' title='bbox 1849 2379 1981 2418; x_wconf 80' lang='lat' dir='ltr'>Strau-</span> 
     </span>
    </p>
   </div>
   <div class='ocr_carea' id='block_1_3' title="bbox 359 2563 1982 3115">
    <p class='ocr_par' dir='ltr' id='par_1_3' title="bbox 359 2563 1982 3115">
     <span class='ocr_line' id='line_1_39' title="bbox 361 2563 1982 2610; baseline 0.003 -15"><span class='ocrx_word' id='word_1_363' title='bbox 361 2563 391 2604; x_wconf 86' lang='lat'>1)</span> <span class='ocrx_word' id='word_1_364' title='bbox 413 2564 473 2595; x_wconf 80' lang='lat' dir='ltr'>‘ad</span> <span class='ocrx_word' id='word_1_365' title='bbox 493 2575 611 2596; x_wconf 88' lang='lat' dir='ltr'>meum</span> <span class='ocrx_word' id='word_1_366' title='bbox 631 2569 666 2596; x_wconf 88' lang='lat' dir='ltr'>et</span> <span class='ocrx_word' id='word_1_367' title='bbox 681 2566 835 2607; x_wconf 82' lang='lat' dir='ltr'>Vergilii</span> <span class='ocrx_word' id='word_1_368' title='bbox 852 2566 1029 2598; x_wconf 66' lang='grc'>1111111161117</span> <span class='ocrx_word' id='word_1_369' title='bbox 1049 2568 1125 2608; x_wconf 90' lang='lat' dir='ltr'>ipse</span> <span class='ocrx_word' id='word_1_370' title='bbox 1144 2567 1330 2599; x_wconf 85' lang='lat' dir='ltr'>Mutianus</span> <span class='ocrx_word' id='word_1_371' title='bbox 1349 2567 1444 2609; x_wconf 83' lang='lat' dir='ltr'>apud</span> <span class='ocrx_word' id='word_1_372' title='bbox 1460 2567 1621 2599; x_wconf 84' lang='lat' dir='ltr'>Tentzel.</span> <span class='ocrx_word' id='word_1_373' title='bbox 1642 2579 1674 2610; x_wconf 89' lang='lat' dir='ltr'>p.</span> <span class='ocrx_word' id='word_1_374' title='bbox 1690 2569 1742 2600; x_wconf 80' lang='lat'>98.</span> <span class='ocrx_word' id='word_1_375' title='bbox 1835 2569 1868 2610; x_wconf 70' lang='grc' dir='ltr'>Ξ)</span> <span class='ocrx_word' id='word_1_376' title='bbox 1889 2580 1982 2601; x_wconf 85' lang='grc'>1111110</span> 
     </span>
     <span class='ocr_line' id='line_1_40' title="bbox 361 2621 1982 2665; baseline 0.005 -15"><span class='ocrx_word' id='word_1_377' title='bbox 361 2621 476 2661; x_wconf 84' lang='lat'>1513.,</span> <span class='ocrx_word' id='word_1_378' title='bbox 504 2631 571 2661; x_wconf 85' lang='lat' dir='ltr'>quo</span> <span class='ocrx_word' id='word_1_379' title='bbox 589 2621 725 2663; x_wconf 85' lang='lat' dir='ltr'>scripta</span> <span class='ocrx_word' id='word_1_380' title='bbox 745 2626 799 2653; x_wconf 88' lang='lat' dir='ltr'>est</span> <span class='ocrx_word' id='word_1_381' title='bbox 817 2623 921 2664; x_wconf 84' lang='lat' dir='ltr'>epist.</span> <span class='ocrx_word' id='word_1_382' title='bbox 940 2633 1090 2658; x_wconf 59' lang='lat' dir='ltr'>ccc-xlm,</span> <span class='ocrx_word' id='word_1_383' title='bbox 1109 2635 1164 2665; x_wconf 84' lang='lat' dir='ltr'>ap.</span> <span class='ocrx_word' id='word_1_384' title='bbox 1184 2624 1347 2656; x_wconf 85' lang='lat' dir='ltr'>Tentzel.</span> <span class='ocrx_word' id='word_1_385' title='bbox 1367 2635 1398 2665; x_wconf 87' lang='lat' dir='ltr'>p.</span> <span class='ocrx_word' id='word_1_386' title='bbox 1416 2625 1489 2656; x_wconf 79' lang='lat'>153.</span> <span class='ocrx_word' id='word_1_387' title='bbox 1502 2651 1509 2665; x_wconf 77' lang='lat'>‚</span> <span class='ocrx_word' id='word_1_388' title='bbox 1530 2624 1719 2656; x_wconf 83' lang='lat' dir='ltr'>Mutianus</span> <span class='ocrx_word' id='word_1_389' title='bbox 1738 2625 1827 2656; x_wconf 83' lang='lat' dir='ltr'>(licit</span> <span class='ocrx_word' id='word_1_390' title='bbox 1845 2636 1883 2657; x_wconf 89' lang='lat' dir='ltr'>se</span> <span class='ocrx_word' id='word_1_391' title='bbox 1902 2636 1982 2658; x_wconf 87' lang='lat' dir='ltr'>esse</span> 
     </span>
     <span class='ocr_line' id='line_1_41' title="bbox 360 2678 1981 2724; baseline 0.004 -18"><span class='ocrx_word' id='word_1_392' title='bbox 360 2686 499 2717; x_wconf 81' lang='lat' dir='ltr'>senem,</span> <span class='ocrx_word' id='word_1_393' title='bbox 525 2678 555 2708; x_wconf 91' lang='lat' dir='ltr'>si</span> <span class='ocrx_word' id='word_1_394' title='bbox 573 2688 666 2709; x_wconf 76' lang='lat' dir='ltr'>XLII.</span> <span class='ocrx_word' id='word_1_395' title='bbox 686 2688 800 2710; x_wconf 85' lang='lat' dir='ltr'>annus</span> <span class='ocrx_word' id='word_1_396' title='bbox 819 2689 940 2710; x_wconf 85' lang='lat' dir='ltr'>senem</span> <span class='ocrx_word' id='word_1_397' title='bbox 960 2680 1060 2711; x_wconf 84' lang='lat' dir='ltr'>facit.</span> <span class='ocrx_word' id='word_1_398' title='bbox 1154 2679 1188 2720; x_wconf 87' lang='lat'>3)</span> <span class='ocrx_word' id='word_1_399' title='bbox 1206 2680 1243 2710; x_wconf 91' lang='lat' dir='ltr'>in</span> <span class='ocrx_word' id='word_1_400' title='bbox 1263 2680 1366 2721; x_wconf 86' lang='lat' dir='ltr'>epist.</span> <span class='ocrx_word' id='word_1_401' title='bbox 1383 2691 1439 2721; x_wconf 85' lang='lat' dir='ltr'>ap.</span> <span class='ocrx_word' id='word_1_402' title='bbox 1454 2680 1616 2711; x_wconf 86' lang='lat' dir='ltr'>Tentzel.</span> <span class='ocrx_word' id='word_1_403' title='bbox 1633 2686 1681 2712; x_wconf 73' lang='lat' dir='ltr'>n0.</span> <span class='ocrx_word' id='word_1_404' title='bbox 1699 2691 1893 2721; x_wconf 69' lang='lat' dir='ltr'>cchan,</span> <span class='ocrx_word' id='word_1_405' title='bbox 1912 2692 1981 2724; x_wconf 80' lang='lat' dir='ltr'>qua</span> 
     </span>
     <span class='ocr_line' id='line_1_42' title="bbox 359 2732 1981 2778; baseline 0.005 -16"><span class='ocrx_word' id='word_1_406' title='bbox 359 2732 494 2764; x_wconf 84' lang='lat' dir='ltr'>Urielis</span> <span class='ocrx_word' id='word_1_407' title='bbox 512 2734 669 2775; x_wconf 83' lang='lat' dir='ltr'>episcopi</span> <span class='ocrx_word' id='word_1_408' title='bbox 689 2738 836 2766; x_wconf 87' lang='lat' dir='ltr'>mortem</span> <span class='ocrx_word' id='word_1_409' title='bbox 858 2732 895 2775; x_wconf 74' lang='lat'>(†</span> <span class='ocrx_word' id='word_1_410' title='bbox 913 2737 942 2769; x_wconf 81' lang='lat'>3,</span> <span class='ocrx_word' id='word_1_411' title='bbox 962 2735 1068 2770; x_wconf 85' lang='lat' dir='ltr'>Febr.</span> <span class='ocrx_word' id='word_1_412' title='bbox 1086 2747 1117 2768; x_wconf 87' lang='lat' dir='ltr'>a.</span> <span class='ocrx_word' id='word_1_413' title='bbox 1138 2736 1250 2776; x_wconf 76' lang='lat'>1514.)</span> <span class='ocrx_word' id='word_1_414' title='bbox 1271 2736 1447 2778; x_wconf 86' lang='lat' dir='ltr'>deplorat.</span> <span class='ocrx_word' id='word_1_415' title='bbox 1562 2734 1596 2778; x_wconf 73' lang='lat'>4)</span> <span class='ocrx_word' id='word_1_416' title='bbox 1616 2736 1791 2768; x_wconf 81' lang='lat' dir='ltr'>Kalendis</span> <span class='ocrx_word' id='word_1_417' title='bbox 1810 2738 1923 2769; x_wconf 88' lang='lat' dir='ltr'>Iuniis</span> <span class='ocrx_word' id='word_1_418' title='bbox 1947 2749 1981 2770; x_wconf 84' lang='lat' dir='ltr'>a.</span> 
     </span>
     <span class='ocr_line' id='line_1_43' title="bbox 363 2788 1981 2834; baseline 0.005 -16"><span class='ocrx_word' id='word_1_419' title='bbox 363 2788 455 2819; x_wconf 72' lang='lat'>1502.</span> <span class='ocrx_word' id='word_1_420' title='bbox 479 2790 542 2819; x_wconf 83' lang='lat' dir='ltr'>‘ex</span> <span class='ocrx_word' id='word_1_421' title='bbox 566 2789 751 2821; x_wconf 83' lang='lat' dir='ltr'>Bononia&#39;</span> <span class='ocrx_word' id='word_1_422' title='bbox 775 2792 947 2833; x_wconf 82' lang='lat' dir='ltr'>scriptam</span> <span class='ocrx_word' id='word_1_423' title='bbox 973 2791 1166 2833; x_wconf 84' lang='lat' dir='ltr'>epistulam</span> <span class='ocrx_word' id='word_1_424' title='bbox 1192 2792 1466 2824; x_wconf 86' lang='lat' dir='ltr'>memoravimus</span> <span class='ocrx_word' id='word_1_425' title='bbox 1490 2803 1600 2834; x_wconf 88' lang='lat' dir='ltr'>supra</span> <span class='ocrx_word' id='word_1_426' title='bbox 1624 2803 1658 2834; x_wconf 90' lang='lat' dir='ltr'>p.</span> <span class='ocrx_word' id='word_1_427' title='bbox 1675 2794 1750 2825; x_wconf 83' lang='lat'>401.</span> <span class='ocrx_word' id='word_1_428' title='bbox 1777 2797 1844 2824; x_wconf 85' lang='lat' dir='ltr'>art.</span> <span class='ocrx_word' id='word_1_429' title='bbox 1863 2794 1981 2826; x_wconf 85' lang='lat' dir='ltr'>Iesus.</span> 
     </span>
     <span class='ocr_line' id='line_1_44' title="bbox 360 2845 1980 2891; baseline 0.007 -19"><span class='ocrx_word' id='word_1_430' title='bbox 360 2847 431 2876; x_wconf 85' lang='lat' dir='ltr'>not.</span> <span class='ocrx_word' id='word_1_431' title='bbox 447 2846 477 2875; x_wconf 88' lang='grc'>3.</span> <span class='ocrx_word' id='word_1_432' title='bbox 569 2845 605 2881; x_wconf 82' lang='grc'>5)</span> <span class='ocrx_word' id='word_1_433' title='bbox 623 2846 718 2877; x_wconf 77' lang='lat' dir='ltr'>Vitae</span> <span class='ocrx_word' id='word_1_434' title='bbox 733 2846 942 2878; x_wconf 86' lang='lat' dir='ltr'>Germanor.</span> <span class='ocrx_word' id='word_1_435' title='bbox 957 2846 1073 2879; x_wconf 84' lang='lat' dir='ltr'>ICtor.</span> <span class='ocrx_word' id='word_1_436' title='bbox 1100 2847 1271 2880; x_wconf 81' lang='lat' dir='ltr'>Haidelb.</span> <span class='ocrx_word' id='word_1_437' title='bbox 1290 2850 1384 2883; x_wconf 71' lang='lat'>1620.</span> <span class='ocrx_word' id='word_1_438' title='bbox 1404 2848 1450 2881; x_wconf 78' lang='lat'>8⁰.</span> <span class='ocrx_word' id='word_1_439' title='bbox 1470 2860 1503 2891; x_wconf 82' lang='lat' dir='ltr'>p.</span> <span class='ocrx_word' id='word_1_440' title='bbox 1517 2850 1570 2880; x_wconf 82' lang='lat'>27.</span> <span class='ocrx_word' id='word_1_441' title='bbox 1664 2848 1697 2890; x_wconf 87' lang='grc'>6)</span> <span class='ocrx_word' id='word_1_442' title='bbox 1717 2849 1854 2881; x_wconf 84' lang='lat' dir='ltr'>Claror.</span> <span class='ocrx_word' id='word_1_443' title='bbox 1871 2850 1980 2883; x_wconf 84' lang='lat' dir='ltr'>viror.</span> 
     </span>
     <span class='ocr_line' id='line_1_45' title="bbox 360 2899 1979 2947; baseline 0.004 -18"><span class='ocrx_word' id='word_1_444' title='bbox 360 2899 406 2929; x_wconf 88' lang='lat' dir='ltr'>ad</span> <span class='ocrx_word' id='word_1_445' title='bbox 432 2900 622 2935; x_wconf 81' lang='lat' dir='ltr'>Reuchlin.</span> <span class='ocrx_word' id='word_1_446' title='bbox 642 2912 721 2942; x_wconf 80' lang='lat' dir='ltr'>epp.</span> <span class='ocrx_word' id='word_1_447' title='bbox 743 2903 839 2934; x_wconf 83' lang='lat'>1519.</span> <span class='ocrx_word' id='word_1_448' title='bbox 859 2914 945 2945; x_wconf 85' lang='lat' dir='ltr'>pag.</span> <span class='ocrx_word' id='word_1_449' title='bbox 962 2903 986 2934; x_wconf 87' lang='lat' dir='ltr'>i.</span> <span class='ocrx_word' id='word_1_450' title='bbox 1038 2903 1176 2937; x_wconf 82' lang='lat' dir='ltr'>Illustr.</span> <span class='ocrx_word' id='word_1_451' title='bbox 1194 2904 1302 2938; x_wconf 84' lang='lat' dir='ltr'>viror.</span> <span class='ocrx_word' id='word_1_452' title='bbox 1324 2905 1368 2936; x_wconf 82' lang='lat' dir='ltr'>ad</span> <span class='ocrx_word' id='word_1_453' title='bbox 1386 2905 1575 2937; x_wconf 87' lang='lat' dir='ltr'>Reuchlin.</span> <span class='ocrx_word' id='word_1_454' title='bbox 1597 2916 1677 2947; x_wconf 89' lang='lat' dir='ltr'>epp.</span> <span class='ocrx_word' id='word_1_455' title='bbox 1699 2905 1792 2937; x_wconf 84' lang='lat'>1519.</span> <span class='ocrx_word' id='word_1_456' title='bbox 1811 2916 1894 2946; x_wconf 82' lang='lat' dir='ltr'>pag.</span> <span class='ocrx_word' id='word_1_457' title='bbox 1914 2906 1979 2937; x_wconf 88' lang='lat' dir='ltr'>liii.</span> 
     </span>
     <span class='ocr_line' id='line_1_46' title="bbox 360 2954 1977 3002; baseline 0.005 -17"><span class='ocrx_word' id='word_1_458' title='bbox 360 2954 392 2994; x_wconf 87' lang='grc'>7)</span> <span class='ocrx_word' id='word_1_459' title='bbox 412 2965 517 2996; x_wconf 82' lang='lat' dir='ltr'>pagg.</span> <span class='ocrx_word' id='word_1_460' title='bbox 538 2957 610 2987; x_wconf 77' lang='lat'>121.</span> <span class='ocrx_word' id='word_1_461' title='bbox 630 2967 705 2999; x_wconf 85' lang='lat' dir='ltr'>sqq.</span> <span class='ocrx_word' id='word_1_462' title='bbox 732 2958 808 2992; x_wconf 83' lang='lat' dir='ltr'>Ind.</span> <span class='ocrx_word' id='word_1_463' title='bbox 830 2959 990 2990; x_wconf 85' lang='lat' dir='ltr'>chronol.</span> <span class='ocrx_word' id='word_1_464' title='bbox 1008 2959 1052 2990; x_wconf 83' lang='lat' dir='ltr'>ad</span> <span class='ocrx_word' id='word_1_465' title='bbox 1071 2970 1184 2992; x_wconf 85' lang='lat' dir='ltr'>annos</span> <span class='ocrx_word' id='word_1_466' title='bbox 1204 2961 1298 2992; x_wconf 87' lang='lat'>1511.</span> <span class='ocrx_word' id='word_1_467' title='bbox 1317 2970 1395 3001; x_wconf 90' lang='lat' dir='ltr'>sqq.</span> <span class='ocrx_word' id='word_1_468' title='bbox 1498 2962 1531 3001; x_wconf 86' lang='grc'>8)</span> <span class='ocrx_word' id='word_1_469' title='bbox 1550 2961 1654 2992; x_wconf 83' lang='lat' dir='ltr'>Hutt.</span> <span class='ocrx_word' id='word_1_470' title='bbox 1673 2960 1766 3002; x_wconf 91' lang='lat' dir='ltr'>Opp.</span> <span class='ocrx_word' id='word_1_471' title='bbox 1785 2962 1813 2994; x_wconf 88' lang='grc' dir='ltr'>Ι.</span> <span class='ocrx_word' id='word_1_472' title='bbox 1831 2970 1863 3001; x_wconf 88' lang='lat' dir='ltr'>p.</span> <span class='ocrx_word' id='word_1_473' title='bbox 1883 2961 1977 2993; x_wconf 68' lang='lat'>131⁶.</span> 
     </span>
     <span class='ocr_line' id='line_1_47' title="bbox 359 3008 1978 3058; baseline 0.005 -18"><span class='ocrx_word' id='word_1_474' title='bbox 359 3008 394 3049; x_wconf 81' lang='lat'>9)</span> <span class='ocrx_word' id='word_1_475' title='bbox 414 3009 593 3051; x_wconf 79' lang='lat' dir='ltr'>Supplem.</span> <span class='ocrx_word' id='word_1_476' title='bbox 611 3012 695 3044; x_wconf 86' lang='lat' dir='ltr'>hist.</span> <span class='ocrx_word' id='word_1_477' title='bbox 717 3013 872 3045; x_wconf 84' lang='lat' dir='ltr'>Gothan.</span> <span class='ocrx_word' id='word_1_478' title='bbox 898 3015 994 3046; x_wconf 80' lang='lat' dir='ltr'>Ienae</span> <span class='ocrx_word' id='word_1_479' title='bbox 1013 3016 1107 3047; x_wconf 85' lang='lat'>1701.</span> <span class='ocrx_word' id='word_1_480' title='bbox 1127 3017 1158 3046; x_wconf 75' lang='lat'>4.</span> <span class='ocrx_word' id='word_1_481' title='bbox 1178 3026 1287 3058; x_wconf 86' lang='lat' dir='ltr'>pagg.</span> <span class='ocrx_word' id='word_1_482' title='bbox 1308 3018 1450 3052; x_wconf 75' lang='lat'>1...27·2.</span> <span class='ocrx_word' id='word_1_483' title='bbox 1472 3020 1508 3048; x_wconf 83' lang='lat' dir='ltr'>et</span> <span class='ocrx_word' id='word_1_484' title='bbox 1528 3017 1668 3050; x_wconf 83' lang='lat'>1...116.</span> <span class='ocrx_word' id='word_1_485' title='bbox 1786 3016 1839 3057; x_wconf 86' lang='lat'>10)</span> <span class='ocrx_word' id='word_1_486' title='bbox 1860 3017 1978 3052; x_wconf 77' lang='lat' dir='ltr'>Gesclc,</span> 
     </span>
     <span class='ocr_line' id='line_1_48' title="bbox 360 3067 1318 3115; baseline 0.009 -18"><span class='ocrx_word' id='word_1_487' title='bbox 360 3067 417 3098; x_wconf 74' lang='lat' dir='ltr'>cles</span> <span class='ocrx_word' id='word_1_488' title='bbox 438 3067 466 3098; x_wconf 68' lang='lat'>11</span> <span class='ocrx_word' id='word_1_489' title='bbox 477 3067 680 3109; x_wconf 65' lang='lat' dir='ltr'>&#39;iederaube</span> <span class='ocrx_word' id='word_1_490' title='bbox 700 3070 760 3100; x_wconf 80' lang='lat' dir='ltr'>der</span> <span class='ocrx_word' id='word_1_491' title='bbox 781 3070 984 3102; x_wconf 72' lang='lat' dir='ltr'>Pl&#39;z&#39;ssensch.</span> <span class='ocrx_word' id='word_1_492' title='bbox 1008 3072 1055 3103; x_wconf 93' lang='lat' dir='ltr'>II.</span> <span class='ocrx_word' id='word_1_493' title='bbox 1081 3082 1112 3115; x_wconf 87' lang='lat' dir='ltr'>p.</span> <span class='ocrx_word' id='word_1_494' title='bbox 1132 3072 1318 3106; x_wconf 79' lang='lat'>276...280.</span> 
     </span>
    </p>
   </div>
  </div>
 </body>
</html>
