2119 3522
881 177 1098 200 TRITHEMIVS.
1751 160 1780 203 4
1787 160 1813 204 8
1821 160 1846 204 7

132 288 266 339 113301)
303 290 331 326 ‘.
353 322 360 328 .
382 321 388 328 .
413 291 454 327 in
487 289 773 328 bibliothecam
798 286 1145 341 Spanhcmensem
1167 292 1416 343 comportavi
1436 322 1442 329 .
1463 292 1506 330 .’.
1527 292 1565 330 .“
1615 292 1721 329 Tum
1742 292 1848 330 Trit-

132 346 321 384 hemiana
351 347 500 396 scripta
532 345 704 397 (utinam
737 347 916 397 epistolae
948 348 1169 387 familiares
1198 362 1281 386 11011
1312 353 1470 386 1311111111
1499 348 1551 386 3(1
1581 362 1709 386 3111103
1740 349 1847 387 1505

134 403 323 440 ...1507.
352 403 605 452 pertinentes
650 402 863 452 publicatae
913 404 1070 454 essent)
1112 404 1324 443 Fabricius
1363 417 1434 442 suo
1480 418 1589 442 more
1630 404 1849 454 diligenter

132 464 326 504 recenset,
359 458 467 508 quod
499 459 619 496 etiam
649 458 746 495 fecit
766 459 835 509 qui
865 473 996 510 nuper
1026 466 1118 511 post
1148 461 1253 498 hanc
1284 473 1412 497 meam
1443 460 1629 498 notitiam
1659 461 1850 510 scriptam

130 514 346 551 Trithemii
384 515 507 551 vitam
545 514 723 564 scripsit,
765 514 1054 565 Sill‘›ernagcl*.
1078 522 1224 554 neuter
1262 530 1357 554 vero
1402 516 1643 554 Butzbachii
1685 516 1848 554 11Ιὶ11011-

129 569 341 619 bergensis
383 570 468 607 sive
499 569 760 608 Piemontani
798 572 982 609 notitiam
1021 573 1129 609 infra
1158 573 1373 623 repetitam
1403 578 1586 610 noverat.
1645 572 1848 623 Equidem

130 639 212 662 non
243 625 357 663 nulla
379 638 468 675 quae
489 625 541 662 ad
564 626 776 676 epistolam
797 626 853 664 Π.
877 628 928 664 63
954 624 1063 678 [app.
1088 625 1140 678 1].
1165 628 1450 679 explicandam
1480 628 1646 674 faciunt,
1680 629 1721 665 in
1744 642 1847 666 com-

129 682 326 719 mentario
365 681 417 719 ad
456 694 543 718 03111
574 683 762 732 exposui,
812 683 861 720 de
892 684 1168 720 controversia
1206 690 1340 722 autem
1372 684 1478 721 inter
1507 684 1777 721 Trithemium
1808 690 1849 722 et

128 737 378 788 Wigandum
407 737 514 774 Wirt
544 738 690 775 acriter
721 738 874 788 agitata
905 738 989 775 dixi
1020 739 1072 777 ad
1102 739 1337 777 inferiorem
1368 739 1580 777 articulum
1613 740 1770 777 ‘Wirt’.
1797 762 1846 766 —

126 792 165 830 A
196 793 419 831 Trithemio
458 794 600 843 incipit
636 793 895 831 Picmontani
927 794 1011 834 MS.
1034 794 1272 832 Auctarium
1306 793 1601 844 (Trithemiani
1641 795 1761 845 libri)
1797 796 1848 834 (10

126 849 387 899 scriptoribus
421 849 702 886 ecclesiasticis
734 850 811 886 sic:

127 925 339 966 „Iohannes
371 925 551 957 tritemius
582 924 762 967 quondam
792 925 1070 967 spanhemensis
1101 936 1255 968 magnus
1289 927 1403 959 abbas
1435 936 1529 958 1111110
1558 927 1848 968 herbipolitanus
1887 932 1888 935 ’

126 981 341 1013 monasterii
373 981 492 1012 sancti
516 980 642 1013 Iacobi
670 981 823 1023 apostoli
857 982 1004 1014 maioris
1027 983 1064 1013 in
1091 982 1298 1014 suburbano
1325 974 1427 1014 extra
1452 992 1572 1014 muros
1598 983 1761 1014 ciuitatis
1787 984 1849 1015 siti

126 1040 162 1068 et
189 1036 233 1068 ad
259 1039 378 1069 scotos
405 1036 535 1068 dudum
560 1039 763 1079 nuncupati
787 1037 935 1069 Ordinis
961 1038 1036 1069 diui
1060 1039 1176 1080 patris
1202 1039 1318 1070 nostri
1342 1038 1534 1070 Benedicti
1559 1039 1707 1070 natione
1732 1042 1847 1071 teuto-

125 1094 230 1124 nicus
259 1093 381 1134 patria
406 1093 627 1125 mosellanus
654 1103 697 1125 ex
723 1092 814 1126 villa
838 1094 1032 1126 tritenhem
1061 1095 1281 1126 treuerensis
1307 1094 1465 1126 diocesis
1491 1094 1660 1126 oriundus
1685 1094 1768 1127 libri
1793 1095 1848 1127 sui

124 1148 167 1180 (10
199 1149 437 1191 scriptoribus
477 1148 740 1181 ecclesiasticis
776 1149 925 1181 vltimus
963 1153 999 1181 et
1035 1150 1140 1182 huius
1176 1154 1297 1182 nostre
1331 1151 1530 1192 prostasios
1563 1148 1735 1193 [secundi
1765 1151 1849 1184 libri

125 1206 222 1236 lineis
247 1206 435 1236 traductum
461 1201 532 1246 est]
559 1206 695 1245 primus
722 1208 832 1246 atque
858 1206 1052 1247 precipuus
1096 1206 1160 1238 Vir
1186 1209 1263 1238 arte
1288 1209 1325 1237 in
1352 1206 1487 1238 diuinis
1513 1207 1703 1249 seripturis
1729 1207 1846 1239 crudi-

124 1262 287 1293 tissimus
314 1271 357 1292 ac
382 1260 491 1301 plane
519 1261 676 1292 omnium
702 1260 888 1293 doctorum
913 1261 1095 1293 hominum
1122 1262 1190 1294 hac
1215 1266 1341 1294 nostra
1366 1265 1589 1304 tempestate
1614 1262 1726 1294 facile
1750 1262 1847 1304 prin-

124 1327 210 1359 ceps
253 1316 296 1348 In
327 1316 555 1348 secularibus
588 1326 728 1358 quoque
759 1316 893 1348 litteris
926 1321 961 1348 et
992 1319 1149 1350 omnium
1179 1318 1383 1350 liberalium
1409 1318 1664 1359 scibiliumque
1692 1318 1845 1350 faculta-

123 1376 197 1404 tum
229 1372 431 1414 disciplinis
464 1371 509 1403 ad
540 1372 743 1413 perfectum
782 1373 977 1405 instructus
1008 1373 1169 1414 nullique
1204 1374 1382 1406 secundus
1412 1374 1656 1416 Philosophus
1688 1384 1846 1406 summus

124 1432 160 1460 et
185 1431 416 1460 consumatus
447 1427 624 1469 siquidem
649 1428 855 1460 diuinarum
879 1428 1189 1470 humanarumque
1220 1440 1337 1461 rerum
1364 1429 1606 1462 sufficientem
1635 1433 1845 1471 certamque

123 1485 296 1517 noticiam
320 1484 461 1516 habens
487 1495 567 1515 cum
592 1484 737 1516 tramite
755 1485 848 1516 bene
866 1484 1016 1516 viuendi
1035 1485 1228 1517 coniuncta
1245 1486 1314 1517 dici
1333 1485 1572 1527 philosophus
1591 1486 1698 1518 debet
1714 1487 1846 1518 vtrius-

123 1551 192 1582 que
217 1540 307 1572 iuris
332 1539 514 1582 leguleius
540 1541 789 1582 peritissimus
814 1544 936 1572 orator
960 1540 1246 1573 facundissimus
1271 1541 1466 1573 historiens
1491 1541 1642 1574 celebris
1666 1542 1846 1583 opinionis

122 1600 232 1639 poeta
256 1596 446 1639 preclarus
472 1596 653 1628 medicine
679 1606 722 1628 ac
748 1597 903 1628 omnium
929 1597 1148 1628 naturalium
1175 1600 1398 1629 secretorum
1423 1598 1695 1639 expertissimus
1715 1598 1844 1630 omnis-

123 1663 191 1694 que
225 1653 373 1694 antique
404 1652 633 1695 philosophie
664 1652 872 1684 litterature
904 1652 1099 1694 indagator
1130 1657 1166 1685 et
1191 1653 1306 1685 cultor
1331 1654 1588 1686 solertissimus
1630 1654 1845 1686 Diuinarum

123 1719 263 1751 quoque
296 1709 557 1750 scripturarum
589 1711 729 1740 amator
760 1711 797 1740 et
826 1708 1038 1741 enucleator
1063 1709 1219 1741 disertus
1265 1710 1389 1741 Trium
1418 1709 1676 1751 principalium
1701 1709 1846 1751 lingua-

122 1776 198 1797 rum
227 1763 415 1807 [hebraice
440 1764 585 1797 scilicet
609 1766 656 1796 acl
677 1762 799 1806 marffi]
828 1764 971 1797 scilieet
998 1767 1034 1796 et
1059 1765 1250 1797 chaldaice
1276 1764 1351 1806 (et)
1377 1775 1484 1807 grece
1510 1766 1645 1808 pariter
1670 1769 1704 1798 et
1728 1766 1845 1798 latine

122 1822 302 1864 interpres
328 1820 554 1853 clarissimus
577 1821 726 1863 ingenio
752 1822 920 1862 prestans
947 1821 1131 1853 excellens
1157 1822 1303 1854 subtilis
1331 1824 1367 1853 01
1391 1824 1521 1854 30111113
1548 1833 1591 1854 30
1616 1832 1727 1864 prope
1753 1822 1845 1853 diui-

122 1888 188 1910 nus
229 1876 392 1919 'Eloquio
423 1877 546 1909 clarus
578 1877 694 1909 (1111013
728 1876 885 1909 disertus
918 1879 1065 1919 apertus
1096 1877 1232 1909 nitidus
1258 1877 1352 1909 idem
1379 1880 1490 1918 atque
1515 1880 1635 1910 tersus
1660 1880 1845 1920 promptus

123 1937 160 1966 et
185 1936 311 1966 ornate
344 1933 565 1975 compositus
596 1943 638 1964 ae
669 1933 862 1965 multarum
894 1944 1012 1965 rerum
1044 1934 1278 1975 experiencia
1306 1933 1472 1966 conditus
1520 1934 1596 1965 Nec
1624 1934 1742 1966 minus
1765 1934 1846 1966 vita

123 1994 159 2022 et
196 1989 482 2022 conuersacione
520 1998 625 2030 quam
663 1989 828 2020 (10011-1113
865 1989 1052 2031 preclarus
1085 1992 1121 2021 et
1156 1993 1319 2022 maturus
1356 1992 1476 2022 mente
1513 1989 1749 2032 singulariter
1785 1989 1845 2022 de-

121 2052 226 2078 uotus
275 2045 414 2078 Salutis
444 2046 644 2076 animarum
677 2045 839 2076 sincerus
873 2048 908 2077 et
938 2045 1230 2078 feruentissimus
1263 2049 1403 2077 amator
1431 2046 1577 2078 incessu
1609 2046 1734 2087 grauis
1763 2056 1844 2088 pro-

122 2112 249 2143 gressu
281 2100 500 2142 exemplaris
529 2101 695 2142 practica
722 2104 890 2134 strenuus
916 2101 1036 2133 studio
1061 2102 1318 2143 scripturarum
1343 2102 1535 2134 continuus
1561 2102 1642 2134 fons
1668 2112 1844 2134 canonum

122 2157 286 2190 sciencia
322 2157 520 2199 profundus
558 2157 748 2189 sentencia
781 2157 926 2189 stabilis
966 2157 1119 2189 consilio
1153 2161 1283 2190 cautus
1317 2168 1360 2190 ac
1392 2160 1577 2200 promptus
1610 2157 1845 2199 experiencia

121 2215 245 2246 varius
277 2213 464 2245 dubiorum
496 2215 618 2255 presto
649 2216 841 2254 certusque
874 2213 1016 2246 (1001301-
1064 2213 1300 2246 Declamator
1329 2224 1531 2246 sermonum
1560 2213 1844 2245 facundissimus

115 2270 330 2302 indefessus
363 2272 400 2301 et
431 2270 648 2311 impertesus
702 2271 744 2301 In
778 2269 1011 2312 philosophia
1043 2270 1272 2302 aristotolica
1304 2272 1372 2308 [sic]
1405 2270 1611 2312 disputator
1644 2270 1843 2302 acerrimus

122 2328 309 2369 promptus
342 2336 383 2357 ac
415 2325 587 2366 prouidus
636 2325 821 2358 Viciorum
851 2326 1009 2357 omnium
1034 2325 1151 2358 hostis
1180 2326 1425 2359 zelosissimus
1476 2325 1596 2357 Animi
1628 2325 1844 2358 constancia

122 2393 263 2424 semper
286 2381 381 2414 idem
407 2384 443 2413 et
468 2381 706 2414 immutabilis
757 2382 1002 2414 Honestorum
1029 2391 1169 2424 quoque
1195 2382 1360 2415 laborum
1383 2393 1425 2414 ac
1451 2381 1659 2424 quarumuis
1685 2381 1846 2414 aduersi-

122 2441 238 2470 tatum
269 2437 508 2479 undecunque
541 2437 790 2470 accidencium
814 2438 1109 2480 paeientissimus
1158 2439 1321 2470 Persona
1348 2438 1517 2480 egregius
1542 2441 1684 2470 statura
1709 2437 1843 2469 medio—

124 2495 195 2526 cris
220 2494 351 2536 capitis
377 2493 592 2535 pergrandis
616 2493 739 2526 vultus
764 2493 925 2535 angelici
950 2497 1103 2536 aspectu
1128 2495 1365 2527 seueritatem
1382 2493 1540 2527 iocunda
1558 2496 1594 2526 et
1612 2493 1844 2525 amenissima

124 2550 305 2582 facilitate
338 2549 521 2581 conditam
553 2549 746 2582 ostendens
796 2550 935 2591 Cuique
968 2550 1182 2582 sinceritate
1214 2551 1305 2582 nihil
1339 2548 1476 2591 [fuerat
1508 2546 1618 2591 mihi]
1650 2549 1843 2581 iucundius

121 2605 344 2638 iocunditate
374 2605 464 2636 nihil
495 2606 656 2638 seuerius
710 2606 820 2638 Porro
847 2606 987 2637 medius
1013 2605 1120 2637 fidius
1149 2606 1240 2637 nihil
1270 2606 1370 2637 illius
1402 2616 1483 2637 cum
1512 2605 1626 2636 latine
1659 2616 1703 2637 ac
1733 2615 1842 2646 grece

123 2668 197 2694 tum
223 2662 395 2694 hebraice
428 2664 464 2693 et
495 2661 685 2693 chaldaice
717 2672 760 2693 ae
793 2662 903 2693 etiam
928 2661 1125 2693 vernacule
1151 2664 1273 2693 nostre
1298 2661 1483 2702 polieioris
1507 2660 1631 2703 lingue
1658 2661 1844 2693 castitatis

125 2721 160 2750 et
191 2717 406 2758 eloquencie
439 2717 617 2759 principis
647 2717 794 2759 ingenio
819 2717 1049 2749 mirabilius:
1069 2717 1114 2748 ad
1140 2719 1217 2749 eius
1251 2718 1405 2749 virtutes
1436 2715 1673 2758 explicandas
1704 2717 1841 2748 cicero-

123 2775 230 2806 niane
255 2772 425 2805 facundie
452 2774 561 2805 etiam
587 2773 718 2805 fluuius
743 2773 925 2805 exsiccari
951 2776 1075 2815 posset
1100 2774 1160 2814 qui
1186 2773 1276 2804 nihil
1309 2783 1466 2814 vnquam
1491 2772 1617 2814 attigit
1647 2772 1741 2813 quod
1771 2782 1842 2803 non

123 2828 333 2862 incredibili
363 2828 519 2870 quadam
550 2828 732 2861 felicitate
767 2828 991 2860 luculentum
1022 2829 1223 2871 prestiterit
1261 2831 1296 2860 et
1331 2828 1472 2860 illustre
1528 2828 1629 2874 Vnus
1660 2828 1720 2860 hic
1753 2839 1840 2860 sane

123 2897 194 2919 non
225 2889 300 2918 tam
331 2885 419 2916 mihi
450 2895 556 2926 quam
588 2885 719 2927 cuique
751 2884 961 2917 doctissimo
993 2887 1029 2916 et
1060 2894 1216 2925 equasse
1248 2895 1371 2917 omnes
1403 2894 1545 2927 quaque
1574 2895 1612 2917 re
1636 2884 1779 2917 videtur
1805 2888 1841 2916 et

215 2998 247 3039 8)
266 2999 342 3031 Ioh.
362 2997 597 3030 Trithemius.
624 2996 814 3029 Landshut
833 2998 928 3029 1868.
946 2996 992 3028 80.
1013 3007 1043 3039 p.
1063 2998 1167 3029 235...
1180 2997 1256 3030 245.
