<?xml version="1.0" encoding="UTF-8"?>
<!DOCTYPE html PUBLIC "-//W3C//DTD XHTML 1.0 Transitional//EN"
    "http://www.w3.org/TR/xhtml1/DTD/xhtml1-transitional.dtd">
<html xmlns="http://www.w3.org/1999/xhtml" xml:lang="en" lang="en">
 <head>
  <title>
</title>
<meta http-equiv="Content-Type" content="text/html;charset=utf-8" />
  <meta name='ocr-system' content='tesseract 3.04.00' />
  <meta name='ocr-capabilities' content='ocr_page ocr_carea ocr_par ocr_line ocrx_word'/>
</head>
<body>
  <div class='ocr_page' id='page_1' title='image "./operaquaereperir02huttuoft/operaquaereperir02huttuoft_0673.png"; bbox 0 0 2119 3522; ppageno 0'>
   <div class='ocr_carea' id='block_1_1' title="bbox 251 229 1805 276">
    <p class='ocr_par' dir='ltr' id='par_1_1' title="bbox 251 229 1805 276">
     <span class='ocr_line' id='line_1_1' title="bbox 251 229 1805 276; baseline 0.003 -9"><span class='ocrx_word' id='word_1_1' title='bbox 251 245 323 268; x_wconf 84' lang='lat' dir='ltr'>EPP.</span> <span class='ocrx_word' id='word_1_2' title='bbox 337 243 362 268; x_wconf 86' lang='lat'>5.</span> <span class='ocrx_word' id='word_1_3' title='bbox 375 243 401 268; x_wconf 80' lang='grc'>6.</span> <span class='ocrx_word' id='word_1_4' title='bbox 427 246 598 269; x_wconf 73' lang='lat' dir='ltr'>IOHANNES</span> <span class='ocrx_word' id='word_1_5' title='bbox 614 246 660 268; x_wconf 84' lang='lat' dir='ltr'>DE</span> <span class='ocrx_word' id='word_1_6' title='bbox 678 247 827 269; x_wconf 71' lang='lat' dir='ltr'>WERDEA</span> <span class='ocrx_word' id='word_1_7' title='bbox 845 246 1003 270; x_wconf 77' lang='lat' dir='ltr'>ORTVINO.</span> <span class='ocrx_word' id='word_1_8' title='bbox 1021 260 1064 264; x_wconf 83' lang='lat'>-—</span> <span class='ocrx_word' id='word_1_9' title='bbox 1082 247 1271 270; x_wconf 78' lang='lat' dir='ltr'>CORNELIVS</span> <span class='ocrx_word' id='word_1_10' title='bbox 1288 248 1429 270; x_wconf 80' lang='lat' dir='ltr'><strong>STORATI</strong></span> <span class='ocrx_word' id='word_1_11' title='bbox 1447 247 1605 271; x_wconf 82' lang='lat' dir='ltr'>ORTVINO.</span> <span class='ocrx_word' id='word_1_12' title='bbox 1711 229 1805 276; x_wconf 72' lang='grc'>659</span> 
     </span>
    </p>
   </div>
   <div class='ocr_carea' id='block_1_2' title="bbox 88 302 1810 2807">
    <p class='ocr_par' dir='ltr' id='par_1_2' title="bbox 92 302 1808 348">
     <span class='ocr_line' id='line_1_2' title="bbox 92 302 1808 348; baseline 0.002 -13"><span class='ocrx_word' id='word_1_13' title='bbox 92 302 180 344; x_wconf 81' lang='lat' dir='ltr'>Pag.</span> <span class='ocrx_word' id='word_1_14' title='bbox 198 302 288 339; x_wconf 84' lang='lat'>193.</span> <span class='ocrx_word' id='word_1_15' title='bbox 1183 306 1268 348; x_wconf 80' lang='lat' dir='ltr'>Pag.</span> <span class='ocrx_word' id='word_1_16' title='bbox 1286 308 1359 338; x_wconf 74' lang='lat'>192.</span> <span class='ocrx_word' id='word_1_17' title='bbox 1379 317 1408 338; x_wconf 88' lang='lat' dir='ltr'>v.</span> <span class='ocrx_word' id='word_1_18' title='bbox 1424 315 1453 339; x_wconf 94' lang='lat'>11</span> <span class='ocrx_word' id='word_1_19' title='bbox 1473 332 1480 338; x_wconf 95' lang='lat'>.</span> <span class='ocrx_word' id='word_1_20' title='bbox 1495 332 1501 338; x_wconf 92' lang='lat'>.</span> <span class='ocrx_word' id='word_1_21' title='bbox 1517 332 1524 338; x_wconf 92' lang='lat'>.</span> <span class='ocrx_word' id='word_1_22' title='bbox 1542 307 1628 348; x_wconf 85' lang='lat' dir='ltr'>Pag.</span> <span class='ocrx_word' id='word_1_23' title='bbox 1645 307 1718 338; x_wconf 84' lang='lat'>194.</span> <span class='ocrx_word' id='word_1_24' title='bbox 1736 318 1767 338; x_wconf 89' lang='lat' dir='ltr'>v.</span> <span class='ocrx_word' id='word_1_25' title='bbox 1781 314 1808 338; x_wconf 78' lang='lat'>2.</span> 
     </span>
    </p>

    <p class='ocr_par' dir='ltr' id='par_1_3' title="bbox 92 357 758 402">
     <span class='ocr_line' id='line_1_3' title="bbox 92 357 758 402; baseline 0.003 -12"><span class='ocrx_word' id='word_1_26' title='bbox 92 360 114 390; x_wconf 84' lang='lat'>4</span> <span class='ocrx_word' id='word_1_27' title='bbox 138 368 182 390; x_wconf 68' lang='lat' dir='ltr'>ew</span> <span class='ocrx_word' id='word_1_28' title='bbox 208 358 345 402; x_wconf 55' lang='lat' dir='ltr'>erema]</span> <span class='ocrx_word' id='word_1_29' title='bbox 372 358 447 392; x_wconf 89' lang='lat' dir='ltr'>scil.</span> <span class='ocrx_word' id='word_1_30' title='bbox 465 357 686 392; x_wconf 77' lang='lat' dir='ltr'>Mattli.xv1.</span> <span class='ocrx_word' id='word_1_31' title='bbox 707 363 758 393; x_wconf 87' lang='grc'>19.</span> 
     </span>
    </p>

    <p class='ocr_par' dir='ltr' id='par_1_4' title="bbox 93 413 1810 627">
     <span class='ocr_line' id='line_1_4' title="bbox 93 413 1808 461; baseline 0.002 -15"><span class='ocrx_word' id='word_1_32' title='bbox 93 415 112 445; x_wconf 98' lang='grc'><strong>6</strong></span> <span class='ocrx_word' id='word_1_33' title='bbox 137 424 179 446; x_wconf 63' lang='grc' dir='ltr'>μ’.</span> <span class='ocrx_word' id='word_1_34' title='bbox 199 423 229 456; x_wconf 75' lang='lat' dir='ltr'>q.</span> <span class='ocrx_word' id='word_1_35' title='bbox 247 426 307 448; x_wconf 88' lang='lat'>1111.</span> <span class='ocrx_word' id='word_1_36' title='bbox 326 424 352 447; x_wconf 79' lang='grc' dir='ltr'>ο.</span> <span class='ocrx_word' id='word_1_37' title='bbox 374 413 533 459; x_wconf 74' lang='lat' dir='ltr'>Cuncta]</span> <span class='ocrx_word' id='word_1_38' title='bbox 561 413 647 448; x_wconf 87' lang='lat' dir='ltr'>Can.</span> <span class='ocrx_word' id='word_1_39' title='bbox 668 418 719 448; x_wconf 84' lang='lat'>17.</span> <span class='ocrx_word' id='word_1_40' title='bbox 738 414 857 449; x_wconf 89' lang='lat' dir='ltr'>Causa</span> <span class='ocrx_word' id='word_1_41' title='bbox 873 415 934 450; x_wconf 90' lang='lat' dir='ltr'>IV.</span> <span class='ocrx_word' id='word_1_42' title='bbox 953 427 1012 459; x_wconf 88' lang='lat' dir='ltr'>qu.</span> <span class='ocrx_word' id='word_1_43' title='bbox 1033 420 1063 450; x_wconf 91' lang='lat'>3.</span> <span class='ocrx_word' id='word_1_44' title='bbox 1083 416 1170 459; x_wconf 87' lang='lat' dir='ltr'>[non</span> <span class='ocrx_word' id='word_1_45' title='bbox 1187 428 1224 449; x_wconf 93' lang='lat'>11.</span> <span class='ocrx_word' id='word_1_46' title='bbox 1242 416 1285 449; x_wconf 93' lang='lat' dir='ltr'>ut</span> <span class='ocrx_word' id='word_1_47' title='bbox 1307 415 1345 449; x_wconf 94' lang='lat' dir='ltr'>in</span> <span class='ocrx_word' id='word_1_48' title='bbox 1367 415 1490 450; x_wconf 89' lang='lat' dir='ltr'>adnot.</span> <span class='ocrx_word' id='word_1_49' title='bbox 1510 417 1589 461; x_wconf 70' lang='lat' dir='ltr'>est]</span> <span class='ocrx_word' id='word_1_50' title='bbox 1616 416 1808 459; x_wconf 82' lang='lat' dir='ltr'>„Gelasius</span> 
     </span>
     <span class='ocr_line' id='line_1_5' title="bbox 181 467 1810 516; baseline 0.003 -15"><span class='ocrx_word' id='word_1_51' title='bbox 181 467 253 503; x_wconf 90' lang='grc' dir='ltr'>ΡΡ.</span> <span class='ocrx_word' id='word_1_52' title='bbox 271 469 442 503; x_wconf 90' lang='lat' dir='ltr'>omnibus</span> <span class='ocrx_word' id='word_1_53' title='bbox 466 470 659 514; x_wconf 78' lang='lat' dir='ltr'>episcopis,</span> <span class='ocrx_word' id='word_1_54' title='bbox 697 470 838 505; x_wconf 91' lang='lat' dir='ltr'>Cuncta</span> <span class='ocrx_word' id='word_1_55' title='bbox 860 482 928 515; x_wconf 90' lang='lat' dir='ltr'>per</span> <span class='ocrx_word' id='word_1_56' title='bbox 951 471 1131 505; x_wconf 84' lang='lat' dir='ltr'>mundum</span> <span class='ocrx_word' id='word_1_57' title='bbox 1148 471 1255 506; x_wconf 88' lang='lat' dir='ltr'>novit</span> <span class='ocrx_word' id='word_1_58' title='bbox 1272 471 1437 515; x_wconf 77' lang='lat' dir='ltr'>ecclesia,</span> <span class='ocrx_word' id='word_1_59' title='bbox 1465 472 1564 516; x_wconf 90' lang='lat' dir='ltr'>quod</span> <span class='ocrx_word' id='word_1_60' title='bbox 1581 484 1624 506; x_wconf 90' lang='lat' dir='ltr'>ss.</span> <span class='ocrx_word' id='word_1_61' title='bbox 1642 472 1810 507; x_wconf 81' lang='lat' dir='ltr'>Romana</span> 
     </span>
     <span class='ocr_line' id='line_1_6' title="bbox 182 524 1809 572; baseline 0.002 -14"><span class='ocrx_word' id='word_1_62' title='bbox 182 524 339 559; x_wconf 87' lang='lat' dir='ltr'>ecclesia</span> <span class='ocrx_word' id='word_1_63' title='bbox 362 525 417 559; x_wconf 88' lang='lat' dir='ltr'>fas</span> <span class='ocrx_word' id='word_1_64' title='bbox 442 525 487 559; x_wconf 90' lang='lat' dir='ltr'>de</span> <span class='ocrx_word' id='word_1_65' title='bbox 513 525 683 559; x_wconf 86' lang='lat' dir='ltr'>omnibus</span> <span class='ocrx_word' id='word_1_66' title='bbox 707 526 846 560; x_wconf 83' lang='lat' dir='ltr'>habeat</span> <span class='ocrx_word' id='word_1_67' title='bbox 868 527 1074 569; x_wconf 89' lang='lat' dir='ltr'>iudicandi,</span> <span class='ocrx_word' id='word_1_68' title='bbox 1101 538 1222 571; x_wconf 88' lang='lat' dir='ltr'>neque</span> <span class='ocrx_word' id='word_1_69' title='bbox 1247 528 1421 572; x_wconf 75' lang='lat' dir='ltr'>cuiquam</span> <span class='ocrx_word' id='word_1_70' title='bbox 1446 528 1491 562; x_wconf 89' lang='lat' dir='ltr'>de</span> <span class='ocrx_word' id='word_1_71' title='bbox 1518 528 1596 562; x_wconf 90' lang='lat' dir='ltr'>eius</span> <span class='ocrx_word' id='word_1_72' title='bbox 1619 528 1732 564; x_wconf 85' lang='lat' dir='ltr'>liceat</span> <span class='ocrx_word' id='word_1_73' title='bbox 1756 529 1809 562; x_wconf 89' lang='lat' dir='ltr'>iu-</span> 
     </span>
     <span class='ocr_line' id='line_1_7' title="bbox 182 579 1597 627; baseline 0.004 -14"><span class='ocrx_word' id='word_1_74' title='bbox 182 579 306 614; x_wconf 89' lang='lat' dir='ltr'>dicare</span> <span class='ocrx_word' id='word_1_75' title='bbox 330 580 468 615; x_wconf 92' lang='lat' dir='ltr'>iudicio</span> <span class='ocrx_word' id='word_1_76' title='bbox 487 608 494 615; x_wconf 95' lang='lat'>.</span> <span class='ocrx_word' id='word_1_77' title='bbox 513 583 570 616; x_wconf 88' lang='lat'>.“.</span> <span class='ocrx_word' id='word_1_78' title='bbox 620 581 800 616; x_wconf 74' lang='lat' dir='ltr'>Similiter</span> <span class='ocrx_word' id='word_1_79' title='bbox 823 594 898 627; x_wconf 91' lang='lat' dir='ltr'>seq.</span> <span class='ocrx_word' id='word_1_80' title='bbox 917 594 995 616; x_wconf 88' lang='lat' dir='ltr'>can.</span> <span class='ocrx_word' id='word_1_81' title='bbox 1014 583 1060 617; x_wconf 88' lang='lat' dir='ltr'>ab</span> <span class='ocrx_word' id='word_1_82' title='bbox 1085 583 1219 617; x_wconf 87' lang='lat' dir='ltr'>iisdem</span> <span class='ocrx_word' id='word_1_83' title='bbox 1242 584 1365 618; x_wconf 86' lang='lat' dir='ltr'>verbis</span> <span class='ocrx_word' id='word_1_84' title='bbox 1393 584 1597 618; x_wconf 75' lang='lat' dir='ltr'>exordiens,</span> 
     </span>
    </p>

    <p class='ocr_par' dir='ltr' id='par_1_5' title="bbox 92 635 1810 1296">
     <span class='ocr_line' id='line_1_8' title="bbox 92 635 1809 684; baseline 0.002 -14"><span class='ocrx_word' id='word_1_85' title='bbox 92 639 111 670; x_wconf 83' lang='lat'><strong>7</strong></span> <span class='ocrx_word' id='word_1_86' title='bbox 135 635 237 679; x_wconf 68' lang='lat' dir='ltr'>(slosa</span> <span class='ocrx_word' id='word_1_87' title='bbox 260 636 303 670; x_wconf 70' lang='lat' dir='ltr'>in</span> <span class='ocrx_word' id='word_1_88' title='bbox 326 647 403 680; x_wconf 75' lang='lat' dir='ltr'>cap.</span> <span class='ocrx_word' id='word_1_89' title='bbox 422 637 485 671; x_wconf 75' lang='lat' dir='ltr'>Ad</span> <span class='ocrx_word' id='word_1_90' title='bbox 509 638 580 681; x_wconf 57' lang='grc' dir='ltr'>σιμ]</span> <span class='ocrx_word' id='word_1_91' title='bbox 609 638 784 672; x_wconf 86' lang='lat' dir='ltr'>omissum</span> <span class='ocrx_word' id='word_1_92' title='bbox 802 640 857 673; x_wconf 90' lang='lat' dir='ltr'>est</span> <span class='ocrx_word' id='word_1_93' title='bbox 883 638 937 672; x_wconf 87' lang='lat' dir='ltr'>‘in</span> <span class='ocrx_word' id='word_1_94' title='bbox 954 638 1044 673; x_wconf 83' lang='lat' dir='ltr'>VI⁰.&#39;</span> <span class='ocrx_word' id='word_1_95' title='bbox 1072 638 1158 683; x_wconf 83' lang='lat' dir='ltr'>Cap.</span> <span class='ocrx_word' id='word_1_96' title='bbox 1177 638 1236 672; x_wconf 89' lang='lat' dir='ltr'>Ad</span> <span class='ocrx_word' id='word_1_97' title='bbox 1261 640 1472 684; x_wconf 67' lang='lat' dir='ltr'>apostolicae</span> <span class='ocrx_word' id='word_1_98' title='bbox 1498 641 1554 674; x_wconf 88' lang='lat' dir='ltr'>est</span> <span class='ocrx_word' id='word_1_99' title='bbox 1577 651 1606 674; x_wconf 80' lang='lat' dir='ltr'>C.</span> <span class='ocrx_word' id='word_1_100' title='bbox 1624 644 1655 674; x_wconf 75' lang='lat'>2.</span> <span class='ocrx_word' id='word_1_101' title='bbox 1674 640 1713 673; x_wconf 90' lang='lat' dir='ltr'>in</span> <span class='ocrx_word' id='word_1_102' title='bbox 1732 640 1809 675; x_wconf 72' lang='lat' dir='ltr'>Vls’.</span> 
     </span>
     <span class='ocr_line' id='line_1_9' title="bbox 182 691 1809 739; baseline 0.003 -14"><span class='ocrx_word' id='word_1_103' title='bbox 182 691 228 725; x_wconf 90' lang='lat' dir='ltr'>de</span> <span class='ocrx_word' id='word_1_104' title='bbox 253 693 345 726; x_wconf 87' lang='lat' dir='ltr'>sent.</span> <span class='ocrx_word' id='word_1_105' title='bbox 364 693 403 727; x_wconf 89' lang='lat' dir='ltr'>et</span> <span class='ocrx_word' id='word_1_106' title='bbox 418 704 457 727; x_wconf 90' lang='lat' dir='ltr'>re</span> <span class='ocrx_word' id='word_1_107' title='bbox 475 693 549 727; x_wconf 89' lang='lat' dir='ltr'>iud.</span> <span class='ocrx_word' id='word_1_108' title='bbox 567 706 604 727; x_wconf 90' lang='lat'>11.</span> <span class='ocrx_word' id='word_1_109' title='bbox 625 698 676 728; x_wconf 82' lang='lat'>14.</span> <span class='ocrx_word' id='word_1_110' title='bbox 703 695 738 738; x_wconf 93' lang='lat'>(„</span> <span class='ocrx_word' id='word_1_111' title='bbox 750 694 988 728; x_wconf 73' lang='lat' dir='ltr'>Innocentius</span> <span class='ocrx_word' id='word_1_112' title='bbox 1006 695 1079 737; x_wconf 91' lang='lat' dir='ltr'>IV.,</span> <span class='ocrx_word' id='word_1_113' title='bbox 1106 706 1208 729; x_wconf 88' lang='lat' dir='ltr'>sacro</span> <span class='ocrx_word' id='word_1_114' title='bbox 1226 696 1408 739; x_wconf 74' lang='lat' dir='ltr'>praesente</span> <span class='ocrx_word' id='word_1_115' title='bbox 1427 695 1601 738; x_wconf 86' lang='lat' dir='ltr'>concilio,</span> <span class='ocrx_word' id='word_1_116' title='bbox 1629 696 1676 730; x_wconf 90' lang='lat' dir='ltr'>ad</span> <span class='ocrx_word' id='word_1_117' title='bbox 1699 708 1809 730; x_wconf 78' lang='lat' dir='ltr'>inem.</span> 
     </span>
     <span class='ocr_line' id='line_1_10' title="bbox 182 748 1810 795; baseline 0.003 -14"><span class='ocrx_word' id='word_1_118' title='bbox 182 750 337 792; x_wconf 74' lang='lat' dir='ltr'>semp.‘⁴)</span> <span class='ocrx_word' id='word_1_119' title='bbox 363 749 466 782; x_wconf 87' lang='lat' dir='ltr'>cuius</span> <span class='ocrx_word' id='word_1_120' title='bbox 491 760 634 783; x_wconf 87' lang='lat' dir='ltr'>summa</span> <span class='ocrx_word' id='word_1_121' title='bbox 659 751 715 784; x_wconf 89' lang='lat' dir='ltr'>est</span> <span class='ocrx_word' id='word_1_122' title='bbox 740 748 860 793; x_wconf 83' lang='lat' dir='ltr'>‘Papa</span> <span class='ocrx_word' id='word_1_123' title='bbox 883 750 1149 794; x_wconf 86' lang='lat' dir='ltr'>imperatorem</span> <span class='ocrx_word' id='word_1_124' title='bbox 1173 751 1359 795; x_wconf 81' lang='lat' dir='ltr'>deponere</span> <span class='ocrx_word' id='word_1_125' title='bbox 1391 752 1517 795; x_wconf 91' lang='lat' dir='ltr'>potest</span> <span class='ocrx_word' id='word_1_126' title='bbox 1541 762 1586 785; x_wconf 83' lang='lat' dir='ltr'>ex</span> <span class='ocrx_word' id='word_1_127' title='bbox 1617 753 1735 786; x_wconf 91' lang='lat' dir='ltr'>causis</span> <span class='ocrx_word' id='word_1_128' title='bbox 1758 752 1810 786; x_wconf 89' lang='lat' dir='ltr'>le-</span> 
     </span>
     <span class='ocr_line' id='line_1_11' title="bbox 181 803 1809 852; baseline 0.003 -15"><span class='ocrx_word' id='word_1_129' title='bbox 181 803 359 848; x_wconf 83' lang='lat' dir='ltr'>gitimis’,</span> <span class='ocrx_word' id='word_1_130' title='bbox 387 806 425 838; x_wconf 91' lang='lat' dir='ltr'>et</span> <span class='ocrx_word' id='word_1_131' title='bbox 449 805 495 839; x_wconf 90' lang='lat' dir='ltr'>ad</span> <span class='ocrx_word' id='word_1_132' title='bbox 520 805 620 848; x_wconf 88' lang='lat' dir='ltr'>quod</span> <span class='ocrx_word' id='word_1_133' title='bbox 645 805 782 850; x_wconf 85' lang='lat' dir='ltr'>glossa:</span> <span class='ocrx_word' id='word_1_134' title='bbox 809 804 1039 847; x_wconf 90' lang='lat' dir='ltr'>„Decretalis</span> <span class='ocrx_word' id='word_1_135' title='bbox 1063 806 1141 840; x_wconf 72' lang='lat' dir='ltr'>haec</span> <span class='ocrx_word' id='word_1_136' title='bbox 1165 807 1290 850; x_wconf 91' lang='lat' dir='ltr'>potest</span> <span class='ocrx_word' id='word_1_137' title='bbox 1314 806 1431 841; x_wconf 88' lang='lat' dir='ltr'>dividi</span> <span class='ocrx_word' id='word_1_138' title='bbox 1454 808 1492 840; x_wconf 90' lang='lat' dir='ltr'>in</span> <span class='ocrx_word' id='word_1_139' title='bbox 1511 808 1688 851; x_wconf 89' lang='lat' dir='ltr'>quattuor</span> <span class='ocrx_word' id='word_1_140' title='bbox 1710 808 1809 852; x_wconf 92' lang='lat' dir='ltr'>prin-</span> 
     </span>
     <span class='ocr_line' id='line_1_12' title="bbox 182 859 1809 906; baseline 0.004 -14"><span class='ocrx_word' id='word_1_141' title='bbox 182 859 321 903; x_wconf 89' lang='lat' dir='ltr'>cipales</span> <span class='ocrx_word' id='word_1_142' title='bbox 344 861 480 904; x_wconf 89' lang='lat' dir='ltr'>partes.</span> <span class='ocrx_word' id='word_1_143' title='bbox 527 861 571 894; x_wconf 87' lang='lat' dir='ltr'>In</span> <span class='ocrx_word' id='word_1_144' title='bbox 594 860 716 905; x_wconf 88' lang='lat' dir='ltr'>prima</span> <span class='ocrx_word' id='word_1_145' title='bbox 739 861 936 904; x_wconf 68' lang='lat' dir='ltr'>praemittit</span> <span class='ocrx_word' id='word_1_146' title='bbox 959 861 1242 905; x_wconf 84' lang='lat' dir='ltr'>dissensionem,</span> <span class='ocrx_word' id='word_1_147' title='bbox 1274 874 1355 906; x_wconf 84' lang='lat' dir='ltr'>quae</span> <span class='ocrx_word' id='word_1_148' title='bbox 1382 863 1462 896; x_wconf 86' lang='lat' dir='ltr'>erat</span> <span class='ocrx_word' id='word_1_149' title='bbox 1493 863 1591 897; x_wconf 87' lang='lat' dir='ltr'>inter</span> <span class='ocrx_word' id='word_1_150' title='bbox 1616 864 1809 898; x_wconf 88' lang='lat' dir='ltr'>ecclesiam</span> 
     </span>
     <span class='ocr_line' id='line_1_13' title="bbox 182 913 1808 964; baseline 0.002 -16"><span class='ocrx_word' id='word_1_151' title='bbox 182 916 220 949; x_wconf 90' lang='lat' dir='ltr'>et</span> <span class='ocrx_word' id='word_1_152' title='bbox 236 913 466 950; x_wconf 84' lang='lat' dir='ltr'>Fridericum</span> <span class='ocrx_word' id='word_1_153' title='bbox 490 916 757 961; x_wconf 74' lang='lat' dir='ltr'>imperatorem</span> <span class='ocrx_word' id='word_1_154' title='bbox 775 943 782 950; x_wconf 93' lang='lat'>.</span> <span class='ocrx_word' id='word_1_155' title='bbox 802 944 808 950; x_wconf 99' lang='lat'>.</span> <span class='ocrx_word' id='word_1_156' title='bbox 828 945 834 950; x_wconf 98' lang='lat'>.</span> <span class='ocrx_word' id='word_1_157' title='bbox 861 916 903 950; x_wconf 89' lang='lat' dir='ltr'>In</span> <span class='ocrx_word' id='word_1_158' title='bbox 927 917 1041 951; x_wconf 88' lang='lat' dir='ltr'>tertia</span> <span class='ocrx_word' id='word_1_159' title='bbox 1057 929 1138 961; x_wconf 69' lang='lat' dir='ltr'>quae</span> <span class='ocrx_word' id='word_1_160' title='bbox 1162 917 1296 962; x_wconf 89' lang='lat' dir='ltr'>incipit</span> <span class='ocrx_word' id='word_1_161' title='bbox 1319 918 1371 951; x_wconf 85' lang='lat' dir='ltr'>ibi</span> <span class='ocrx_word' id='word_1_162' title='bbox 1397 918 1490 952; x_wconf 80' lang='lat' dir='ltr'>‘Nos</span> <span class='ocrx_word' id='word_1_163' title='bbox 1515 918 1660 962; x_wconf 85' lang='lat' dir='ltr'>itaque⁷</span> <span class='ocrx_word' id='word_1_164' title='bbox 1686 920 1808 964; x_wconf 86' lang='lat' dir='ltr'>ipsum</span> 
     </span>
     <span class='ocr_line' id='line_1_14' title="bbox 182 971 1809 1016; baseline 0.002 -11"><span class='ocrx_word' id='word_1_165' title='bbox 182 971 338 1016; x_wconf 86' lang='lat' dir='ltr'>deponit</span> <span class='ocrx_word' id='word_1_166' title='bbox 362 972 407 1006; x_wconf 88' lang='lat' dir='ltr'>ab</span> <span class='ocrx_word' id='word_1_167' title='bbox 432 972 606 1016; x_wconf 89' lang='lat' dir='ltr'>imperio,</span> <span class='ocrx_word' id='word_1_168' title='bbox 641 972 770 1007; x_wconf 89' lang='lat' dir='ltr'>fideles</span> <span class='ocrx_word' id='word_1_169' title='bbox 795 973 970 1015; x_wconf 85' lang='lat' dir='ltr'>absolvit,</span> <span class='ocrx_word' id='word_1_170' title='bbox 997 973 1166 1007; x_wconf 88' lang='lat' dir='ltr'>faventes</span> <span class='ocrx_word' id='word_1_171' title='bbox 1192 974 1503 1016; x_wconf 82' lang='lat' dir='ltr'>excommunicat,</span> <span class='ocrx_word' id='word_1_172' title='bbox 1532 974 1597 1008; x_wconf 87' lang='lat' dir='ltr'>dat</span> <span class='ocrx_word' id='word_1_173' title='bbox 1620 975 1809 1009; x_wconf 83' lang='lat' dir='ltr'>licentiam</span> 
     </span>
     <span class='ocr_line' id='line_1_15' title="bbox 182 1027 1808 1075; baseline 0.002 -14"><span class='ocrx_word' id='word_1_174' title='bbox 182 1027 406 1062; x_wconf 80' lang='lat' dir='ltr'>electoribus</span> <span class='ocrx_word' id='word_1_175' title='bbox 431 1028 595 1073; x_wconf 83' lang='lat' dir='ltr'>eligendi</span> <span class='ocrx_word' id='word_1_176' title='bbox 620 1040 867 1063; x_wconf 78' lang='lat' dir='ltr'>successorem</span> <span class='ocrx_word' id='word_1_177' title='bbox 885 1056 892 1063; x_wconf 92' lang='lat'>.</span> <span class='ocrx_word' id='word_1_178' title='bbox 912 1057 918 1062; x_wconf 94' lang='lat'>.</span> <span class='ocrx_word' id='word_1_179' title='bbox 938 1057 945 1062; x_wconf 98' lang='lat'>.</span> <span class='ocrx_word' id='word_1_180' title='bbox 976 1029 1024 1062; x_wconf 86' lang='lat' dir='ltr'>Et</span> <span class='ocrx_word' id='word_1_181' title='bbox 1046 1030 1136 1063; x_wconf 92' lang='lat' dir='ltr'>nota</span> <span class='ocrx_word' id='word_1_182' title='bbox 1159 1029 1279 1073; x_wconf 89' lang='lat' dir='ltr'>primo</span> <span class='ocrx_word' id='word_1_183' title='bbox 1305 1029 1405 1073; x_wconf 90' lang='lat' dir='ltr'>quod</span> <span class='ocrx_word' id='word_1_184' title='bbox 1435 1029 1473 1062; x_wconf 92' lang='lat' dir='ltr'>in</span> <span class='ocrx_word' id='word_1_185' title='bbox 1498 1031 1808 1075; x_wconf 81' lang='lat' dir='ltr'>superscriptione</span> 
     </span>
     <span class='ocr_line' id='line_1_16' title="bbox 181 1083 1809 1129; baseline 0.002 -13"><span class='ocrx_word' id='word_1_186' title='bbox 181 1083 318 1117; x_wconf 89' lang='lat' dir='ltr'>dicitur</span> <span class='ocrx_word' id='word_1_187' title='bbox 350 1087 470 1118; x_wconf 76' lang='lat' dir='ltr'>‘sacro</span> <span class='ocrx_word' id='word_1_188' title='bbox 502 1086 685 1128; x_wconf 82' lang='lat' dir='ltr'>praesente</span> <span class='ocrx_word' id='word_1_189' title='bbox 716 1085 910 1127; x_wconf 76' lang='lat' dir='ltr'>concilio&#39;,</span> <span class='ocrx_word' id='word_1_190' title='bbox 942 1085 1065 1129; x_wconf 88' lang='lat' dir='ltr'>potius</span> <span class='ocrx_word' id='word_1_191' title='bbox 1097 1086 1153 1119; x_wconf 90' lang='lat' dir='ltr'>est</span> <span class='ocrx_word' id='word_1_192' title='bbox 1183 1085 1230 1119; x_wconf 87' lang='lat' dir='ltr'>ad</span> <span class='ocrx_word' id='word_1_193' title='bbox 1259 1085 1493 1119; x_wconf 82' lang='lat' dir='ltr'>honestatem</span> <span class='ocrx_word' id='word_1_194' title='bbox 1527 1097 1638 1129; x_wconf 87' lang='lat' dir='ltr'>quam</span> <span class='ocrx_word' id='word_1_195' title='bbox 1671 1086 1718 1120; x_wconf 91' lang='lat' dir='ltr'>ad</span> <span class='ocrx_word' id='word_1_196' title='bbox 1747 1098 1809 1120; x_wconf 88' lang='lat' dir='ltr'>ne-</span> 
     </span>
     <span class='ocr_line' id='line_1_17' title="bbox 181 1139 1809 1187; baseline 0.002 -14"><span class='ocrx_word' id='word_1_197' title='bbox 181 1139 409 1182; x_wconf 86' lang='lat' dir='ltr'>cessitatem,</span> <span class='ocrx_word' id='word_1_198' title='bbox 443 1141 481 1175; x_wconf 91' lang='lat' dir='ltr'>et</span> <span class='ocrx_word' id='word_1_199' title='bbox 505 1141 582 1175; x_wconf 91' lang='lat' dir='ltr'>sine</span> <span class='ocrx_word' id='word_1_200' title='bbox 615 1141 802 1175; x_wconf 82' lang='lat' dir='ltr'>sententia</span> <span class='ocrx_word' id='word_1_201' title='bbox 834 1141 894 1175; x_wconf 88' lang='lat' dir='ltr'>vel</span> <span class='ocrx_word' id='word_1_202' title='bbox 925 1140 1078 1185; x_wconf 88' lang='lat' dir='ltr'>licentia</span> <span class='ocrx_word' id='word_1_203' title='bbox 1109 1140 1255 1175; x_wconf 80' lang='lat' dir='ltr'>concilii</span> <span class='ocrx_word' id='word_1_204' title='bbox 1286 1141 1471 1175; x_wconf 88' lang='lat' dir='ltr'>sententia</span> <span class='ocrx_word' id='word_1_205' title='bbox 1500 1152 1598 1187; x_wconf 73' lang='lat' dir='ltr'>pape</span> <span class='ocrx_word' id='word_1_206' title='bbox 1623 1141 1809 1176; x_wconf 86' lang='lat' dir='ltr'>sufficeret</span> 
     </span>
     <span class='ocr_line' id='line_1_18' title="bbox 181 1196 1806 1240; baseline 0.001 -11"><span class='ocrx_word' id='word_1_207' title='bbox 181 1196 310 1230; x_wconf 84' lang='lat' dir='ltr'>contra</span> <span class='ocrx_word' id='word_1_208' title='bbox 340 1196 605 1240; x_wconf 86' lang='lat' dir='ltr'>imperatorem</span> <span class='ocrx_word' id='word_1_209' title='bbox 638 1198 676 1231; x_wconf 87' lang='lat' dir='ltr'>et</span> <span class='ocrx_word' id='word_1_210' title='bbox 707 1207 966 1240; x_wconf 86' lang='lat' dir='ltr'>quemcunque</span> <span class='ocrx_word' id='word_1_211' title='bbox 1003 1197 1128 1231; x_wconf 87' lang='lat' dir='ltr'>alium.</span> <span class='ocrx_word' id='word_1_212' title='bbox 1148 1210 1203 1231; x_wconf 78' lang='lat' dir='ltr'>xv.</span> <span class='ocrx_word' id='word_1_213' title='bbox 1229 1208 1261 1240; x_wconf 93' lang='lat' dir='ltr'>q.</span> <span class='ocrx_word' id='word_1_214' title='bbox 1280 1209 1327 1231; x_wconf 81' lang='lat' dir='ltr'>vi.</span> <span class='ocrx_word' id='word_1_215' title='bbox 1346 1197 1449 1231; x_wconf 88' lang='lat' dir='ltr'>alius.</span> <span class='ocrx_word' id='word_1_216' title='bbox 1474 1197 1527 1230; x_wconf 87' lang='lat' dir='ltr'>ibi</span> <span class='ocrx_word' id='word_1_217' title='bbox 1548 1200 1629 1231; x_wconf 83' lang='lat' dir='ltr'>&#39;non</span> <span class='ocrx_word' id='word_1_218' title='bbox 1661 1197 1806 1240; x_wconf 86' lang='lat' dir='ltr'>dicitur,</span> 
     </span>
     <span class='ocr_line' id='line_1_19' title="bbox 181 1251 1089 1296; baseline 0.002 -11"><span class='ocrx_word' id='word_1_219' title='bbox 181 1251 280 1295; x_wconf 88' lang='lat' dir='ltr'>quod</span> <span class='ocrx_word' id='word_1_220' title='bbox 303 1251 341 1285; x_wconf 84' lang='lat' dir='ltr'>in</span> <span class='ocrx_word' id='word_1_221' title='bbox 366 1252 521 1286; x_wconf 85' lang='lat' dir='ltr'>concilio</span> <span class='ocrx_word' id='word_1_222' title='bbox 546 1252 645 1286; x_wconf 86' lang='lat' dir='ltr'>facta</span> <span class='ocrx_word' id='word_1_223' title='bbox 668 1252 782 1286; x_wconf 85' lang='lat' dir='ltr'>fuerit</span> <span class='ocrx_word' id='word_1_224' title='bbox 806 1252 988 1296; x_wconf 83' lang='lat' dir='ltr'>depositio</span> <span class='ocrx_word' id='word_1_225' title='bbox 1008 1280 1015 1286; x_wconf 98' lang='lat'>.</span> <span class='ocrx_word' id='word_1_226' title='bbox 1033 1256 1089 1287; x_wconf 79' lang='lat'>.“.</span> 
     </span>
    </p>

    <p class='ocr_par' dir='ltr' id='par_1_6' title="bbox 90 1307 1808 1622">
     <span class='ocr_line' id='line_1_20' title="bbox 90 1307 1808 1354; baseline 0.002 -13"><span class='ocrx_word' id='word_1_227' title='bbox 90 1311 110 1341; x_wconf 93' lang='lat'>8</span> <span class='ocrx_word' id='word_1_228' title='bbox 139 1319 174 1341; x_wconf 79' lang='grc' dir='ltr'>η.</span> <span class='ocrx_word' id='word_1_229' title='bbox 196 1318 226 1351; x_wconf 75' lang='lat' dir='ltr'>q.</span> <span class='ocrx_word' id='word_1_230' title='bbox 247 1319 286 1341; x_wconf 83' lang='grc' dir='ltr'>νι.</span> <span class='ocrx_word' id='word_1_231' title='bbox 306 1307 365 1342; x_wconf 84' lang='lat' dir='ltr'>De</span> <span class='ocrx_word' id='word_1_232' title='bbox 389 1309 513 1352; x_wconf 74' lang='lat' dir='ltr'>cetero]</span> <span class='ocrx_word' id='word_1_233' title='bbox 541 1307 627 1342; x_wconf 88' lang='lat' dir='ltr'>Can.</span> <span class='ocrx_word' id='word_1_234' title='bbox 647 1308 716 1351; x_wconf 91' lang='lat' dir='ltr'>(De</span> <span class='ocrx_word' id='word_1_235' title='bbox 735 1310 873 1353; x_wconf 85' lang='lat' dir='ltr'>cetero)</span> <span class='ocrx_word' id='word_1_236' title='bbox 895 1313 967 1343; x_wconf 85' lang='lat'>109.</span> <span class='ocrx_word' id='word_1_237' title='bbox 987 1307 1047 1342; x_wconf 87' lang='lat' dir='ltr'>Ca.</span> <span class='ocrx_word' id='word_1_238' title='bbox 1065 1321 1087 1342; x_wconf 91' lang='lat'>1.</span> <span class='ocrx_word' id='word_1_239' title='bbox 1106 1320 1165 1353; x_wconf 86' lang='lat' dir='ltr'>qu.</span> <span class='ocrx_word' id='word_1_240' title='bbox 1186 1314 1214 1342; x_wconf 86' lang='lat'>1.</span> <span class='ocrx_word' id='word_1_241' title='bbox 1233 1309 1303 1343; x_wconf 84' lang='lat' dir='ltr'>huc</span> <span class='ocrx_word' id='word_1_242' title='bbox 1330 1320 1403 1343; x_wconf 88' lang='lat' dir='ltr'>non</span> <span class='ocrx_word' id='word_1_243' title='bbox 1420 1310 1595 1354; x_wconf 81' lang='lat' dir='ltr'>pertinet,</span> <span class='ocrx_word' id='word_1_244' title='bbox 1623 1311 1661 1344; x_wconf 90' lang='lat' dir='ltr'>et</span> <span class='ocrx_word' id='word_1_245' title='bbox 1685 1310 1808 1344; x_wconf 87' lang='lat' dir='ltr'>nullus</span> 
     </span>
     <span class='ocr_line' id='line_1_21' title="bbox 180 1363 1807 1409; baseline 0.001 -11"><span class='ocrx_word' id='word_1_246' title='bbox 180 1374 298 1398; x_wconf 83' lang='lat' dir='ltr'>canon</span> <span class='ocrx_word' id='word_1_247' title='bbox 325 1363 385 1398; x_wconf 87' lang='lat' dir='ltr'>Ca.</span> <span class='ocrx_word' id='word_1_248' title='bbox 402 1377 438 1397; x_wconf 86' lang='lat'>11.</span> <span class='ocrx_word' id='word_1_249' title='bbox 457 1376 516 1408; x_wconf 91' lang='lat' dir='ltr'>qu.</span> <span class='ocrx_word' id='word_1_250' title='bbox 536 1369 565 1400; x_wconf 86' lang='grc'>6.</span> <span class='ocrx_word' id='word_1_251' title='bbox 584 1364 716 1409; x_wconf 86' lang='lat' dir='ltr'>incipit</span> <span class='ocrx_word' id='word_1_252' title='bbox 739 1363 794 1398; x_wconf 89' lang='lat' dir='ltr'>De</span> <span class='ocrx_word' id='word_1_253' title='bbox 820 1366 954 1399; x_wconf 89' lang='lat' dir='ltr'>cetero.</span> <span class='ocrx_word' id='word_1_254' title='bbox 1002 1364 1085 1408; x_wconf 79' lang='lat' dir='ltr'>lpse</span> <span class='ocrx_word' id='word_1_255' title='bbox 1116 1366 1245 1398; x_wconf 77' lang='lat' dir='ltr'>auctor</span> <span class='ocrx_word' id='word_1_256' title='bbox 1269 1365 1434 1409; x_wconf 87' lang='lat' dir='ltr'>epistolae</span> <span class='ocrx_word' id='word_1_257' title='bbox 1465 1365 1623 1399; x_wconf 87' lang='lat' dir='ltr'>voluisse</span> <span class='ocrx_word' id='word_1_258' title='bbox 1649 1366 1807 1400; x_wconf 86' lang='lat' dir='ltr'>videtur.</span> 
     </span>
     <span class='ocr_line' id='line_1_22' title="bbox 180 1419 1806 1465; baseline 0.002 -13"><span class='ocrx_word' id='word_1_259' title='bbox 180 1420 217 1452; x_wconf 91' lang='lat' dir='ltr'>in</span> <span class='ocrx_word' id='word_1_260' title='bbox 249 1419 438 1464; x_wconf 83' lang='lat' dir='ltr'>superiore</span> <span class='ocrx_word' id='word_1_261' title='bbox 474 1420 597 1465; x_wconf 81' lang='lat' dir='ltr'>glossa</span> <span class='ocrx_word' id='word_1_262' title='bbox 633 1420 733 1454; x_wconf 87' lang='lat' dir='ltr'>citat.</span> <span class='ocrx_word' id='word_1_263' title='bbox 759 1431 837 1454; x_wconf 87' lang='lat' dir='ltr'>can.</span> <span class='ocrx_word' id='word_1_264' title='bbox 856 1424 885 1454; x_wconf 85' lang='lat'>3.</span> <span class='ocrx_word' id='word_1_265' title='bbox 912 1419 972 1454; x_wconf 80' lang='lat' dir='ltr'>Ca.</span> <span class='ocrx_word' id='word_1_266' title='bbox 990 1432 1047 1454; x_wconf 74' lang='lat' dir='ltr'>xv.</span> <span class='ocrx_word' id='word_1_267' title='bbox 1071 1432 1131 1464; x_wconf 87' lang='lat' dir='ltr'>qu.</span> <span class='ocrx_word' id='word_1_268' title='bbox 1150 1424 1179 1454; x_wconf 83' lang='lat'>6.</span> <span class='ocrx_word' id='word_1_269' title='bbox 1206 1420 1340 1462; x_wconf 85' lang='lat' dir='ltr'>„Alius</span> <span class='ocrx_word' id='word_1_270' title='bbox 1376 1421 1467 1455; x_wconf 82' lang='lat' dir='ltr'>iteni</span> <span class='ocrx_word' id='word_1_271' title='bbox 1500 1421 1606 1455; x_wconf 88' lang='lat' dir='ltr'>Rom.</span> <span class='ocrx_word' id='word_1_272' title='bbox 1623 1421 1806 1463; x_wconf 82' lang='lat' dir='ltr'>Pontifex,</span> 
     </span>
     <span class='ocr_line' id='line_1_23' title="bbox 180 1474 1808 1521; baseline 0.001 -13"><span class='ocrx_word' id='word_1_273' title='bbox 180 1474 373 1509; x_wconf 78' lang='lat' dir='ltr'>Zacharias</span> <span class='ocrx_word' id='word_1_274' title='bbox 398 1503 431 1510; x_wconf 89' lang='lat'>..</span> <span class='ocrx_word' id='word_1_275' title='bbox 458 1487 586 1521; x_wconf 84' lang='lat' dir='ltr'>regem</span> <span class='ocrx_word' id='word_1_276' title='bbox 616 1475 841 1510; x_wconf 86' lang='lat' dir='ltr'>Francorum</span> <span class='ocrx_word' id='word_1_277' title='bbox 980 1487 1001 1509; x_wconf 87' lang='lat' dir='ltr'>a</span> <span class='ocrx_word' id='word_1_278' title='bbox 1031 1487 1146 1520; x_wconf 83' lang='lat' dir='ltr'>regno</span> <span class='ocrx_word' id='word_1_279' title='bbox 1178 1476 1367 1520; x_wconf 85' lang='lat' dir='ltr'>deposuit,</span> <span class='ocrx_word' id='word_1_280' title='bbox 1401 1478 1439 1511; x_wconf 89' lang='lat' dir='ltr'>et</span> <span class='ocrx_word' id='word_1_281' title='bbox 1461 1477 1652 1521; x_wconf 83' lang='lat' dir='ltr'>Pipinuni,</span> <span class='ocrx_word' id='word_1_282' title='bbox 1687 1477 1808 1512; x_wconf 88' lang='lat' dir='ltr'>Caroli</span> 
     </span>
     <span class='ocr_line' id='line_1_24' title="bbox 179 1530 1807 1577; baseline 0.001 -13"><span class='ocrx_word' id='word_1_283' title='bbox 179 1530 227 1564; x_wconf 92' lang='lat' dir='ltr'>M.</span> <span class='ocrx_word' id='word_1_284' title='bbox 244 1531 334 1575; x_wconf 87' lang='lat' dir='ltr'>imp.</span> <span class='ocrx_word' id='word_1_285' title='bbox 352 1533 509 1576; x_wconf 88' lang='lat' dir='ltr'>patrem,</span> <span class='ocrx_word' id='word_1_286' title='bbox 535 1533 573 1566; x_wconf 93' lang='lat' dir='ltr'>in</span> <span class='ocrx_word' id='word_1_287' title='bbox 600 1532 678 1567; x_wconf 89' lang='lat' dir='ltr'>eius</span> <span class='ocrx_word' id='word_1_288' title='bbox 695 1532 816 1565; x_wconf 83' lang='lat' dir='ltr'>locuni</span> <span class='ocrx_word' id='word_1_289' title='bbox 843 1531 1044 1573; x_wconf 82' lang='lat' dir='ltr'>substituit,</span> <span class='ocrx_word' id='word_1_290' title='bbox 1072 1542 1273 1575; x_wconf 87' lang='lat' dir='ltr'>omnesque</span> <span class='ocrx_word' id='word_1_291' title='bbox 1291 1531 1538 1577; x_wconf 82' lang='lat' dir='ltr'>Francigenas</span> <span class='ocrx_word' id='word_1_292' title='bbox 1555 1544 1577 1566; x_wconf 90' lang='lat' dir='ltr'>a</span> <span class='ocrx_word' id='word_1_293' title='bbox 1600 1533 1807 1567; x_wconf 86' lang='lat' dir='ltr'>iuramento</span> 
     </span>
     <span class='ocr_line' id='line_1_25' title="bbox 179 1587 656 1622; baseline 0.004 -2"><span class='ocrx_word' id='word_1_294' title='bbox 179 1587 372 1622; x_wconf 90' lang='lat' dir='ltr'>fidelitatis</span> <span class='ocrx_word' id='word_1_295' title='bbox 397 1588 556 1622; x_wconf 85' lang='lat' dir='ltr'>absolvit</span> <span class='ocrx_word' id='word_1_296' title='bbox 574 1616 580 1621; x_wconf 93' lang='lat'>.</span> <span class='ocrx_word' id='word_1_297' title='bbox 600 1591 656 1622; x_wconf 83' lang='lat'>.“.</span> 
     </span>
    </p>

    <p class='ocr_par' dir='ltr' id='par_1_7' title="bbox 91 1643 1808 1913">
     <span class='ocr_line' id='line_1_26' title="bbox 91 1643 1807 1689; baseline 0.001 -12"><span class='ocrx_word' id='word_1_298' title='bbox 91 1647 132 1678; x_wconf 90' lang='lat'>10</span> <span class='ocrx_word' id='word_1_299' title='bbox 156 1643 202 1688; x_wconf 73' lang='lat' dir='ltr'>yl.</span> <span class='ocrx_word' id='word_1_300' title='bbox 220 1654 298 1686; x_wconf 67' lang='lat' dir='ltr'>sup.</span> <span class='ocrx_word' id='word_1_301' title='bbox 317 1655 343 1678; x_wconf 85' lang='lat' dir='ltr'>c.</span> <span class='ocrx_word' id='word_1_302' title='bbox 367 1656 410 1679; x_wconf 66' lang='lat'>11.</span> <span class='ocrx_word' id='word_1_303' title='bbox 429 1644 503 1688; x_wconf 64' lang='lat' dir='ltr'>etc]</span> <span class='ocrx_word' id='word_1_304' title='bbox 529 1644 552 1677; x_wconf 91' lang='grc'>1.</span> <span class='ocrx_word' id='word_1_305' title='bbox 572 1656 602 1678; x_wconf 92' lang='lat' dir='ltr'>e.</span> <span class='ocrx_word' id='word_1_306' title='bbox 621 1644 669 1688; x_wconf 80' lang='lat' dir='ltr'>gl.</span> <span class='ocrx_word' id='word_1_307' title='bbox 689 1644 736 1678; x_wconf 89' lang='lat' dir='ltr'>ad</span> <span class='ocrx_word' id='word_1_308' title='bbox 760 1656 789 1678; x_wconf 93' lang='lat' dir='ltr'>c.</span> <span class='ocrx_word' id='word_1_309' title='bbox 809 1648 860 1678; x_wconf 87' lang='lat'>11.</span> <span class='ocrx_word' id='word_1_310' title='bbox 879 1644 950 1688; x_wconf 78' lang='lat' dir='ltr'>(Ab</span> <span class='ocrx_word' id='word_1_311' title='bbox 969 1644 1117 1678; x_wconf 82' lang='lat' dir='ltr'>arbitris</span> <span class='ocrx_word' id='word_1_312' title='bbox 1135 1644 1199 1688; x_wconf 89' lang='lat' dir='ltr'>qui</span> <span class='ocrx_word' id='word_1_313' title='bbox 1223 1644 1426 1679; x_wconf 88' lang='lat' dir='ltr'>secundum</span> <span class='ocrx_word' id='word_1_314' title='bbox 1443 1645 1600 1679; x_wconf 84' lang='lat' dir='ltr'>formam</span> <span class='ocrx_word' id='word_1_315' title='bbox 1617 1645 1706 1679; x_wconf 86' lang='lat' dir='ltr'>iuris</span> <span class='ocrx_word' id='word_1_316' title='bbox 1724 1647 1807 1689; x_wconf 82' lang='lat' dir='ltr'>etc.)</span> 
     </span>
     <span class='ocr_line' id='line_1_27' title="bbox 178 1699 1808 1746; baseline 0.002 -13"><span class='ocrx_word' id='word_1_317' title='bbox 178 1700 217 1733; x_wconf 88' lang='lat' dir='ltr'>in</span> <span class='ocrx_word' id='word_1_318' title='bbox 241 1699 319 1734; x_wconf 84' lang='lat' dir='ltr'>VIo.</span> <span class='ocrx_word' id='word_1_319' title='bbox 345 1700 400 1734; x_wconf 88' lang='lat' dir='ltr'>De</span> <span class='ocrx_word' id='word_1_320' title='bbox 426 1699 548 1734; x_wconf 88' lang='lat' dir='ltr'>officio</span> <span class='ocrx_word' id='word_1_321' title='bbox 581 1704 619 1734; x_wconf 86' lang='lat' dir='ltr'>et</span> <span class='ocrx_word' id='word_1_322' title='bbox 648 1701 834 1744; x_wconf 84' lang='lat' dir='ltr'>potestate</span> <span class='ocrx_word' id='word_1_323' title='bbox 866 1700 998 1734; x_wconf 89' lang='lat' dir='ltr'>iudicis</span> <span class='ocrx_word' id='word_1_324' title='bbox 1030 1700 1196 1746; x_wconf 83' lang='lat' dir='ltr'>delegati</span> <span class='ocrx_word' id='word_1_325' title='bbox 1226 1714 1249 1734; x_wconf 92' lang='lat'>1.</span> <span class='ocrx_word' id='word_1_326' title='bbox 1276 1704 1346 1743; x_wconf 58' lang='lat'>14„</span> <span class='ocrx_word' id='word_1_327' title='bbox 1379 1700 1426 1734; x_wconf 90' lang='lat' dir='ltr'>ad</span> <span class='ocrx_word' id='word_1_328' title='bbox 1457 1701 1557 1745; x_wconf 89' lang='lat' dir='ltr'>quod</span> <span class='ocrx_word' id='word_1_329' title='bbox 1582 1701 1632 1735; x_wconf 86' lang='lat' dir='ltr'>Io.</span> <span class='ocrx_word' id='word_1_330' title='bbox 1650 1701 1808 1736; x_wconf 65' lang='lat' dir='ltr'>Andr-eze</span> 
     </span>
     <span class='ocr_line' id='line_1_28' title="bbox 179 1755 1808 1801; baseline 0 -11"><span class='ocrx_word' id='word_1_331' title='bbox 179 1755 331 1790; x_wconf 84' lang='lat' dir='ltr'>Summa</span> <span class='ocrx_word' id='word_1_332' title='bbox 356 1757 413 1790; x_wconf 89' lang='lat' dir='ltr'>est</span> <span class='ocrx_word' id='word_1_333' title='bbox 438 1756 527 1798; x_wconf 88' lang='lat' dir='ltr'>„Ab</span> <span class='ocrx_word' id='word_1_334' title='bbox 553 1755 702 1790; x_wconf 87' lang='lat' dir='ltr'>arbitris</span> <span class='ocrx_word' id='word_1_335' title='bbox 732 1756 821 1790; x_wconf 89' lang='lat' dir='ltr'>iuris</span> <span class='ocrx_word' id='word_1_336' title='bbox 853 1755 1065 1800; x_wconf 84' lang='lat' dir='ltr'>appellatur</span> <span class='ocrx_word' id='word_1_337' title='bbox 1095 1756 1142 1791; x_wconf 88' lang='lat' dir='ltr'>ad</span> <span class='ocrx_word' id='word_1_338' title='bbox 1172 1759 1350 1801; x_wconf 83' lang='lat' dir='ltr'>papam“.</span> <span class='ocrx_word' id='word_1_339' title='bbox 1378 1757 1416 1791; x_wconf 89' lang='lat' dir='ltr'>et</span> <span class='ocrx_word' id='word_1_340' title='bbox 1444 1757 1566 1801; x_wconf 84' lang='lat' dir='ltr'>glossa</span> <span class='ocrx_word' id='word_1_341' title='bbox 1597 1758 1643 1792; x_wconf 92' lang='lat' dir='ltr'>ad</span> <span class='ocrx_word' id='word_1_342' title='bbox 1668 1770 1702 1792; x_wconf 92' lang='lat' dir='ltr'>v.</span> <span class='ocrx_word' id='word_1_343' title='bbox 1720 1757 1808 1791; x_wconf 87' lang='lat' dir='ltr'>iuris</span> 
     </span>
     <span class='ocr_line' id='line_1_29' title="bbox 179 1811 1806 1857; baseline 0.001 -12"><span class='ocrx_word' id='word_1_344' title='bbox 179 1811 282 1854; x_wconf 87' lang='lat' dir='ltr'>„Ubi</span> <span class='ocrx_word' id='word_1_345' title='bbox 313 1813 399 1845; x_wconf 90' lang='lat' dir='ltr'>sunt</span> <span class='ocrx_word' id='word_1_346' title='bbox 429 1812 511 1847; x_wconf 84' lang='lat' dir='ltr'>iura</span> <span class='ocrx_word' id='word_1_347' title='bbox 535 1811 680 1846; x_wconf 84' lang='lat' dir='ltr'>videbis</span> <span class='ocrx_word' id='word_1_348' title='bbox 703 1812 800 1846; x_wconf 84' lang='lat' dir='ltr'>infra</span> <span class='ocrx_word' id='word_1_349' title='bbox 826 1840 831 1845; x_wconf 95' lang='lat'>.</span> <span class='ocrx_word' id='word_1_350' title='bbox 851 1840 858 1846; x_wconf 89' lang='lat'>.</span> <span class='ocrx_word' id='word_1_351' title='bbox 877 1840 884 1846; x_wconf 94' lang='lat'>.</span> <span class='ocrx_word' id='word_1_352' title='bbox 904 1839 911 1846; x_wconf 94' lang='lat'>.</span> <span class='ocrx_word' id='word_1_353' title='bbox 937 1812 984 1846; x_wconf 88' lang='lat' dir='ltr'>ad</span> <span class='ocrx_word' id='word_1_354' title='bbox 1014 1812 1136 1857; x_wconf 87' lang='lat' dir='ltr'>ipsum</span> <span class='ocrx_word' id='word_1_355' title='bbox 1161 1812 1233 1854; x_wconf 87' lang='lat' dir='ltr'>ius,</span> <span class='ocrx_word' id='word_1_356' title='bbox 1262 1823 1283 1845; x_wconf 91' lang='lat' dir='ltr'>a</span> <span class='ocrx_word' id='word_1_357' title='bbox 1308 1823 1381 1856; x_wconf 85' lang='lat' dir='ltr'>quo</span> <span class='ocrx_word' id='word_1_358' title='bbox 1405 1813 1631 1857; x_wconf 87' lang='lat' dir='ltr'>potestatem</span> <span class='ocrx_word' id='word_1_359' title='bbox 1656 1813 1806 1855; x_wconf 85' lang='lat' dir='ltr'>habent,</span> 
     </span>
     <span class='ocr_line' id='line_1_30' title="bbox 179 1867 1605 1913; baseline 0.001 -11"><span class='ocrx_word' id='word_1_360' title='bbox 179 1869 330 1912; x_wconf 89' lang='lat' dir='ltr'>oportet</span> <span class='ocrx_word' id='word_1_361' title='bbox 353 1867 547 1912; x_wconf 87' lang='lat' dir='ltr'>appellari,</span> <span class='ocrx_word' id='word_1_362' title='bbox 575 1869 613 1902; x_wconf 88' lang='lat' dir='ltr'>et</span> <span class='ocrx_word' id='word_1_363' title='bbox 636 1869 686 1903; x_wconf 89' lang='lat' dir='ltr'>sic</span> <span class='ocrx_word' id='word_1_364' title='bbox 711 1868 758 1902; x_wconf 84' lang='lat' dir='ltr'>ad</span> <span class='ocrx_word' id='word_1_365' title='bbox 782 1879 930 1913; x_wconf 86' lang='lat' dir='ltr'>papam,</span> <span class='ocrx_word' id='word_1_366' title='bbox 957 1869 1021 1912; x_wconf 88' lang='lat' dir='ltr'>qui</span> <span class='ocrx_word' id='word_1_367' title='bbox 1047 1869 1102 1902; x_wconf 83' lang='lat' dir='ltr'>est</span> <span class='ocrx_word' id='word_1_368' title='bbox 1124 1868 1187 1902; x_wconf 80' lang='lat' dir='ltr'>lex</span> <span class='ocrx_word' id='word_1_369' title='bbox 1211 1868 1375 1902; x_wconf 86' lang='lat' dir='ltr'>animata</span> <span class='ocrx_word' id='word_1_370' title='bbox 1399 1868 1436 1901; x_wconf 91' lang='lat' dir='ltr'>in</span> <span class='ocrx_word' id='word_1_371' title='bbox 1462 1868 1605 1903; x_wconf 85' lang='lat' dir='ltr'>terris.“</span> 
     </span>
    </p>

    <p class='ocr_par' dir='ltr' id='par_1_8' title="bbox 92 1923 722 1969">
     <span class='ocr_line' id='line_1_31' title="bbox 92 1923 722 1969; baseline -0.002 -11"><span class='ocrx_word' id='word_1_372' title='bbox 92 1928 131 1958; x_wconf 91' lang='lat'>11</span> <span class='ocrx_word' id='word_1_373' title='bbox 158 1924 266 1969; x_wconf 72' lang='lat' dir='ltr'>quod]</span> <span class='ocrx_word' id='word_1_374' title='bbox 294 1935 436 1968; x_wconf 89' lang='lat' dir='ltr'>operar.</span> <span class='ocrx_word' id='word_1_375' title='bbox 455 1935 522 1958; x_wconf 88' lang='lat' dir='ltr'>err.</span> <span class='ocrx_word' id='word_1_376' title='bbox 540 1935 607 1968; x_wconf 90' lang='lat' dir='ltr'>pro</span> <span class='ocrx_word' id='word_1_377' title='bbox 633 1923 722 1967; x_wconf 89' lang='lat' dir='ltr'>quid</span> 
     </span>
    </p>

    <p class='ocr_par' dir='ltr' id='par_1_9' title="bbox 91 1979 1806 2080">
     <span class='ocr_line' id='line_1_32' title="bbox 91 1979 1806 2025; baseline 0.001 -11"><span class='ocrx_word' id='word_1_378' title='bbox 91 1984 132 2014; x_wconf 84' lang='lat'>13</span> <span class='ocrx_word' id='word_1_379' title='bbox 157 1979 306 2014; x_wconf 87' lang='lat' dir='ltr'>auditor</span> <span class='ocrx_word' id='word_1_380' title='bbox 329 1980 433 2014; x_wconf 82' lang='lat' dir='ltr'>Rotae</span> <span class='ocrx_word' id='word_1_381' title='bbox 451 1996 495 2008; x_wconf 93' lang='lat'>=</span> <span class='ocrx_word' id='word_1_382' title='bbox 512 1980 623 2014; x_wconf 77' lang='lat' dir='ltr'>iudex</span> <span class='ocrx_word' id='word_1_383' title='bbox 654 1980 692 2013; x_wconf 91' lang='lat' dir='ltr'>in</span> <span class='ocrx_word' id='word_1_384' title='bbox 718 1979 820 2013; x_wconf 84' lang='lat' dir='ltr'>curia</span> <span class='ocrx_word' id='word_1_385' title='bbox 844 1979 1027 2022; x_wconf 83' lang='lat' dir='ltr'>Romana,</span> <span class='ocrx_word' id='word_1_386' title='bbox 1061 1980 1161 2024; x_wconf 87' lang='lat' dir='ltr'>quod</span> <span class='ocrx_word' id='word_1_387' title='bbox 1192 1980 1357 2015; x_wconf 83' lang='lat' dir='ltr'>tribunal</span> <span class='ocrx_word' id='word_1_388' title='bbox 1389 1991 1432 2015; x_wconf 76' lang='lat' dir='ltr'>ex</span> <span class='ocrx_word' id='word_1_389' title='bbox 1463 1993 1514 2014; x_wconf 80' lang='lat' dir='ltr'>x11</span> <span class='ocrx_word' id='word_1_390' title='bbox 1544 1981 1806 2025; x_wconf 81' lang='lat' dir='ltr'>insignioribus</span> 
     </span>
     <span class='ocr_line' id='line_1_33' title="bbox 179 2036 706 2080; baseline -0.002 -10"><span class='ocrx_word' id='word_1_391' title='bbox 179 2036 342 2080; x_wconf 70' lang='lat' dir='ltr'>praelatis</span> <span class='ocrx_word' id='word_1_392' title='bbox 368 2036 615 2080; x_wconf 83' lang='lat' dir='ltr'>compositum</span> <span class='ocrx_word' id='word_1_393' title='bbox 641 2037 706 2070; x_wconf 87' lang='lat' dir='ltr'>est.</span> 
     </span>
    </p>

    <p class='ocr_par' dir='ltr' id='par_1_10' title="bbox 90 2091 1805 2191">
     <span class='ocr_line' id='line_1_34' title="bbox 90 2091 1805 2136; baseline 0 -9"><span class='ocrx_word' id='word_1_394' title='bbox 90 2096 131 2127; x_wconf 84' lang='grc'>16</span> <span class='ocrx_word' id='word_1_395' title='bbox 156 2092 340 2136; x_wconf 69' lang='lat' dir='ltr'>fimtastoe]</span> <span class='ocrx_word' id='word_1_396' title='bbox 367 2091 390 2126; x_wconf 91' lang='lat' dir='ltr'>i.</span> <span class='ocrx_word' id='word_1_397' title='bbox 408 2103 438 2126; x_wconf 89' lang='lat' dir='ltr'>e.</span> <span class='ocrx_word' id='word_1_398' title='bbox 457 2092 521 2135; x_wconf 90' lang='lat' dir='ltr'>qui</span> <span class='ocrx_word' id='word_1_399' title='bbox 545 2091 638 2125; x_wconf 88' lang='lat' dir='ltr'>nihil</span> <span class='ocrx_word' id='word_1_400' title='bbox 662 2092 731 2125; x_wconf 87' lang='lat' dir='ltr'>nisi</span> <span class='ocrx_word' id='word_1_401' title='bbox 755 2092 932 2126; x_wconf 87' lang='lat' dir='ltr'>fantasias</span> <span class='ocrx_word' id='word_1_402' title='bbox 957 2092 1015 2136; x_wconf 87' lang='lat' dir='ltr'>(cf.</span> <span class='ocrx_word' id='word_1_403' title='bbox 1030 2093 1111 2135; x_wconf 81' lang='lat'>8¹².)</span> <span class='ocrx_word' id='word_1_404' title='bbox 1137 2093 1279 2135; x_wconf 87' lang='lat' dir='ltr'>curant,</span> <span class='ocrx_word' id='word_1_405' title='bbox 1304 2092 1381 2126; x_wconf 86' lang='lat' dir='ltr'>fere</span> <span class='ocrx_word' id='word_1_406' title='bbox 1399 2093 1442 2126; x_wconf 91' lang='lat' dir='ltr'>ut</span> <span class='ocrx_word' id='word_1_407' title='bbox 1467 2092 1688 2127; x_wconf 84' lang='lat' dir='ltr'>‘fantastici&#39;</span> <span class='ocrx_word' id='word_1_408' title='bbox 1717 2094 1805 2135; x_wconf 68' lang='lat'>17²⁶,</span> 
     </span>
     <span class='ocr_line' id='line_1_35' title="bbox 178 2147 1643 2191; baseline 0.001 -10"><span class='ocrx_word' id='word_1_409' title='bbox 178 2159 252 2182; x_wconf 91' lang='lat' dir='ltr'>non</span> <span class='ocrx_word' id='word_1_410' title='bbox 276 2147 376 2182; x_wconf 90' lang='lat' dir='ltr'>idem</span> <span class='ocrx_word' id='word_1_411' title='bbox 402 2147 501 2191; x_wconf 90' lang='lat' dir='ltr'>quod</span> <span class='ocrx_word' id='word_1_412' title='bbox 525 2147 635 2182; x_wconf 89' lang='lat' dir='ltr'>hodie</span> <span class='ocrx_word' id='word_1_413' title='bbox 661 2147 869 2182; x_wconf 74' lang='lat' dir='ltr'>chtctsten</span> <span class='ocrx_word' id='word_1_414' title='bbox 894 2148 1060 2191; x_wconf 84' lang='lat' dir='ltr'>dicimus,</span> <span class='ocrx_word' id='word_1_415' title='bbox 1087 2148 1317 2183; x_wconf 70' lang='lat' dir='ltr'>›S&#39;clzwc&#39;irmer.</span> <span class='ocrx_word' id='word_1_416' title='bbox 1350 2148 1394 2182; x_wconf 89' lang='lat' dir='ltr'>cf.</span> <span class='ocrx_word' id='word_1_417' title='bbox 1412 2148 1508 2182; x_wconf 85' lang='lat' dir='ltr'>infra</span> <span class='ocrx_word' id='word_1_418' title='bbox 1532 2150 1643 2183; x_wconf 65' lang='lat'>29923.</span> 
     </span>
    </p>

    <p class='ocr_par' dir='ltr' id='par_1_11' title="bbox 90 2202 1318 2249">
     <span class='ocr_line' id='line_1_36' title="bbox 90 2202 1318 2249; baseline -0.001 -10"><span class='ocrx_word' id='word_1_419' title='bbox 90 2209 130 2239; x_wconf 83' lang='lat'>17</span> <span class='ocrx_word' id='word_1_420' title='bbox 156 2204 386 2249; x_wconf 71' lang='lat' dir='ltr'>inhibitione]</span> <span class='ocrx_word' id='word_1_421' title='bbox 413 2203 457 2238; x_wconf 90' lang='lat' dir='ltr'>cf.</span> <span class='ocrx_word' id='word_1_422' title='bbox 477 2202 607 2248; x_wconf 86' lang='lat' dir='ltr'>Consp.</span> <span class='ocrx_word' id='word_1_423' title='bbox 626 2203 788 2238; x_wconf 86' lang='lat' dir='ltr'>chronol.</span> <span class='ocrx_word' id='word_1_424' title='bbox 806 2216 841 2248; x_wconf 90' lang='lat' dir='ltr'>p.</span> <span class='ocrx_word' id='word_1_425' title='bbox 861 2208 934 2239; x_wconf 85' lang='lat'>135.</span> <span class='ocrx_word' id='word_1_426' title='bbox 953 2204 986 2238; x_wconf 93' lang='lat' dir='ltr'>d.</span> <span class='ocrx_word' id='word_1_427' title='bbox 1007 2209 1057 2239; x_wconf 83' lang='lat'>19.</span> <span class='ocrx_word' id='word_1_428' title='bbox 1075 2204 1151 2238; x_wconf 84' lang='lat' dir='ltr'>Ian.</span> <span class='ocrx_word' id='word_1_429' title='bbox 1171 2216 1200 2238; x_wconf 87' lang='lat' dir='ltr'>a.</span> <span class='ocrx_word' id='word_1_430' title='bbox 1222 2208 1318 2239; x_wconf 80' lang='lat'>1515.</span> 
     </span>
    </p>

    <p class='ocr_par' dir='ltr' id='par_1_12' title="bbox 89 2258 954 2304">
     <span class='ocr_line' id='line_1_37' title="bbox 89 2258 954 2304; baseline 0 -10"><span class='ocrx_word' id='word_1_431' title='bbox 89 2264 131 2295; x_wconf 81' lang='lat'>20</span> <span class='ocrx_word' id='word_1_432' title='bbox 155 2261 282 2294; x_wconf 65' lang='lat' dir='ltr'>habuit</span> <span class='ocrx_word' id='word_1_433' title='bbox 306 2260 523 2304; x_wconf 71' lang='lat' dir='ltr'>convivium]</span> <span class='ocrx_word' id='word_1_434' title='bbox 552 2258 603 2293; x_wconf 90' lang='lat' dir='ltr'>Cf.</span> <span class='ocrx_word' id='word_1_435' title='bbox 621 2271 733 2304; x_wconf 88' lang='lat' dir='ltr'>supra</span> <span class='ocrx_word' id='word_1_436' title='bbox 757 2262 845 2294; x_wconf 79' lang='lat'>20¹⁰.</span> <span class='ocrx_word' id='word_1_437' title='bbox 866 2261 954 2294; x_wconf 79' lang='lat'>192¹.</span> 
     </span>
    </p>

    <p class='ocr_par' dir='ltr' id='par_1_13' title="bbox 88 2315 1805 2416">
     <span class='ocr_line' id='line_1_38' title="bbox 88 2315 1805 2362; baseline 0.001 -12"><span class='ocrx_word' id='word_1_438' title='bbox 88 2320 132 2350; x_wconf 80' lang='lat'>24</span> <span class='ocrx_word' id='word_1_439' title='bbox 160 2316 363 2361; x_wconf 70' lang='lat' dir='ltr'>ersicmn]</span> <span class='ocrx_word' id='word_1_440' title='bbox 383 2315 620 2350; x_wconf 80' lang='lat' dir='ltr'>Corsicanuni</span> <span class='ocrx_word' id='word_1_441' title='bbox 638 2316 715 2350; x_wconf 88' lang='lat' dir='ltr'>sive</span> <span class='ocrx_word' id='word_1_442' title='bbox 731 2315 894 2350; x_wconf 89' lang='lat' dir='ltr'>Corsum.</span> <span class='ocrx_word' id='word_1_443' title='bbox 920 2316 1001 2350; x_wconf 87' lang='lat' dir='ltr'>Ital.</span> <span class='ocrx_word' id='word_1_444' title='bbox 1021 2316 1138 2351; x_wconf 71' lang='lat' dir='ltr'>Corso.</span> <span class='ocrx_word' id='word_1_445' title='bbox 1166 2316 1210 2351; x_wconf 78' lang='lat' dir='ltr'>ef.</span> <span class='ocrx_word' id='word_1_446' title='bbox 1226 2316 1383 2351; x_wconf 87' lang='lat' dir='ltr'>Hutteni</span> <span class='ocrx_word' id='word_1_447' title='bbox 1400 2316 1528 2351; x_wconf 81' lang='lat' dir='ltr'>Febris</span> <span class='ocrx_word' id='word_1_448' title='bbox 1545 2317 1572 2351; x_wconf 89' lang='grc' dir='ltr'>Ι.</span> <span class='ocrx_word' id='word_1_449' title='bbox 1590 2320 1619 2358; x_wconf 63' lang='lat'>§-</span> <span class='ocrx_word' id='word_1_450' title='bbox 1635 2321 1665 2351; x_wconf 81' lang='lat'>2.</span> <span class='ocrx_word' id='word_1_451' title='bbox 1685 2317 1805 2362; x_wconf 77' lang='lat' dir='ltr'>(Hutt.</span> 
     </span>
     <span class='ocr_line' id='line_1_39' title="bbox 179 2371 525 2416; baseline -0.003 -10"><span class='ocrx_word' id='word_1_452' title='bbox 179 2371 363 2416; x_wconf 88' lang='lat' dir='ltr'>Opp.IIII.</span> <span class='ocrx_word' id='word_1_453' title='bbox 381 2383 416 2416; x_wconf 88' lang='lat' dir='ltr'>p.</span> <span class='ocrx_word' id='word_1_454' title='bbox 435 2376 475 2406; x_wconf 85' lang='lat'>31</span> <span class='ocrx_word' id='word_1_455' title='bbox 487 2373 525 2415; x_wconf 79' lang='lat'>².)</span> 
     </span>
    </p>

    <p class='ocr_par' dir='ltr' id='par_1_14' title="bbox 88 2428 1804 2584">
     <span class='ocr_line' id='line_1_40' title="bbox 88 2428 1804 2474; baseline 0.001 -12"><span class='ocrx_word' id='word_1_456' title='bbox 88 2431 131 2462; x_wconf 82' lang='lat'>26</span> <span class='ocrx_word' id='word_1_457' title='bbox 154 2428 398 2472; x_wconf 59' lang='lat' dir='ltr'>spei-antima]</span> <span class='ocrx_word' id='word_1_458' title='bbox 432 2428 510 2462; x_wconf 89' lang='lat' dir='ltr'>Hoc</span> <span class='ocrx_word' id='word_1_459' title='bbox 536 2439 684 2472; x_wconf 85' lang='lat' dir='ltr'>quoque</span> <span class='ocrx_word' id='word_1_460' title='bbox 710 2428 932 2463; x_wconf 83' lang='lat' dir='ltr'>vocabulum</span> <span class='ocrx_word' id='word_1_461' title='bbox 957 2430 995 2462; x_wconf 88' lang='lat' dir='ltr'>in</span> <span class='ocrx_word' id='word_1_462' title='bbox 1024 2429 1093 2462; x_wconf 87' lang='lat' dir='ltr'>hoc</span> <span class='ocrx_word' id='word_1_463' title='bbox 1125 2429 1196 2463; x_wconf 89' lang='lat' dir='ltr'>vol.</span> <span class='ocrx_word' id='word_1_464' title='bbox 1215 2428 1260 2463; x_wconf 90' lang='grc' dir='ltr'>Π.</span> <span class='ocrx_word' id='word_1_465' title='bbox 1284 2429 1417 2474; x_wconf 87' lang='lat' dir='ltr'>saepius</span> <span class='ocrx_word' id='word_1_466' title='bbox 1442 2429 1609 2472; x_wconf 83' lang='lat' dir='ltr'>obvium,</span> <span class='ocrx_word' id='word_1_467' title='bbox 1643 2430 1742 2474; x_wconf 89' lang='lat' dir='ltr'>quod</span> <span class='ocrx_word' id='word_1_468' title='bbox 1767 2431 1804 2463; x_wconf 87' lang='lat' dir='ltr'>in</span> 
     </span>
     <span class='ocr_line' id='line_1_41' title="bbox 179 2483 1804 2529; baseline 0.002 -12"><span class='ocrx_word' id='word_1_469' title='bbox 179 2483 250 2518; x_wconf 85' lang='lat' dir='ltr'>vol.</span> <span class='ocrx_word' id='word_1_470' title='bbox 268 2483 295 2517; x_wconf 92' lang='lat' dir='ltr'>I.</span> <span class='ocrx_word' id='word_1_471' title='bbox 312 2484 389 2518; x_wconf 88' lang='lat' dir='ltr'>har.</span> <span class='ocrx_word' id='word_1_472' title='bbox 409 2495 492 2528; x_wconf 88' lang='lat' dir='ltr'>epp.</span> <span class='ocrx_word' id='word_1_473' title='bbox 510 2495 583 2518; x_wconf 89' lang='lat' dir='ltr'>non</span> <span class='ocrx_word' id='word_1_474' title='bbox 608 2484 762 2529; x_wconf 83' lang='lat' dir='ltr'>legitur,</span> <span class='ocrx_word' id='word_1_475' title='bbox 796 2484 887 2517; x_wconf 90' lang='grc'>1111111</span> <span class='ocrx_word' id='word_1_476' title='bbox 916 2484 1080 2518; x_wconf 86' lang='lat' dir='ltr'>indicare</span> <span class='ocrx_word' id='word_1_477' title='bbox 1106 2484 1256 2518; x_wconf 79' lang='lat' dir='ltr'>videtur</span> <span class='ocrx_word' id='word_1_478' title='bbox 1280 2484 1488 2519; x_wconf 89' lang='lat' dir='ltr'>Huttenum</span> <span class='ocrx_word' id='word_1_479' title='bbox 1519 2486 1556 2519; x_wconf 91' lang='lat' dir='ltr'>in</span> <span class='ocrx_word' id='word_1_480' title='bbox 1582 2485 1691 2520; x_wconf 88' lang='lat' dir='ltr'>Italia</span> <span class='ocrx_word' id='word_1_481' title='bbox 1720 2486 1804 2520; x_wconf 87' lang='lat' dir='ltr'>scri-</span> 
     </span>
     <span class='ocr_line' id='line_1_42' title="bbox 178 2540 593 2584; baseline 0.002 -11"><span class='ocrx_word' id='word_1_482' title='bbox 178 2540 292 2584; x_wconf 88' lang='lat' dir='ltr'>psisse</span> <span class='ocrx_word' id='word_1_483' title='bbox 317 2540 382 2574; x_wconf 88' lang='lat' dir='ltr'>has</span> <span class='ocrx_word' id='word_1_484' title='bbox 407 2540 593 2584; x_wconf 78' lang='lat' dir='ltr'>epistolas,</span> 
     </span>
    </p>

    <p class='ocr_par' dir='ltr' id='par_1_15' title="bbox 133 2595 1803 2697">
     <span class='ocr_line' id='line_1_43' title="bbox 133 2595 1803 2640; baseline 0.001 -11"><span class='ocrx_word' id='word_1_485' title='bbox 133 2596 356 2640; x_wconf 66' lang='lat' dir='ltr'>concludere]</span> <span class='ocrx_word' id='word_1_486' title='bbox 384 2595 495 2629; x_wconf 86' lang='lat' dir='ltr'>finem</span> <span class='ocrx_word' id='word_1_487' title='bbox 512 2596 633 2630; x_wconf 84' lang='lat' dir='ltr'>facere</span> <span class='ocrx_word' id='word_1_488' title='bbox 652 2623 660 2630; x_wconf 95' lang='lat'>.</span> <span class='ocrx_word' id='word_1_489' title='bbox 677 2597 845 2631; x_wconf 85' lang='lat' dir='ltr'>nostruin</span> <span class='ocrx_word' id='word_1_490' title='bbox 861 2597 1053 2640; x_wconf 68' lang='lat' dir='ltr'>schliessen,</span> <span class='ocrx_word' id='word_1_491' title='bbox 1078 2596 1216 2640; x_wconf 68' lang='lat' dir='ltr'>Schluss</span> <span class='ocrx_word' id='word_1_492' title='bbox 1232 2597 1393 2638; x_wconf 73' lang='lat' dir='ltr'>macheu,</span> <span class='ocrx_word' id='word_1_493' title='bbox 1417 2597 1559 2640; x_wconf 89' lang='lat' dir='ltr'>pariter</span> <span class='ocrx_word' id='word_1_494' title='bbox 1576 2597 1688 2630; x_wconf 86' lang='lat' dir='ltr'>etiam</span> <span class='ocrx_word' id='word_1_495' title='bbox 1706 2597 1803 2631; x_wconf 88' lang='lat' dir='ltr'>clau-</span> 
     </span>
     <span class='ocr_line' id='line_1_44' title="bbox 178 2650 1191 2697; baseline 0.002 -13"><span class='ocrx_word' id='word_1_496' title='bbox 178 2651 278 2692; x_wconf 88' lang='lat' dir='ltr'>dere,</span> <span class='ocrx_word' id='word_1_497' title='bbox 304 2650 410 2685; x_wconf 91' lang='lat' dir='ltr'>finire</span> <span class='ocrx_word' id='word_1_498' title='bbox 437 2652 475 2685; x_wconf 86' lang='lat' dir='ltr'>et</span> <span class='ocrx_word' id='word_1_499' title='bbox 499 2651 732 2694; x_wconf 89' lang='lat' dir='ltr'>concludere,</span> <span class='ocrx_word' id='word_1_500' title='bbox 758 2652 971 2686; x_wconf 89' lang='lat' dir='ltr'>ratiocinari</span> <span class='ocrx_word' id='word_1_501' title='bbox 995 2652 1191 2697; x_wconf 83' lang='lat' dir='ltr'>significat.</span> 
     </span>
    </p>

    <p class='ocr_par' dir='ltr' id='par_1_16' title="bbox 88 2707 1802 2807">
     <span class='ocr_line' id='line_1_45' title="bbox 88 2707 1802 2752; baseline 0.001 -12"><span class='ocrx_word' id='word_1_502' title='bbox 88 2710 131 2741; x_wconf 76' lang='grc'>28</span> <span class='ocrx_word' id='word_1_503' title='bbox 155 2707 256 2751; x_wconf 68' lang='lat' dir='ltr'>May.</span> <span class='ocrx_word' id='word_1_504' title='bbox 273 2707 321 2741; x_wconf 90' lang='lat' dir='ltr'>N.</span> <span class='ocrx_word' id='word_1_505' title='bbox 341 2708 414 2751; x_wconf 69' lang='lat' dir='ltr'>etc]</span> <span class='ocrx_word' id='word_1_506' title='bbox 446 2707 633 2741; x_wconf 89' lang='lat' dir='ltr'>Adcurate</span> <span class='ocrx_word' id='word_1_507' title='bbox 664 2708 699 2741; x_wconf 82' lang='lat' dir='ltr'>h.</span> <span class='ocrx_word' id='word_1_508' title='bbox 716 2707 739 2741; x_wconf 91' lang='lat'>1.</span> <span class='ocrx_word' id='word_1_509' title='bbox 758 2707 959 2752; x_wconf 84' lang='lat' dir='ltr'>dignitates</span> <span class='ocrx_word' id='word_1_510' title='bbox 992 2707 1287 2752; x_wconf 82' lang='lat' dir='ltr'>distinguuntur,</span> <span class='ocrx_word' id='word_1_511' title='bbox 1319 2719 1441 2752; x_wconf 86' lang='lat' dir='ltr'>neque</span> <span class='ocrx_word' id='word_1_512' title='bbox 1465 2707 1696 2743; x_wconf 85' lang='lat' dir='ltr'>Pfefferkorn</span> <span class='ocrx_word' id='word_1_513' title='bbox 1728 2719 1802 2742; x_wconf 79' lang='lat' dir='ltr'>nia-</span> 
     </span>
     <span class='ocr_line' id='line_1_46' title="bbox 178 2762 1204 2807; baseline 0 -11"><span class='ocrx_word' id='word_1_514' title='bbox 178 2763 293 2807; x_wconf 83' lang='lat' dir='ltr'>gister</span> <span class='ocrx_word' id='word_1_515' title='bbox 317 2763 545 2807; x_wconf 85' lang='lat' dir='ltr'>appellatur,</span> <span class='ocrx_word' id='word_1_516' title='bbox 571 2764 614 2797; x_wconf 93' lang='lat' dir='ltr'>ut</span> <span class='ocrx_word' id='word_1_517' title='bbox 636 2763 699 2797; x_wconf 86' lang='lat' dir='ltr'>ille</span> <span class='ocrx_word' id='word_1_518' title='bbox 724 2763 923 2807; x_wconf 82' lang='lat' dir='ltr'>Diltappus</span> <span class='ocrx_word' id='word_1_519' title='bbox 947 2774 984 2806; x_wconf 83' lang='lat' dir='ltr'>p,</span> <span class='ocrx_word' id='word_1_520' title='bbox 1002 2763 1078 2797; x_wconf 76' lang='lat'>44²¹</span> <span class='ocrx_word' id='word_1_521' title='bbox 1105 2762 1204 2797; x_wconf 85' lang='lat' dir='ltr'>fecit.</span> 
     </span>
    </p>
   </div>
   <div class='ocr_carea' id='block_1_3' title="bbox 88 2907 1495 2953">
    <p class='ocr_par' dir='ltr' id='par_1_17' title="bbox 88 2907 1495 2953">
     <span class='ocr_line' id='line_1_47' title="bbox 88 2907 1495 2953; baseline 0.001 -9"><span class='ocrx_word' id='word_1_522' title='bbox 88 2910 173 2953; x_wconf 80' lang='lat' dir='ltr'>Pag.</span> <span class='ocrx_word' id='word_1_523' title='bbox 192 2910 280 2948; x_wconf 70' lang='lat'>194.</span> <span class='ocrx_word' id='word_1_524' title='bbox 410 2907 644 2943; x_wconf 82' lang='lat' dir='ltr'>EPISTOLA</span> <span class='ocrx_word' id='word_1_525' title='bbox 664 2911 697 2947; x_wconf 84' lang='grc'>6.</span> <span class='ocrx_word' id='word_1_526' title='bbox 736 2907 1006 2943; x_wconf 83' lang='lat' dir='ltr'>CORNELIVS</span> <span class='ocrx_word' id='word_1_527' title='bbox 1033 2908 1239 2943; x_wconf 77' lang='lat' dir='ltr'><strong>STORATI</strong></span> <span class='ocrx_word' id='word_1_528' title='bbox 1265 2908 1495 2945; x_wconf 86' lang='lat' dir='ltr'>ORTVINO.</span> 
     </span>
    </p>
   </div>
   <div class='ocr_carea' id='block_1_4' title="bbox 89 2987 1802 3136">
    <p class='ocr_par' dir='ltr' id='par_1_18' title="bbox 89 2987 1802 3136">
     <span class='ocr_line' id='line_1_48' title="bbox 89 2987 1802 3034; baseline 0.001 -12"><span class='ocrx_word' id='word_1_529' title='bbox 89 2992 108 3022; x_wconf 78' lang='lat'><strong>2</strong></span> <span class='ocrx_word' id='word_1_530' title='bbox 135 2987 324 3022; x_wconf 88' lang='lat' dir='ltr'>Cornelius</span> <span class='ocrx_word' id='word_1_531' title='bbox 342 2987 490 3022; x_wconf 81' lang='lat' dir='ltr'>Storati.</span> <span class='ocrx_word' id='word_1_532' title='bbox 526 2987 750 3022; x_wconf 77' lang='lat' dir='ltr'>‘Cornelius&#39;</span> <span class='ocrx_word' id='word_1_533' title='bbox 769 2987 955 3021; x_wconf 86' lang='lat' dir='ltr'>ludicrum</span> <span class='ocrx_word' id='word_1_534' title='bbox 979 2987 1097 3022; x_wconf 79' lang='lat' dir='ltr'>inaesti</span> <span class='ocrx_word' id='word_1_535' title='bbox 1113 2987 1190 3022; x_wconf 83' lang='lat' dir='ltr'>sive</span> <span class='ocrx_word' id='word_1_536' title='bbox 1207 2987 1322 3022; x_wconf 88' lang='lat' dir='ltr'>tristis</span> <span class='ocrx_word' id='word_1_537' title='bbox 1339 2999 1474 3023; x_wconf 86' lang='lat' dir='ltr'>nomen</span> <span class='ocrx_word' id='word_1_538' title='bbox 1491 2987 1571 3023; x_wconf 89' lang='lat' dir='ltr'>fuit.</span> <span class='ocrx_word' id='word_1_539' title='bbox 1598 2989 1650 3024; x_wconf 88' lang='lat' dir='ltr'>Cf.</span> <span class='ocrx_word' id='word_1_540' title='bbox 1669 2989 1802 3034; x_wconf 88' lang='lat' dir='ltr'>Dispu-</span> 
     </span>
     <span class='ocr_line' id='line_1_49' title="bbox 179 3043 1802 3090; baseline 0.003 -15"><span class='ocrx_word' id='word_1_541' title='bbox 179 3043 271 3077; x_wconf 69' lang='lat' dir='ltr'>tatio</span> <span class='ocrx_word' id='word_1_542' title='bbox 312 3043 357 3078; x_wconf 89' lang='lat' dir='ltr'>de</span> <span class='ocrx_word' id='word_1_543' title='bbox 400 3043 586 3087; x_wconf 84' lang='lat' dir='ltr'>Cornelio,</span> <span class='ocrx_word' id='word_1_544' title='bbox 628 3044 664 3077; x_wconf 86' lang='lat' dir='ltr'>in</span> <span class='ocrx_word' id='word_1_545' title='bbox 703 3044 789 3078; x_wconf 87' lang='lat' dir='ltr'>edit.</span> <span class='ocrx_word' id='word_1_546' title='bbox 813 3043 905 3088; x_wconf 86' lang='lat' dir='ltr'>Epp.</span> <span class='ocrx_word' id='word_1_547' title='bbox 925 3043 965 3078; x_wconf 84' lang='lat' dir='ltr'>O.</span> <span class='ocrx_word' id='word_1_548' title='bbox 984 3043 1027 3078; x_wconf 91' lang='lat' dir='ltr'>V.</span> <span class='ocrx_word' id='word_1_549' title='bbox 1046 3051 1096 3077; x_wconf 83' lang='lat'>11⁰.</span> <span class='ocrx_word' id='word_1_550' title='bbox 1117 3047 1167 3077; x_wconf 66' lang='lat'>14.</span> <span class='ocrx_word' id='word_1_551' title='bbox 1192 3056 1226 3088; x_wconf 86' lang='lat' dir='ltr'>p.</span> <span class='ocrx_word' id='word_1_552' title='bbox 1251 3048 1325 3079; x_wconf 79' lang='lat'>605.</span> <span class='ocrx_word' id='word_1_553' title='bbox 1350 3056 1428 3089; x_wconf 83' lang='lat' dir='ltr'>sqq.</span> <span class='ocrx_word' id='word_1_554' title='bbox 1455 3045 1617 3090; x_wconf 87' lang='lat' dir='ltr'>repetita</span> <span class='ocrx_word' id='word_1_555' title='bbox 1647 3046 1702 3089; x_wconf 88' lang='lat' dir='ltr'>(p.</span> <span class='ocrx_word' id='word_1_556' title='bbox 1726 3048 1802 3080; x_wconf 75' lang='lat'>608.</span> 
     </span>
     <span class='ocr_line' id='line_1_50' title="bbox 1333 3106 1535 3136; baseline 0.005 -1"><span class='ocrx_word' id='word_1_557' title='bbox 1333 3116 1339 3120; x_wconf 82' lang='lat'><strong>·</strong></span> <span class='ocrx_word' id='word_1_558' title='bbox 1467 3106 1535 3136; x_wconf 76' lang='lat'>42*</span> 
     </span>
    </p>
   </div>
   <div class='ocr_carea' id='block_1_5' title="bbox 919 2856 1072 2858">
    <p class='ocr_par' dir='ltr' id='par_1_19' title="bbox 919 2856 1072 2858">
     <span class='ocr_line' id='line_1_51' title="bbox 919 2856 1072 2858; baseline 0 0"><span class='ocrx_word' id='word_1_559' title='bbox 919 2856 1072 2858; x_wconf 95' lang='lat' dir='ltr'> </span> 
     </span>
    </p>
   </div>
  </div>
 </body>
</html>
