2119 3522
308 206 379 228 El’l’.
391 204 434 228 21.
449 204 490 228 22.
520 205 692 228 10flANNEs
708 207 840 229 noncor
857 207 1014 230 oss'rvnw.
1033 220 1075 223 m
1092 208 1239 230 IODOCVS
1256 208 1395 230 KLYNGE
1412 208 1570 231 OR‘rvmo.
1698 191 1793 236 695

84 262 169 305 Pag.
190 262 281 298 221.
1155 266 1243 307 Pag.
1257 268 1332 298 2⁶20.
1351 277 1381 298 v.
1396 274 1429 299 34
1445 290 1452 298 .
1467 290 1475 298 .
1490 290 1497 298 .
1515 267 1600 308 Pag.
1614 268 1690 299 222.
1708 278 1738 299 v.
1751 273 1795 299 35.

416 350 650 386 EPISTOLA
677 353 739 388 22.
780 351 988 386 IODOCVS
1012 351 1212 387 KLYNGE
1238 351 1467 388 ORTVINO.

83 432 126 462 30
150 427 218 462 Hic
251 428 500 463 Berolinensis
530 428 676 473 Klynge
707 429 783 463 sive
814 429 928 474 Kling
958 430 1110 466 fortasse
1143 442 1187 466 ex
1217 431 1375 465 Hutteni
1405 431 1794 477 Wittenbergensibus

172 483 359 527 quondam
395 484 707 519 commilitonibus
745 486 810 519 est.
857 484 1164 521 Daventriensem
1202 486 1347 521 Ortvini
1386 487 1551 521 sodalem
1591 498 1628 522 se
1668 488 1792 530 fuisse,

172 539 376 583 posteaque
407 539 454 573 ad
483 540 765 574 universitatem
789 540 1158 587 Wittenbergensem
1188 553 1226 576 se
1257 542 1447 577 recessisse
1478 543 1558 588 ipse
1590 543 1696 586 dicit3
1729 544 1794 578 sed

172 594 209 628 in
235 594 319 629 albo
344 595 443 629 univ.
463 595 586 634 Viteb‚
605 607 626 630 a
650 595 916 631 Forstemanno
942 597 1042 631 edito
1066 609 1202 632 nomen
1227 609 1301 632 non
1326 598 1462 633 inveni.

81 653 166 693 Pag.
187 652 278 688 222.

80 709 101 739 4
126 706 221 750 quod
244 706 340 741 ‘nihil
365 708 426 752 est]
454 708 530 751 dass
556 719 589 743 es
612 708 756 751 (damit)
774 708 892 742 niehts
916 709 981 750 ist,
1007 708 1083 742 sive
1108 710 1237 754 neget,
1264 721 1301 744 se
1327 710 1442 744 bonos
1467 710 1546 745 dies
1570 711 1726 753 habere,
1754 722 1791 745 se

169 762 322 796 minime
354 762 501 797 dulcem
531 773 573 798 ac
603 763 801 797 delicatam
831 763 948 797 vitam
979 774 1108 808 agere,
1141 764 1217 799 sive
1249 766 1364 810 neget
1394 777 1431 799 se
1462 767 1539 800 tam
1571 766 1792 801 obliviosum

172 828 260 859 esse,
286 818 328 852 ut
353 817 527 852 Ortvinus
552 819 756 862 suspicatus
781 820 846 853 est.
866 823 869 828 '

124 883 198 907 ‘non
221 884 300 907 sum
325 873 368 908 de
391 874 543 918 talibus]
577 874 633 908 ich
657 874 720 908 bin
743 875 842 909 nicht
868 876 996 918 (einer)
1022 885 1092 910 von
1114 876 1264 911 solchesn.
1313 876 1458 912 Ortvini
1483 878 1529 912 de
1553 889 1612 912 me
1638 878 1792 923 suspitio

169 928 262 963 falsa
286 929 351 963 est.
875 972 880 977 .

80 989 100 1019 5
124 985 209 1020 bene
230 985 315 1030 seio]
340 985 520 1019 memoria
543 986 665 1028 teneo,
692 997 867 1029 memoro,
894 987 1058 1021 nondum
1077 988 1214 1022 oblitus
1231 999 1323 1022 sum.

122 1051 258 1084 semper
278 1068 306 1074 ..
325 1041 535 1086 scripsistis]
562 1041 721 1076 scribere
747 1042 902 1076 solebas.

79 1101 96 1131 7
126 1097 199 1142 Qui
218 1125 224 1129 .
240 1123 248 1131 .
263 1123 270 1130 .
290 1097 445 1141 lmnine]
473 1096 690 1132 Germanice
716 1098 796 1133 Ans
820 1099 890 1133 (len
914 1100 1057 1144 szcgyen,
1082 1110 1150 1134 aits
1176 1100 1254 1134 clem
1279 1100 1384 1134 Sina.
1424 1099 1592 1135 Fortasse
1619 1100 1793 1135 Ortvinus

169 1153 366 1197 scripserat
390 1152 535 1187 ‘limine
561 1153 711 1196 cordis’,
738 1155 781 1188 ut
804 1156 1024 1189 consonaret
1048 1154 1204 1189 ‘cordis’
1232 1166 1316 1189 cum
1343 1155 1508 1190 ‘oculis’.

78 1212 97 1242 9
122 1209 223 1253 amae]
249 1208 393 1251 „Amia‚
420 1208 517 1242 amia
542 1208 648 1243 calva
671 1208 827 1252 Linnae13
855 1210 977 1247 Germ.
995 1210 1196 1254 Kaklkopf,
1220 1211 1459 1255 flloderfiscffl
1483 1212 1591 1257 Angl.
1610 1213 1667 1246 the
1690 1213 1793 1246 mud-

165 1264 254 1308 fish5
282 1263 375 1298 Gall.
394 1265 524 1306 Z'amie,
549 1265 586 1298 Ia
611 1266 678 1299 tete
701 1267 811 1299 wue‘&
837 1266 1030 1300 Nemnich.
1056 1266 1120 1300 sed
1146 1267 1189 1301 cf.
1210 1278 1287 1311 sqq.
1306 1279 1364 1301 vv.
1380 1271 1432 1301 25.
1448 1271 1501 1302 27.

79 1323 120 1354 10
144 1320 268 1363 optavi
290 1321 363 1364 vos]
389 1321 427 1354 te
452 1320 579 1354 adesse
604 1320 822 1363 desideravi,
848 1322 930 1356 hab'
955 1323 1012 1357 ich
1036 1322 1143 1357 Euch
1166 1323 1501 1367 herbeiyewi'c'nscht.

123 1375 260 1410 deberet
285 1387 355 1410 esse
373 1376 493 1419 praes]
518 1376 597 1410 hier
619 1376 697 1410 sein
722 1380 857 1420 nisime,
882 1377 1011 1411 fortius
1037 1389 1149 1422 quani·
1172 1379 1250 1413 hier
1273 1382 1379 1413 ware.

78 1434 116 1465 11
144 1431 282 1466 deberet
307 1432 437 1476 Zcetari]
463 1432 576 1474 sollte,
600 1433 724 1466 wz'irde
748 1433 843 1467 mein
868 1433 967 1467 Ilerz
990 1434 1066 1468 sich
1089 1434 1228 1476 freueu,
1254 1434 1454 1469 laetaretur.

78 1490 118 1522 13
141 1498 259 1522 secum
285 1488 398 1532 domi]
425 1488 446 1525 i,
467 1499 496 1521 e.
514 1489 638 1522 tecum
662 1487 892 1523 Daventriae:
918 1499 1005 1522 nam
1030 1488 1324 1532 DaventriensiS,
1355 1491 1398 1524 ut
1421 1491 1499 1535 ipse
1525 1492 1727 1534 scribebat,
1756 1493 1793 1526 et

164 1543 373 1577 habebatur
397 1544 436 1578 et
458 1543 720 1578 nominabatur
745 1543 930 1578 Ortvinus.

76 1603 117 1633 14
142 1599 339 1644 depositor]
367 1598 418 1634 Cf.
436 1599 515 1633 Ind.
534 1599 651 1644 biogr.
669 1611 704 1644 p.
723 1602 797 1634 305.
823 1600 890 1635 art.
905 1599 1051 1634 Beanus
1077 1601 1115 1634 et
1138 1611 1250 1645 supra
1274 1602 1363 1635 60¹¹.
1412 1601 1495 1636 Nou
1527 1603 1646 1647 ipsam
1679 1603 1791 1648 depo-

163 1655 335 1689 sitionem
366 1655 570 1689 beanorum
595 1656 726 1690 vetant
750 1654 900 1690 Statuta
929 1656 1083 1700 antiqua
1112 1656 1212 1691 univ.
1231 1656 1355 1691 Colon.
1375 1657 1419 1691 de
1445 1669 1476 1691 a.
1498 1662 1593 1692 1392.
1612 1662 1630 1700 ξ
1651 1663 1700 1692 12.
1726 1659 1791 1693 sed

162 1712 331 1745 statuunt
360 1711 491 1755 „quod
520 1711 643 1745 nullus
674 1712 875 1756 praesumat
906 1712 1211 1756 supervenientes
1243 1712 1288 1747 de
1319 1724 1432 1756 novo,
1465 1724 1556 1758 quos
1581 1714 1696 1758 aliqui
1720 1714 1789 1749 Be-

161 1767 264 1801 ianos
288 1768 434 1809 vocant,
466 1767 643 1801 indebitis
668 1767 921 1801 exactionibus
945 1778 1113 1813 gravare,
1140 1769 1205 1802 aut
1229 1768 1318 1802 alias
1343 1769 1486 1803 iniuriis
1511 1771 1576 1803 aut
1600 1771 1790 1805 contume-

161 1823 220 1857 liis
256 1822 493 1857 molestare&
543 1823 683 1858 Saeculo
714 1823 864 1857 demum
894 1836 997 1865 xv11.,
1035 1825 1233 1868 postquam
1273 1825 1506 1866 „beanorum
1532 1825 1714 1870 depositio
1752 1826 1789 1860 in

163 1890 244 1913 eam
275 1879 570 1923 degeneraverat
594 1879 863 1924 turpitudinem
890 1891 931 1913 ac
955 1879 1165 1921 licentiam,
1192 1881 1233 1914 ut
1256 1879 1390 1914 Bacchi
1417 1881 1541 1925 orgyis
1566 1892 1677 1925 quam
1702 1882 1790 1916 ludo

161 1934 374 1969 academico
405 1936 503 1970 esset
533 1935 736 1977 similior“,
769 1935 909 1969 abolita
940 1936 1004 1969 est.
1054 1935 1106 1970 Cf.
1132 1934 1270 1970 Bianco
1300 1936 1374 1970 Die
1398 1937 1470 1971 alte
1500 1937 1663 1972 Univers.
1687 1938 1791 1972 Κόῖη

164 1991 190 2024 Ι.
207 2003 242 2035 p.
261 1994 336 2025 258.
354 2002 432 2035 sqq.

74 2051 114 2082 15
138 2058 253 2081 unum
277 2058 416 2081 annum
449 2051 534 2081 ante
558 2048 622 2091 me]
654 2047 697 2080 Id
726 2047 987 2081 brevissimum
1017 2048 1165 2091 tempus
1198 2048 1293 2090 erat,
1326 2049 1411 2092 post
1442 2048 1542 2092 quod
1576 2048 1788 2093 depositum

161 2103 282 2147 ipsum
308 2102 558 2147 depositorem
582 2102 663 2137 fieri
687 2102 834 2137 licebat.

73 2163 114 2194 18
137 2159 353 2203 selioliregla]
379 2158 509 2192 ludum
540 2158 763 2193 litterarium
794 2169 943 2203 regem,
977 2159 1240 2194 Schulmeister.
1265 2159 1450 2203 hodieque
1484 2159 1625 2194 Gallice
1656 2161 1788 2205 regent.

162 2214 263 2248 Alibi
287 2225 361 2248 non
385 2214 471 2259 legi.
588 2207 591 2209 ’

72 2275 112 2305 21
144 2270 237 2305 Veni
252 2269 439 2314 Spandaw
465 2272 603 2316 ayyere]
630 2271 735 2305 Ibam
759 2271 854 2305 forte
874 2270 1094 2315 Spandaviae
1110 2282 1177 2315 per
1195 2271 1335 2305 vallum
1361 2273 1547 2316 ‘aggerfi',
1574 2273 1616 2306 ut
1633 2273 1789 2307 adsonet

164 2327 279 2361 ‘ame'
305 2326 328 2360 i.
347 2337 377 2360 e.
398 2337 500 2361 amae.

73 2386 116 2418 25
134 2383 341 2428 plontzyen]
361 2383 530 2428 plotsiyen
555 2383 642 2417 edit.
661 2386 691 2418 5.
717 2383 794 2417 Hoc
819 2383 900 2418 loco
921 2399 964 2411 =
989 2394 1091 2425 amae,
1118 2383 1182 2417 sed
1200 2382 1400 2417 Nemnich:
1426 2384 1588 2428 „Plotae
1613 2384 1787 2429 cyprinus

163 2438 577 2483 erythrophthalmus“,
602 2439 800 2484 Rothauye.
833 2439 876 2473 cf.
895 2449 1006 2483 supra
1030 2451 1063 2473 v.
1078 2443 1107 2473 9.

73 2498 116 2529 29
139 2494 262 2539 solvit]
288 2495 443 2537 constat,
467 2495 589 2530 kostet.

73 2555 115 2586 32
140 2551 182 2585 ivi
206 2560 290 2585 caro
313 2550 404 2596 foro]
430 2550 525 2585 Puto
551 2562 628 2586 esse
652 2562 719 2595 pro
738 2551 857 2585 carnis
880 2551 976 2593 foro,
1003 2551 1179 2594 macello,
1206 2552 1248 2586 ut
1271 2562 1382 2596 supra
1407 2552 1581 2586 ‘ecclesia
1596 2552 1785 2586 meretrix'

164 2607 202 2641 et
226 2606 371 2649 similia,
397 2617 471 2641 non
499 2607 641 2652 ‘magni
667 2607 866 2641 constare’.

72 2667 115 2698 34
139 2663 287 2705 faciunt
306 2690 313 2698 .
330 2690 336 2696 .
352 2690 359 2698 .
378 2664 592 2707 instantias]
619 2663 663 2696 cf.
682 2663 729 2696 ad
757 2664 866 2697 19941.

72 2722 115 2754 35
139 2719 239 2754 doleo
263 2719 307 2754 de
328 2719 438 2763 vobis]
464 2719 615 2753 miseret
638 2729 697 2752 me
722 2718 787 2752 tui.

79 2806 82 2810 .
115 2775 209 2810 sicut
233 2802 262 2809 ..
278 2801 285 2808 .
308 2776 399 2819 mea]
425 2785 467 2809 ac
492 2775 521 2808 si
545 2775 665 2809 mater
695 2785 779 2808 mea
803 2785 909 2809 esses.
951 2774 1125 2810 Fortasse
1158 2776 1226 2810 hoc
1256 2786 1429 2820 perverse
1462 2775 1603 2810 dictum
1634 2775 1786 2820 respicit

162 2830 209 2865 ad
238 2831 362 2865 locum
392 2830 438 2864 de
469 2830 812 2864 concubinariorum
845 2830 1121 2865 condicionibus
1151 2831 1189 2865 in
1215 2831 1353 2866 Olearii
1383 2831 1601 2875 quodlibeto
1634 2831 1679 2866 de
1712 2831 1784 2866 fide

162 2886 396 2921 concubinar.
428 2886 506 2930 (ed.
528 2886 691 2921 Zarncke
720 2898 756 2930 p.
779 2887 853 2930 90>:
887 2913 949 2929 ‚,..
974 2887 1137 2921 diversas
1173 2897 1250 2921 esse
1286 2886 1515 2921 conditiones
1551 2887 1785 2922 sacerdotum

162 2941 518 2977 concubinariorum.
543 2941 694 2986 quidam
720 2942 817 2976 enim
834 2942 976 2977 habent
998 2942 1109 2977 corda
1124 2943 1304 2985 materna,
1331 2942 1537 2987 vulgariter
1559 2943 1784 2979 mzttterliche

162 2999 310 3040 hertzer,
327 2998 480 3042 quidam
504 3008 577 3032 non
602 2997 742 3033 habent
762 3000 833 3033 ..⁴‘.
