2119 3522
281 219 377 265 550
797 233 1062 256 COMMENTAmvs
1086 232 1133 254 An
1159 233 1229 254 EPP.
1247 232 1277 254 0.
1296 233 1328 254 v.
1354 231 1431 254 von.
1449 232 1472 253 1.

280 296 363 337 Pag.
385 296 446 330 20.

279 353 299 383 8
324 350 397 382 tim.
416 349 593 391 arcemur]
625 346 709 380 Non
732 346 841 379 timet
864 344 1114 378 Mammaceus
1145 344 1267 377 dicere
1299 354 1435 387 papam
1459 354 1533 377 non
1562 354 1639 377 esse
1663 344 1802 378 bonum
1826 345 1989 378 christia-

368 415 456 436 num
486 404 523 436 et
551 402 650 446 quod
679 401 724 435 ab
757 411 799 434 eo
834 400 965 434 ‘debet
992 399 1073 434 fieri
1102 399 1305 443 appellatio
1334 398 1381 432 ad
1414 399 1642 442 concilium’,
1677 399 1741 433 sed
1771 411 1844 434 non
1878 399 1990 433 audet

371 458 510 492 ‘dicere
536 457 635 501 quod
659 467 758 501 papa
783 456 923 490 erraret
947 455 1029 489 ibi’.

285 520 324 548 10
350 514 450 548 dedit
468 514 661 556 propinas]
688 512 731 546 cf.
749 512 847 545 infra
872 512 1049 546 193²⁰·⁵¹1q-
1077 512 1115 545 et
1137 511 1223 545 vide
1249 511 1296 545 ad
1320 511 1547 556 superiorem
1571 524 1601 545 v.
1619 521 1661 545 24.

282 574 331 604 12.
351 582 401 613 sq.
420 569 552 603 audivi
623 578 692 611 pro
711 568 760 611 00]
788 567 839 602 Cf.
858 578 980 611 consp.
996 567 1156 601 chronol.
1174 579 1208 611 p.
1226 571 1298 601 129.
1312 579 1390 611 sqq.
1409 567 1456 600 ad
1474 578 1504 601 a.
1520 570 1615 601 1514.
1630 578 1707 610 sqq.
1748 566 1831 610 Ipse
1848 566 1992 600 Reueh-

369 625 466 658 linus
490 625 527 657 in
545 635 611 658 sua
633 624 679 658 ad
702 624 803 668 pont.
821 634 916 656 max.
936 623 968 656 d.
989 627 1039 658 13.
1058 623 1135 656 Iun.
1155 634 1185 657 a.
1205 626 1300 657 1515.
1319 623 1457 667 scripta
1486 622 1644 666 epistola
1667 625 1787 664 „me“
1813 623 1866 656 ait
1888 622 1991 664 „sta-

369 682 523 724 tumque
542 691 665 714 rerum
682 690 849 713 mearum
867 681 905 713 et
921 680 1102 723 quantum
1118 679 1218 712 ultra
1240 678 1424 722 supererit
1440 679 1526 713 vitae
1549 689 1641 712 meae
1665 678 1768 712 filum
1785 678 1874 712 Tuae
1890 678 1992 712 iusti-

370 738 451 778 ciae,
480 736 567 770 fidei
590 736 823 779 bonitatique
848 736 1091 769 vehementer
1113 735 1348 777 commendo,
1381 735 1423 768 ut
1448 735 1485 768 et
1510 745 1605 768 anno
1628 734 1795 778 proximo
1815 744 1836 767 a
1853 733 1993 768 Caesare

369 792 536 837 Augusto
560 792 691 836 saepius
715 792 752 825 et
780 792 826 825 ab
843 791 1072 825 Alemanniae
1097 792 1230 825 nostrae
1253 790 1500 834 principibus,
1528 790 1700 834 episcopo
1718 789 1992 835 Argenffinensi,

370 849 543 892 episcopo
559 847 841 889 Constantiensi,
856 847 1043 882 Friderico
1058 847 1244 881 Saxonum
1262 846 1355 880 duce
1372 846 1520 890 imperii
1538 846 1710 888 electore,
1729 845 1880 880 Ulricho
1900 845 1994 880 duce

369 904 784 948 VVirtembergensium,
810 903 987 948 Magistro
1013 903 1150 937 ordinis
1167 903 1471 944 Teutonicorum,
1497 902 1710 946 quindecim
1728 902 1924 936 abbatibus
1940 902 1994 935 in-

369 960 483 994 fulam
509 960 741 1004 gestantibus
765 961 803 994 et
825 960 1097 1004 quinquaginta
1119 959 1237 993 tribus
1261 958 1474 992 civitatibus
1497 958 1535 991 in
1553 957 1690 992 Suevia
1712 969 1847 1002 magno
1873 957 1994 991 studio

371 1017 409 1049 et
439 1016 634 1060 diligentia
665 1017 703 1050 et
731 1015 870 1049 maiore
900 1015 1127 1059 impetrandi
1151 1026 1215 1058 spe
1238 1025 1304 1058 pro
1329 1025 1394 1047 sua
1417 1014 1595 1058 singulari
1619 1025 1707 1059 erga
1735 1014 1860 1048 sedem
1877 1013 1995 1047 Tuam

371 1073 535 1106 sanctam
553 1072 750 1106 devotione
777 1071 1056 1105 commendatus
1073 1071 1157 1104 Tibi
1182 1082 1280 1112 311111,
1312 1069 1529 1103 Beatissime
1552 1070 1660 1113 pater
1685 1070 1722 1104 et
1738 1068 1895 1103 Domine
1921 1080 1995 1103 om-

372 1128 475 1161 nium
501 1127 807 1161 excellentissime
826 1127 899 1160 Leo
917 1126 1068 1160 Decime
1081 1129 1111 1159 “.
1159 1126 1206 1160 Et
1223 1136 1345 1159 comes
1360 1125 1570 1159 Nuenarius
1587 1126 1626 1159 in
1652 1136 1707 1170 ep.
1727 1125 1773 1159 ad
1790 1125 1995 1159 Zobellium

372 1184 404 1217 d.
424 1187 476 1217 26.
493 1183 586 1227 Aug.
602 1184 647 1225 (a.
664 1184 774 1225 1517.)
793 1183 881 1217 data
894 1182 952 1225 (cf.
968 1182 1098 1226 Consp.
1114 1181 1274 1216 chronol.
1289 1193 1323 1225 p.
1340 1181 1428 1224 143.)
1447 1207 1485 1223 „.
1501 1208 1507 1214 .
1526 1180 1620 1214 illud
1638 1191 1870 1225 summopere
1888 1180 1996 1215 mira-

370 1251 469 1281 mur,
503 1238 601 1282 quod
618 1239 655 1271 in
679 1238 772 1272 hanc
799 1238 1021 1272 sententiam
1048 1238 1183 1282 passim
1210 1248 1336 1271 omnes
1360 1247 1476 1281 prope
1495 1236 1594 1271 docti
1612 1237 1789 1272 divinitus
1806 1248 1997 1272 concurre—

370 1296 460 1337 rint,
498 1296 541 1329 ut
563 1294 761 1338 Capnionis
792 1295 964 1328 iniuriam
987 1295 1165 1338 tanquam
1196 1304 1298 1327 suam
1329 1292 1516 1327 communi
1539 1292 1713 1337 suffragio
1736 1293 1997 1327 vindicandam

373 1362 449 1385 esse
475 1351 652 1395 putarent
669 1378 674 1383 .
692 1378 720 1383 ..
753 1349 873 1383 Taceo
897 1361 994 1384 nunc
1019 1350 1077 1384 tot
1099 1350 1310 1394 principum
1335 1349 1541 1383 Germaniae
1561 1349 1691 1393 sigillis
1709 1350 1818 1384 aucta
1833 1350 1998 1384 testimo-

371 1408 448 1448 nia,
469 1407 635 1441 Saxoniae
654 1406 771 1448 ducis,
791 1406 1160 1450 Brandenburgensis
1176 1405 1398 1440 Marchionis
1418 1415 1459 1438 ac
1479 1404 1630 1438 Comitis
1646 1404 1826 1448 Palatini,
1850 1405 1998 1449 imperii

373 1463 592 1504 electorum,
612 1462 970 1506 lVirtenhurgensis,
989 1461 1183 1503 Badensis,
1203 1461 1385 1505 Spirensis
1403 1462 1440 1495 et
1456 1461 1613 1495 aliorum
1630 1461 1841 1505 principum
1857 1461 1998 1506 magni-

372 1518 459 1552 ficas
488 1518 624 1552 literas.
657 1520 762 1552 taceo
794 1519 851 1552 tot
873 1517 1148 1552 florentissimas
1172 1517 1330 1551 Romani
1358 1516 1506 1560 imperii
1535 1517 1645 1551 urbes
1675 1527 1806 1561 resque
1832 1517 2000 1561 publicas

372 1574 490 1608 missis
515 1574 561 1608 ad
586 1586 768 1607 summum
787 1573 1003 1617 pontificem
1020 1584 1093 1607 11011
1111 1574 1245 1615 literis,
1271 1572 1335 1606 sed
1354 1572 1584 1616 diplomatis,
1611 1583 1759 1607 causam
1776 1584 1849 1606 31100
1868 1572 1999 1606 sancti-

371 1631 441 1665 tati
459 1630 745 1665 commendasse.
781 1630 886 1663 taceo
912 1629 1072 1673 denique
1098 1630 1156 1663 tot
1172 1628 1402 1662 doctissimos
1426 1628 1524 1662 viros
1543 1629 1580 1662 et
1597 1639 1744 1662 omnem
1762 1629 1868 1662 extra
1883 1627 1999 1672 impe-

372 1686 465 1720 ritiae
489 1686 609 1720 aleam
635 1685 853 1720 constitutos
878 1685 1070 1719 saeculares
1095 1696 1137 1719 ac
1166 1685 1367 1729 religiosos.
1407 1695 1563 1728 quorum
1590 1685 1619 1718 si
1643 1684 1721 1718 sola
1743 1684 1894 1718 nomina
1918 1694 1999 1728 per-

372 1742 476 1786 sequi
509 1742 661 1783 vellem,
694 1743 731 1775 in
756 1742 894 1775 iustum
918 1741 1093 1775 volumen
1117 1740 1275 1785 epistola
1306 1742 1543 1774 excresceret.
1592 1740 1732 1774 Verum
1762 1741 1888 1774 tamen
1915 1767 1920 1773 .
1941 1768 1946 1773 .
1966 1767 1972 1773 .
1992 1767 1999 1774 .

372 1798 658 1843 Pythagoricam
676 1798 835 1831 adiicere
855 1796 1062 1842 τετρακτὴν
1080 1797 1215 1832 curabo
1235 1825 1240 1831 .
1257 1825 1263 1831 .
1280 1825 1285 1830 .
1303 1825 1308 1830 .
1333 1796 1526 1831 Erasmum
1541 1825 1546 1830 .
1563 1825 1569 1830 .
1584 1796 1892 1838 Roterodamum,
1912 1795 2000 1830 Ger-

374 1854 505 1888 maniae
531 1864 618 1887 vere
648 1853 857 1897 phoenicem
960 1853 1095 1887 deinde
1126 1853 1395 1897 Hieronymum
1419 1853 1647 1887 Aleandrum
1676 1851 1899 1887 Mottensem

375 1911 430 1944 est
454 1911 491 1944 et
520 1909 582 1944 ille
608 1910 762 1943 Iacobus
787 1908 906 1944 Faber
923 1909 1154 1954 Stapulensis
1173 1909 1302 1944 Galliae
1327 1909 1464 1943 Vindex
1483 1937 1489 1942 .
1506 1937 1511 1942 .
1528 1937 1533 1943 .
1551 1938 1556 1943 .
1575 1909 1689 1943 habes
1716 1909 1899 1953 praeterea
1914 1907 2001 1941 Bili-

372 1966 524 2000 baldum
554 1965 884 2009 Pyrckheimerum
916 1994 921 1999 .
942 1994 948 1999 .
969 1994 974 1999 .
996 1969 1044 2000 .“.
1081 1986 1124 1990 —-
1161 1965 1355 2000 Sententia
1385 1965 1566 2009 Spirensis
1597 1965 1629 1999 d.
1649 1969 1701 1999 29.
1719 1964 1826 1999 Mart.
1851 1975 1881 1998 a.
1906 1967 2001 1999 1514.

375 2024 439 2063 (ex
463 2022 675 2056 Heumanni
698 2022 806 2056 Docc.
829 2022 899 2056 litt.
918 2022 1163 2056 Commentat.
1185 2021 1360 2066 isagogic.
1377 2032 1460 2066 pag.
1480 2024 1633 2056 16...19.
1672 2021 1716 2055 cf.
1736 2032 1846 2065 supra
1871 2020 2000 2066 Consp.

375 2078 535 2112 chronol.
555 2091 588 2122 p.
607 2079 694 2121 130.)
740 2105 759 2119 „
773 2078 883 2112 Diese
906 2078 1036 2112 rrtlzee'l
1062 2078 1107 2111 ist
1130 2078 1252 2122 wycler
1277 2078 1340 2112 der
1356 2078 1535 2122 Predigyer
1556 2087 1601 2112 zu
1621 2077 1713 2112 Goln
1729 2078 2004 2112 Ketzermez'stcr

376 2135 448 2169 rud
484 2146 591 2179 seyne
626 2136 808 2179 anleengser
845 2145 911 2168 ron
948 2135 1025 2167 dem¹
1058 2134 1406 2178 chrchleuchtz'yen,
1443 2134 1720 2178 lzochwurdiyen
1750 2134 1830 2168 und
1860 2134 2002 2178 11007190-

376 2191 532 2224 holm-nen
562 2190 724 2224 Fecrsten
760 2190 839 2224 und
873 2191 977 2224 herrm
1016 2191 1125 2223 lzcrrn
1159 2189 1338 2234 Georyen,
1376 2190 1644 2234 Pfaltzgyrauen
1681 2190 1745 2234 bey
1774 2189 1896 2224 Rham
1923 2190 2004 2224 und

375 2246 579 2290 Hertzosyen
610 2247 650 2279 ¹in
674 2246 836 2290 Beyern,
876 2246 1058 2280 Erreeltcn
1090 2246 1169 2280 und
1200 2246 1422 2290 bestette'yten
1453 2246 1660 2288 Bischoffen
1690 2255 1735 2280 zu
1765 2245 1899 2291 Spyer,
1935 2256 2004 2280 von

378 2302 607 2344 Bapstlicher
641 2303 820 2346 hee'liylccit
855 2302 1087 2336 sonnderlich
1118 2302 1157 2335 in
1193 2302 1272 2336 dem
1307 2302 1442 2335 handel
1482 2302 1542 2336 des
1576 2302 1854 2346 Ouyenspiegyels
1889 2302 2006 2336 darm

378 2358 585 2399 z·e›·0›·sl›zet,
615 2358 656 2391 in
687 2368 837 2402 eyyener
854 2368 989 2401 person
1012 2358 1162 2402 gyeyeben
1185 2358 1265 2391 und
1288 2358 1511 2402 yesprochen.

380 2413 512 2447 Christi
544 2413 691 2447 nomine
723 2413 915 2455 invocat03
947 2424 1014 2457 pro
1045 2413 1226 2447 tribunali
1256 2413 1427 2447 sedentes
1449 2414 1487 2447 et
1510 2413 1629 2447 solum
1653 2413 1764 2447 deum
1788 2425 1864 2457 prae
1889 2414 2005 2448 oculis

378 2469 558 2502 habentes
582 2480 648 2512 per
671 2469 766 2503 hanc
782 2471 947 2503 nostram
965 2470 1201 2503 diffinitivam
1219 2469 1459 2511 sententiam,
1486 2480 1597 2513 quam
1622 2469 1667 2503 de
1691 2470 1897 2514 peritorum
1921 2481 2005 2505 con-

380 2525 459 2558 silio
484 2526 522 2558 et
544 2536 692 2559 assensu
710 2525 877 2567 ferimus,
909 2526 947 2559 in
976 2526 1032 2559 his
1057 2526 1202 2569 scriptis
1226 2525 1528 2569 pronunciamus,
1562 2525 1794 2560 decernimus
1818 2527 1856 2560 et
1884 2526 2004 2561 decla-

380 2593 502 2614 ramus
526 2582 563 2614 111
590 2592 700 2615 causa
725 2583 763 2615 et
786 2582 920 2624 causis,
953 2593 1034 2625 quae
1057 2581 1156 2615 inter
1181 2581 1357 2615 eximium
1382 2581 1573 2615 dominum
1591 2581 1795 2616 Iohannem
1811 2582 2003 2625 Reuchlin,

381 2637 521 2681 Legum
547 2637 737 2671 doctorem
761 2637 945 2672 Pfortzen.
972 2637 1154 2682 Spirensis
1179 2638 1345 2681 dyocesis
1371 2648 1415 2671 ex
1439 2649 1514 2672 una
1538 2639 1576 2672 et
1599 2638 1828 2683 Religiosum
1852 2638 2006 2673 fratrem

382 2693 555 2726 Iacobum
582 2693 626 2726 de
645 2693 909 2736 Hochstraten,
940 2705 1051 2728 sacrae
1069 2693 1281 2738 Theologiae
1308 2694 1345 2727 et
1369 2693 1507 2727 ordinis
1523 2694 1809 2738 praedicatorum
1825 2694 2005 2738 professo-

384 2760 461 2782 rem
488 2749 525 2782 et
548 2749 585 2782 in
604 2750 713 2783 certis
729 2750 930 2794 prouinciis
949 2749 1177 2784 Germanicae
1195 2750 1371 2792 nationis,
1401 2750 1584 2784 haereticae
1601 2749 1798 2794 prauitatis
1814 2749 2005 2794 inquisito-

383 2815 461 2838 rem
485 2805 652 2848 partibus
683 2817 727 2839 ex
752 2806 885 2847 altera,
920 2806 965 2840 de
991 2806 1029 2840 et
1052 2817 1163 2850 super
1187 2805 1349 2850 quodam
1371 2805 1498 2840 libello
1522 2805 1713 2850 speculum
1744 2806 1891 2840 oculare
1914 2818 2005 2839 nun-

385 2861 536 2903 cupato,
566 2872 607 2895 ac
632 2873 699 2905 per
722 2862 919 2906 praefatum
944 2862 1134 2896 dominum
1152 2861 1354 2896 Iohannem
1373 2861 1563 2896 doctorem
1587 2862 1704 2904 edito,
1730 2862 1837 2896 nobis
1861 2862 2005 2906 aposto-

386 2916 457 2949 lica
474 2917 694 2951 auctoritate
712 2918 923 2962 specialiter
940 2918 1148 2960 commissa,
1177 2919 1214 2952 et
1236 2929 1359 2952 coram
1378 2917 1484 2952 nobis
1500 2917 1665 2952 indecisa
1680 2917 1884 2962 pendente,
1909 2917 2005 2951 bene

386 2971 495 3005 fuisse
521 2972 558 3005 ct
588 2983 663 3006 esse
687 2974 916 3017 appellatum
940 2975 978 3007 ct
1006 2973 1158 3007 nulliter
1182 2984 1404 3018 processum.
1451 2973 1529 3008 Nec
1558 2985 1631 3008 non
1655 2973 1824 3007 libellum
1849 2972 2006 3007 ocularis

388 3027 527 3071 speculi
552 3028 782 3062 antedictum
803 3040 886 3063 cum
910 3040 975 3063 sua
1005 3039 1148 3063 annexa
1179 3029 1431 3064 declaratione
1460 3029 1499 3063 in
1529 3029 1621 3064 actis
1651 3040 1767 3063 causae
1795 3028 2007 3064 huiusmodi
