2119 3522
736 214 900 237 BVSCHIVS
926 228 934 237 0
948 228 956 237 ι
970 227 979 238 .
1004 213 1188 238 CAESARIVS.
1724 196 1818 241 333

102 326 213 365 Ann.
230 333 317 379 typ.
336 327 390 367 X.
408 341 448 378 p.
467 328 561 366 205.
621 328 739 366 Nova
761 342 843 365 non
866 328 979 366 nulla
1000 328 1156 366 addisci
1177 334 1346 379 possunt
1375 342 1425 366 ex
1444 328 1521 366 hoc
1540 328 1708 367 Ioannis
1729 329 1819 367 Pio,-

102 384 286 421 montani
307 383 394 422 MS.
417 384 601 422 Auctarii
631 397 726 422 scrr.
750 385 913 422 eccless.
935 398 975 435 p.
995 382 1047 422 9¹>
1071 386 1137 423 10.
1160 391 1299 425 exacte
1328 385 1569 436 transcripto
1598 385 1706 424 loco:

102 460 331 492 Hermannus
356 460 525 492 buschius
557 461 705 492 natione
731 461 938 493 teutonicus
963 461 1087 502 patria
1115 462 1414 494 monasteriensis
1444 472 1487 494 ex
1512 461 1740 504 Westphalia
1764 463 1821 494 vir

103 515 350 557 undecumque
376 515 597 548 doctissimus
623 516 856 558 philosophus
881 516 1001 548 clarus
1026 519 1149 548 orator
1178 517 1357 549 facundus
1384 520 1419 548 et
1447 517 1590 558 poetice
1621 518 1819 559 professio-

100 571 157 603 nis
184 571 405 603 acutissimus
431 571 533 603 cuius
559 572 723 603 carmina
748 571 947 604 doctissima
971 572 1083 603 eciam
1108 576 1216 614 poete
1244 576 1279 604 et
1304 574 1482 605 mirantur
1507 576 1543 604 et
1569 573 1712 605 summis
1737 573 1816 605 effe-

99 630 184 658 runt
209 627 381 659 laudibus
407 626 612 659 diuinarum
637 637 777 669 quoque
802 622 1057 669 scripturarum
1075 638 1145 660 non
1162 628 1312 669 ignarus
1330 629 1521 669 vtriusque
1539 628 1662 670 lingue
1678 630 1820 670 peritus

103 683 248 725 ingenio
274 682 414 715 subtilis
439 685 476 714 et
501 682 688 714 excellens
715 683 857 724 eloquio
882 682 1003 715 clarus
1029 686 1065 715 et
1081 684 1298 725 compositus
1338 684 1409 715 Hic
1427 683 1513 715 olim
1532 684 1600 715 fuit
1618 684 1819 726 discipulus

101 738 207 780 supra
231 739 421 771 memorati
445 737 544 780 hegij
571 749 592 770 a
618 748 687 780 quo
713 739 749 769 in
774 738 898 779 primis
923 739 1179 779 grammatices
1205 739 1417 770 rudimentis
1448 739 1492 770 ad
1515 739 1661 781 plenum
1683 741 1819 782 optime

101 795 258 826 imbutus
288 793 388 825 haud
417 793 529 825 multo
560 796 642 835 post
671 794 708 824 in
737 793 856 834 ytalia
888 793 933 824 ad
966 793 1100 825 altiora
1134 794 1344 826 conscendit
1369 795 1523 826 maxime
1549 796 1586 826 in
1611 797 1756 837 poetica
1782 796 1819 827 in

100 860 171 890 qua
197 850 269 881 iam
295 849 484 881 cultiorem
510 849 544 880 se
570 849 706 881 habere
732 849 912 880 neminem
937 849 1094 881 omnium
1126 849 1259 881 iudicio
1286 850 1541 891 comprobatur
1566 850 1721 891 Scripsit
1746 856 1818 882 tam

101 908 214 937 metro
252 914 360 946 quam
403 914 513 946 prosa
550 904 718 946 preclara
756 903 911 945 quedam
949 905 1127 946 opuscula
1163 905 1293 946 quibus
1331 906 1542 938 memoriam
1574 907 1629 937 sui
1661 908 1819 948 posteris

101 960 370 993 commendauit
394 959 448 992 De
476 960 607 1001 quibus
634 962 760 992 extant
786 960 953 992 subiecta

100 1016 154 1048 Ad
180 1015 418 1048 alexandrum
442 1015 589 1057 hegium
614 1019 864 1058 preceptorem
892 1015 990 1048 suum

100 1072 432 1105 Tumultuariorum
459 1072 656 1104 carminum
775 1071 801 1103 li
815 1082 839 1112 1J
890 1071 983 1114 Sepe
1008 1082 1157 1105 numero
1184 1076 1378 1115 preceptor

100 1129 141 1160 In
165 1127 325 1160 natalem
350 1127 485 1160 domini
734 1150 737 1151 ν
769 1138 832 1169 caJ
882 1128 976 1160 Leta
1002 1127 1183 1160 salutiferi

99 1184 249 1226 Triplex
274 1184 446 1216 rosarium
473 1184 582 1217 beate
608 1184 722 1216 marie
770 1183 797 1215 li
817 1194 832 1225 J
883 1183 971 1216 Cum
996 1184 1085 1217 deus
1111 1184 1292 1217 astriferis

100 1240 212 1272 Varia
237 1239 281 1271 de
308 1239 441 1271 sanctis
769 1239 831 1281 liJ

101 1295 296 1328 Orationes
320 1296 444 1328 varias

99 1350 317 1393 *Epistolas
349 1361 488 1392 quoque
525 1350 659 1383 multas
689 1350 735 1382 ad
766 1351 925 1383 diuersos
957 1352 1244 1394 elegantissimas
1276 1356 1390 1384 metro
1428 1356 1465 1384 et
1492 1364 1600 1395 prosa
1631 1353 1746 1385 edidit
1778 1365 1820 1386 ae

100 1407 254 1440 Diuersa
285 1407 549 1449 epigrammata
581 1411 618 1439 et
653 1407 831 1448 epistolas
865 1408 1183 1440 commendaticias
1217 1409 1254 1439 in
1285 1411 1406 1441 varias
1438 1409 1695 1451 impressiones
1722 1410 1821 1441 Viuit

101 1464 219 1496 adhuc
243 1467 282 1496 vt
309 1463 416 1495 audio
442 1463 538 1505 apud
563 1462 788 1494 colonienses
808 1460 974 1505 [saxonie
996 1464 1106 1496 duces
1123 1465 1289 1496 inductum
1314 1469 1344 1496 et
1366 1464 1474 1505 snpra
1496 1466 1657 1506 seriptum
1682 1471 1732 1497 est
1754 1468 1821 1497 alia

100 1532 196 1552 manu
222 1517 464 1562 colonienses]
492 1529 624 1561 magno
656 1519 694 1550 in
725 1519 849 1561 precio
875 1519 1023 1551 habitus
1050 1530 1071 1551 a
1096 1520 1224 1560 quibus
1250 1522 1286 1552 et
1311 1520 1457 1562 publico
1486 1519 1617 1551 salario
1641 1523 1680 1552 vt
1707 1521 1822 1552 fertur

102 1575 256 1608 donatus
289 1575 339 1608 est
371 1585 485 1607 annos
516 1575 669 1616 triginta
702 1578 811 1606 natus
845 1578 881 1606 et
910 1576 1014 1608 varia
1046 1575 1171 1607 scribit
1200 1577 1265 1607 sub
1291 1576 1543 1608 Maximiliano
1569 1576 1820 1608 rhomanorum

102 1633 327 1674 Imperatore
352 1630 590 1663 Illustrissimo
617 1634 652 1662 et
678 1630 809 1663 summo
833 1631 1005 1673 pontifice
1028 1631 1123 1663 Iulio
1141 1631 1198 1665 ΑΟ,
1217 1632 1260 1664 D.
1279 1642 1348 1673 quo
1373 1633 1445 1664 lewe
1470 1631 1661 1664 scribimus
1689 1634 1819 1666 1.5.8.

102 1686 145 1730 [ἰ.
166 1698 196 1720 e.
218 1686 330 1730 1508]

101 1742 224 1784 *(Ηίο
250 1743 444 1775 inserenda
470 1743 545 1775 alla
570 1753 697 1775 manus
722 1754 755 1785 p.
776 1745 836 1776 102¹
861 1743 1096 1787 adscripsitz)

102 1801 400 1842 Epigrammaton
426 1799 470 1831 de
495 1799 641 1832 domina
867 1799 894 1832 li
915 1808 930 1840 J

101 1855 283 1887 Siluarum
867 1855 893 1887 li
915 1865 929 1896 J

102 1911 265 1944 Oestrum
291 1911 328 1942 in
353 1911 604 1954 heuerlingum
868 1911 894 1943 li
915 1922 929 1952 J

100 1967 143 1999 In
168 1967 322 2009 persium
348 1968 647 1999 commentarium
866 1967 892 1999 li
913 1977 928 2007 J

101 2023 143 2055 In
168 2023 341 2055 donatum
867 2022 893 2054 li
915 2032 929 2063 J

101 2080 156 2111 De
181 2079 316 2111 litteris
869 2078 896 2109 li
917 2089 930 2119 J

101 2136 156 2167 De
181 2134 431 2167 uersificatura
863 2134 891 2165 li
913 2144 927 2175 J

102 2191 144 2222 In
169 2191 313 2233 potiora
343 2191 606 2233 epigrammata
631 2190 819 2222 Marcialis
868 2190 893 2222 li
914 2201 928 2231 J

102 2247 157 2278 De
182 2247 363 2288 dignitate
388 2246 537 2288 poeseos
867 2247 893 2279 li
917 2247 978 2292 giij

102 2302 340 2335 Collectanea
366 2302 576 2344 theologica
866 2303 892 2334 li
918 2303 981 2345 plu

102 2358 156 2390 Ad
177 2358 348 2400 jacobum
375 2362 537 2391 nostrum
570 2356 630 2399 [acl
652 2369 755 2400 marg.
775 2362 818 2391 al.
838 2370 922 2390 man.
941 2360 1125 2401 adscripsit
1151 2359 1195 2392 ad
1220 2360 1394 2392 Iacobum
1422 2361 1529 2405 Siberg
1554 2360 1597 2402 (i.
1617 2372 1646 2395 e.
1666 2360 1822 2402 Siberti)

191 2412 408 2457 Lacensem]
436 2414 636 2446 indiculum
662 2425 808 2457 operum
835 2416 913 2447 eius
939 2415 1035 2458 eplj

103 2502 347 2533 BVTZBACH
376 2497 446 2533 vicl.
469 2495 670 2533 Piemont.

104 2581 367 2631 CAESARIVS,
400 2584 600 2632 Ioannes,
631 2585 776 2624 Iuliaci
806 2587 912 2624 circa
932 2601 968 2624 a.
993 2586 1114 2624 1460.
1138 2592 1275 2634 natus,
1310 2587 1545 2625 Daventriae
1567 2588 1737 2636 primum
1759 2587 1821 2624 lit-

103 2647 209 2679 teras
242 2641 402 2688 didicit,
445 2640 596 2679 deinde
626 2642 793 2680 Parisiis
824 2643 992 2680 Ioannis
1024 2643 1148 2680 Fabri
1180 2643 1437 2694 Stapulensis
1470 2643 1690 2693 discipulus
1724 2644 1818 2692 fuit3

105 2696 284 2735 Coloniae
316 2702 471 2735 rectore
501 2696 649 2735 Iacobo
683 2698 733 2736 de
763 2698 990 2736 Amersfort
1022 2698 1060 2736 d.
1081 2701 1118 2737 9.
1136 2699 1240 2737 Nov.
1259 2713 1294 2737 a.
1316 2700 1435 2737 1491.
1458 2699 1678 2737 matriculae
1707 2700 1821 2736 univ.

102 2753 159 2791 sic
191 2754 406 2804 inscriptus
438 2751 516 2791 est¹
548 2754 762 2800 „Ioannes
787 2754 984 2793 Caesarius
1007 2755 1058 2793 de
1078 2755 1232 2793 Iuliaco
1265 2755 1317 2793 ad
1348 2761 1454 2793 artes
1478 2756 1625 2793 iuravit
1723 2769 1821 2806 pau-

104 2810 224 2861 per“.
287 2809 466 2848 Coloniae
499 2809 662 2849 Graeeas
699 2811 854 2849 litteras
885 2817 1032 2862 praeter
1067 2812 1168 2849 alios
1199 2812 1344 2850 multos
1377 2812 1512 2850 docuit
1542 2812 1823 2849 Hermannum

197 2977 229 3018 1)
254 2977 373 3019 Kraffc
397 2977 433 3009 in
459 2977 587 3009 Ztseler.
604 2978 632 3019 f.
652 2978 788 3011 Prenss.
810 2978 927 3011 Gesele.
945 2990 974 3011 v.
997 2979 1132 3013 Hassel.
1152 2980 1182 3011 5.
1202 2980 1320 3022 Jahrq.
1341 2980 1481 3022 August.
1512 2979 1631 3012 Berlin
1651 2980 1747 3013 1868.
1772 2978 1819 3011 8⁰.

195 3043 228 3075 p.
245 3034 320 3066 469.
