2119 3522
288 179 381 223 710
586 178 590 181 ’
796 191 1060 214 οοΜΜΕΝΤΑΒΝε
1083 191 1130 213 AD
1155 192 1227 213 EPP.
1245 192 1275 214 o.
1292 191 1325 214 v.
1350 191 1428 213 vor..
1446 191 1483 212 11.

284 255 369 295 Pag.
390 252 480 288 240.

373 306 525 339 Petrum
550 303 681 347 saepius
704 303 742 336 in
766 303 822 336 his
849 302 1013 346 epistolis
1042 302 1238 337 memorati
1262 303 1357 336 sunt.
1383 301 1429 336 de
1454 300 1608 345 singulis
1638 301 1677 334 in
1701 300 1779 334 Iud.
1797 300 1991 345 biograph.

375 361 514 394 dictum
539 360 605 393 est.
652 358 784 392 Petrus
813 358 882 392 hoc
910 369 984 391 uno
1014 358 1096 392 loco
1126 358 1336 392 nominatus
1369 358 1424 391 est
1446 356 1579 390 Petrus
1610 355 1692 390 Suls
1723 356 1799 390 sive
1832 355 1914 389 suls
1946 355 1991 389 de

375 415 540 456 Colonia⁷
573 413 602 447 si
633 415 733 448 recte
765 413 885 448 video.
932 413 1001 447 Hic
1031 413 1163 447 Petrus
1195 424 1225 447 a.
1246 417 1340 448 1518.
1358 413 1479 447 rector
1508 411 1609 446 univ.
1627 410 1753 446 Colon.
1776 411 1895 445 factus
1921 411 1991 453 est3

373 472 456 514 post
481 481 566 503 eum
591 480 620 503 a.
641 473 737 503 1519.
760 469 948 513 Rutgerus
973 468 1018 503 de
1043 469 1196 503 Venloe.
1213 486 1217 491 ¹
1232 468 1286 504 Cf.
1304 469 1382 502 Ind.
1400 469 1517 512 biogr.
1535 479 1570 511 p.
1586 471 1661 502 482.
1681 467 1748 500 art.
1767 466 1858 500 Suls.

284 532 325 561 22
351 526 520 560 ‘indoctus
544 525 585 558 in
610 525 751 559 artibus
775 525 996 569 liberalibus]
1023 524 1066 558 cf.
1085 524 1131 558 ad
1157 525 1267 558 21211.

285 587 326 616 25
351 581 505 624 apostoli
529 590 603 614 ozon
627 581 779 623 fuerunt
805 580 919 625 docti]
950 579 1118 624 Peperic.
1137 579 1284 614 Defens.
1302 592 1338 624 p.
1355 580 1464 614 Hom.
1491 578 1680 623 „apostoli
1704 577 1906 622 piscatores
1934 577 1996 612 vel

375 637 523 671 omnino
548 636 724 671 indocti.“

286 698 328 728 28
352 692 548 735 scriptura]
577 692 620 726 cf.
640 692 802 735 Sapient.
820 704 852 725 x.
874 696 923 726 10.

329 748 494 783 Barthol.
512 748 684 792 Zehener]
711 748 754 781 cf.
769 747 960 792 Triumph.
974 747 1170 782 Reuchlini
1187 760 1245 782 vv.
1261 751 1363 782 753...
1375 752 1449 782 771.
1465 748 1503 781 et
1516 747 1594 781 Ind.
1607 746 1725 791 biogr.
1741 746 1807 780 art.
1822 746 1995 780 Zehener.

285 809 326 839 29
352 805 505 838 Petrum
521 803 705 847 Bertram]
725 803 769 837 cf.
784 803 974 848 Triumph.
988 803 1184 837 Reuchlini
1198 815 1257 838 vv.
1272 807 1335 838 772
1385 806 1459 838 789.
1475 804 1512 837 et
1524 802 1730 847 Inabiogr.
1741 802 1807 836 art.
1817 801 1996 836 Bertram.

286 866 328 896 :50
353 861 506 894 Petrum
530 859 668 904 Meyer]
695 860 738 893 cf.
757 859 947 903 Triumph.
965 859 1161 893 Reuchlini
1185 871 1243 893 vv.
1259 864 1446 894 789...841.
1465 860 1503 893 et
1518 859 1597 893 Ind.
1614 859 1732 903 biogr.
1751 859 1817 891 art.
1834 857 1973 901 Meyer.

332 916 457 950 mirab.
472 916 511 949 in
528 915 728 959 sermonib]
748 942 767 957 „
780 943 803 949 ..
823 916 1002 959 quantum
1017 915 1073 949 est
1085 915 1248 959 potuisse
1257 915 1413 949 furentis
1421 915 1560 949 Iudicio
1569 914 1673 959 vulgi
1688 913 1905 956 stolidaeque
1919 912 1996 955 pla·

376 982 458 1006 cere
477 971 635 1005 cohorti!
659 971 710 1004 At
726 971 906 1014 siquando
924 970 993 1005 tibi
1010 970 1108 1004 ridet
1124 971 1265 1004 leviora
1282 970 1436 1013 loquuto
1455 970 1531 1004 Aut
1547 970 1577 1003 si
1594 969 1742 1013 quando
1761 968 1884 1002 oculos
1901 967 1996 1001 fanti

374 1027 549 1072 lugubria
572 1027 687 1071 tergit
702 1026 731 1060 E
748 1027 886 1071 populo
912 1026 1106 1070 quisquam
1123 1026 1184 1059 vel
1209 1026 1254 1059 de
1279 1025 1497 1059 mulieribus
1521 1025 1610 1065 istis,
1637 1024 1732 1058 Tum
1757 1023 1913 1057 sublime
1939 1033 1996 1057 ca-

375 1084 444 1127 put
466 1083 744 1126 tumefactaque
769 1082 929 1116 nubibus
955 1082 1060 1116 effers
1085 1080 1205 1115 Labra
1229 1082 1337 1115 tenus
1358 1108 1365 1115 .
1380 1084 1418 1114 .“
1450 1081 1604 1114 Hutten.
1622 1079 1644 1113 1.
1664 1091 1692 1113 c.
1711 1091 1769 1113 vv.
1784 1082 1860 1113 802.
1873 1089 1951 1122 sqq.

286 1143 373 1183 Pag.
389 1140 481 1176 241.

290 1200 304 1229 1
330 1195 499 1238 faceretis
519 1221 548 1229 ..
568 1194 803 1238 excelleretz's]
837 1194 1041 1228 coniunctis
1065 1194 1205 1228 viribus
1230 1193 1454 1227 sterneretis.
1501 1192 1637 1226 Facere
1663 1191 1710 1225 ad
1734 1203 1849 1225 unum
1872 1206 1916 1219 =
1939 1200 1999 1225 zu-

376 1262 534 1285 sammen
558 1251 667 1292 than,
691 1250 847 1291 wz'wffcem·
870 1261 943 1283 non
968 1251 1146 1294 scriptum
1172 1250 1227 1283 est
1253 1249 1440 1283 ‘faceretis
1462 1258 1523 1283 vos
1547 1258 1672 1282 omnes
1696 1246 1743 1281 ad
1761 1248 1843 1281 etc.'
1861 1263 1905 1275 =
1923 1247 2000 1290 (Zass

376 1307 436 1340 ihr
471 1307 558 1341 euch
593 1306 664 1340 alle
697 1316 902 1340 zusammen
938 1307 1051 1340 thare&
1087 1306 1165 1339 und
1200 1305 1447 1347 ahora-(inda,
1483 1304 1658 1338 societate
1695 1303 1882 1338 coniuncti
1916 1314 1999 1347 pro-

378 1362 566 1407 fligaretis.

290 1424 308 1453 2
335 1419 531 1461 imponatis
556 1445 562 1451 .
579 1445 585 1451 .
610 1419 808 1463 silentium]
835 1418 999 1462 Peperic.
1018 1418 1099 1451 Des.
1116 1430 1150 1461 p.
1174 1420 1234 1451 168
1244 1420 1266 1451 “.
1286 1416 1512 1460 „imperator
1532 1416 1611 1461 ipse
1632 1444 1640 1451 .
1655 1443 1662 1451 .
1676 1443 1684 1450 .
1705 1416 1743 1450 et
1759 1427 1921 1449 summus
1939 1415 2000 1449 de—

379 1475 491 1518 nique
515 1474 682 1518 pontifex
707 1475 763 1517 (ut
787 1474 898 1518 paulo
925 1475 1009 1507 ante
1036 1475 1091 1507 est
1115 1474 1341 1516 enarratum)
1361 1500 1368 1506 .
1383 1500 1412 1507 ..
1433 1472 1618 1506 silentium
1640 1499 1647 1506 .
1663 1499 1670 1506 .
1685 1499 1692 1507 .
1711 1471 1957 1515 imposuere.“

290 1535 310 1564 4
332 1542 409 1574 sqq.
436 1530 480 1567 cf.
498 1541 610 1573 supra
633 1542 667 1574 p.
688 1534 738 1563 75.
756 1542 814 1563 vv.
835 1534 884 1564 10.
903 1541 979 1573 sqq.
999 1529 1211 1563 Hochstrati
1235 1530 1364 1562 minas.

290 1591 309 1620 9
334 1586 544 1629 appellatur
568 1586 767 1620 Prorerbia
793 1585 872 1629 En]
904 1585 1095 1619 Paroemiae
1126 1585 1202 1618 sive
1228 1584 1389 1629 Adagia,
1422 1584 1459 1617 id
1491 1585 1546 1617 est
1576 1583 1795 1625 Proverbia‚
1829 1594 1850 1616 a
1873 1582 2001 1627 Lappo

379 1653 445 1686 pro
470 1642 696 1686 praenomine
728 1641 983 1675 indeclinabili
1006 1640 1147 1674 Erasmi
1172 1640 1317 1682 habita,
1344 1639 1417 1673 iam
1443 1651 1472 1673 a.
1494 1643 1588 1674 1500.
1614 1638 1764 1673 Parisiis
1787 1638 2004 1683 prodierant

381 1698 446 1741 (cf.
465 1698 572 1731 Hain.
590 1709 624 1730 n.
644 1699 774 1740 66651),
801 1697 865 1731 sed
896 1697 1065 1740 pleniora
1096 1696 1340 1740 exemplaria,
1373 1707 1454 1739 quae
1478 1696 1610 1739 postea
1633 1695 1768 1729 iterum
1793 1695 2002 1738 iterumque

380 1754 490 1787 aucta
513 1754 608 1795 sunt,
636 1753 680 1787 ab
706 1753 842 1786 Aldino
868 1752 1067 1796 incipiunt⁷
1094 1752 1193 1795 quod
1219 1763 1249 1785 a.
1270 1756 1364 1786 1508.
1389 1751 1557 1785 Venetiis
1581 1751 1642 1784 fol.
1660 1750 1808 1794 prodiit.
1836 1750 1881 1784 ab
1907 1761 2002 1784 anno

384 1814 478 1843 1500.
497 1820 612 1852 usque
631 1809 677 1843 ad
696 1820 726 1842 a.
746 1813 842 1843 1520.
861 1808 1061 1842 undeciens
1084 1808 1121 1841 in
1138 1811 1175 1841 4ὓ
1191 1808 1328 1841 librum
1347 1807 1464 1841 edidit
1482 1806 1613 1840 Matth.
1632 1806 1846 1840 Schurerius
1864 1806 2003 1851 Argen-

381 1866 504 1900 torati.
529 1865 671 1909 optima
700 1865 785 1898 sunt
815 1863 987 1907 exempla
1011 1863 1259 1906 Frobeniana,
1293 1874 1450 1907 quorum
1482 1862 1590 1906 plura
1622 1862 1750 1896 extant
1775 1873 1886 1905 quam
1910 1862 2003 1896 indi-

382 1921 480 1955 cavit
510 1921 652 1955 Panzer
676 1921 770 1954 Ann.
787 1921 866 1964 typ.
884 1920 926 1953 X.
944 1931 979 1964 p.
998 1923 1091 1961 327.;
1124 1919 1223 1953 mala
1255 1920 1340 1953 sunt
1369 1917 1691 1952 Francofurtensia
1722 1918 1855 1951 omnia.
1902 1917 2003 1952 Bene

383 1978 523 2012 faceret
547 1977 611 2021 qui
634 1976 771 2010 librum
795 1976 903 2010 docte
932 1975 1171 2010 emendatum
1196 1977 1420 2018 auctumque
1447 1974 1585 2008 ederet.

296 2038 333 2067 11
361 2037 410 2068 est
436 2034 524 2077 mos]
551 2032 634 2066 Non
660 2032 777 2066 solum
802 2043 898 2073 mos,
931 2031 995 2066 sed
1027 2031 1140 2065 etiam
1166 2031 1322 2064 Statutis
1353 2030 1524 2064 ordinum
1554 2030 1809 2074 praescriptum
1835 2030 1923 2063 erat.
1960 2029 2004 2063 cf.

384 2100 413 2123 e.
437 2101 490 2133 gr.
515 2088 662 2122 Statuta
692 2087 760 2121 fac.
786 2089 851 2122 art.
876 2088 1002 2122 Ubior.
1026 2087 1071 2121 de
1104 2098 1135 2121 a.
1163 2091 1257 2122 1522.
1283 2098 1361 2131 cap.
1379 2100 1426 2120 1x.
1474 2086 1528 2120 De
1561 2085 1810 2130 disputatione
1841 2084 1886 2119 de
1918 2096 2006 2129 quo-

384 2145 485 2178 libet.
535 2155 612 2188 cap.
630 2157 685 2177 xx.
711 2144 766 2178 De
791 2144 913 2178 studio
940 2145 978 2178 et
1002 2143 1265 2178 exercitatione
1291 2142 1623 2177 Baccalaureorum
1647 2141 1684 2174 in
1708 2141 1828 2185 primo
1853 2151 1959 2175 anno.

339 2201 479 2234 initiare
502 2200 629 2242 falcem
658 2201 732 2244 eta]
759 2200 803 2234 cf.
824 2200 869 2234 ad
895 2202 968 2234 24³.

297 2261 337 2290 13
363 2256 580 2300 disponant]
606 2256 682 2290 sich
704 2266 784 2290 zum
810 2256 1051 2299 Disputieren
1076 2256 1298 2289 anschiclseoz.
1331 2254 1375 2288 cf.
1395 2254 1441 2288 ad
1459 2256 1532 2288 66¹.

296 2316 338 2345 14
362 2313 630 2346 scommatizare
653 2312 750 2355 bene]
776 2312 895 2346 Hodie
921 2312 1057 2355 tz‘icletz'g]
1079 2311 1418 2352 71eruntermachen,
1449 2310 1649 2352 ctufziehen.
1697 2309 1863 2344 Verbum
1888 2309 2007 2352 (quasi

387 2366 512 2401 Graeee
544 2368 639 2401 esset
669 2369 961 2411 σκωμματίζειν)
992 2377 1066 2400 11011
1096 2367 1237 2400 habent
1272 2366 1524 2407 vocabularia;
1563 2365 1627 2399 sed
1662 2375 1797 2399 nomen
1833 2374 2005 2406 scomma,

386 2423 486 2467 quod
510 2423 604 2456 infra
635 2426 677 2467 p?
691 2425 801 2457 26821.
820 2424 936 2464 272²⁹‚
971 2422 1075 2466 quasi
1104 2423 1232 2466 primae
1265 2421 1523 2455 declinationis
1555 2422 1667 2463 esset,
1699 2421 1917 2465 usurpatum
1942 2421 2007 2455 est.

385 2478 486 2512 Infra
510 2479 611 2513 29123
635 2479 696 2513 vel
721 2478 954 2523 ‘scompisat'
988 2478 1205 2522 usurpatum
1231 2478 1302 2519 est⁷
1334 2488 1401 2521 pro
1436 2477 1666 2521 ‘scoptisat'‚
1699 2478 1742 2510 ut
1769 2487 1835 2511 nos
1860 2487 2007 2520 quoque

387 2534 542 2568 dicimus
566 2535 808 2578 scoptzfsieren.
857 2533 1026 2568 Graecum
1052 2535 1107 2567 est
1131 2530 1332 2574 σκώπτειν,
1360 2533 1424 2567 sed
1447 2543 1520 2567 non
1546 2534 1776 2574 σκωπτίζειν,

300 2595 339 2625 18
365 2591 459 2634 desp.
475 2617 499 2624 ..
517 2590 735 2635 Graecorum]
758 2590 850 2624 ‘Nos
869 2601 992 2624 sumus
1010 2589 1132 2623 Latini
1159 2589 1209 2633 [at
1228 2589 1385 2633 quales],
1407 2599 1481 2622 non
1503 2587 1620 2622 Graeci
1635 2590 1690 2622 ..’.
1715 2589 1884 2622 Hochstr.
1898 2600 2010 2633 supra

386 2659 421 2690 p.
441 2647 598 2680 75¹²-S‘1‘1·
627 2646 814 2681 ‘Graecum
837 2657 910 2680 non
935 2646 989 2679 est
1007 2645 1051 2679 de
1071 2644 1229 2679 essentia
1253 2656 1277 2678 s.
1296 2644 1503 2688 scripturae'
1529 2656 1564 2688 p.
1583 2645 1679 2678 204¹.
1704 2644 1769 2678 ubi
1796 2644 1866 2678 vid.
1884 2643 2008 2678 adnot.

301 2706 340 2736 19
368 2706 508 2736 nostras
531 2702 720 2746 scientias]
745 2702 891 2735 Revera
913 2702 994 2735 tum
1011 2700 1204 2735 Hebraicis
1227 2700 1361 2734 litteris
1377 2700 1536 2734 maxime
1562 2701 1715 2744 propter
1731 2699 2009 2734 cabbalisticam

389 2759 507 2792 artem
531 2757 731 2792 studebant
756 2757 964 2799 Christiani,
990 2758 1033 2790 ut
1055 2757 1134 2801 ipse
1161 2756 1274 2790 etiam
1298 2755 1540 2798 Reuchlinus,
1567 2756 1734 2800 quamvis
1758 2755 1832 2790 iam
1856 2755 1895 2789 in
1920 2754 2008 2799 Spe-

390 2814 471 2848 culo
503 2813 641 2847 oculari
672 2812 933 2847 Thalmudicos
962 2812 1093 2854 libros,
1132 2823 1222 2856 quos
1252 2823 1325 2846 non
1361 2808 1494 2856 legisse
1525 2812 1680 2854 fatetur,
1712 2812 1793 2845 tum
1823 2821 2009 2845 sacrorum

388 2869 588 2903 bibliorum
619 2869 763 2903 doctius
790 2868 1175 2913 interpretandorum,
1208 2869 1288 2901 tum
1314 2867 1529 2902 Christianae
1554 2867 1721 2902 veritatis
1746 2866 1858 2901 etiam
1883 2866 2010 2900 contra

389 2925 486 2968 ipsos
512 2925 653 2959 Iudaeos
678 2924 978 2969 circumspectius
1003 2923 1151 2958 tuendae
1169 2923 1486 2967 defendendaeque
1512 2934 1622 2957 causa
1638 2922 1907 2957 conservandos
1932 2932 2008 2956 esse

391 2980 571 3014 suasisset.
