2119 3522
264 184 357 231 632
697 193 961 219 ComOENTAmvs
984 191 1031 213 An
1055 191 1127 213 EPP.
1145 190 1176 212 o.
1192 190 1226 212 v.
1248 189 1326 212 vor..
1343 190 1366 212 1.
1391 188 1533 211 APPEND.

262 262 347 302 Pag.
371 259 432 295 ΤΟ.

261 319 304 348 20
321 312 461 356 predic.
480 310 524 344 de
546 308 692 353 vz'ryz‘n]
732 305 837 347 Quod
868 303 1035 347 sequitur
1065 302 1223 336 similem
1255 312 1276 335 a
1301 300 1449 334 Sanctio
1473 299 1595 334 Pansa
1625 298 1725 343 apud
1751 297 1972 332 Cervantem

351 367 487 400 dictam
512 363 734 398 sententiam
757 361 795 394 in
819 358 1037 393 memoriam
1061 359 1223 392 revocat.

263 429 302 458 22
328 424 412 458 benc
435 419 624 462 veneritis]
655 418 723 451 1701·
747 417 876 451 lcommt
899 415 971 448 mir
999 414 1110 448 schim
1134 415 1205 447 cm!
1253 413 1372 455 Quid?
1404 423 1472 457 per
1495 411 1597 445 vim?
1630 421 1721 454 quas
1746 413 1832 455 ego!
1873 410 1975 444 infra

352 481 399 521 (p.
419 480 482 510 442
492 478 534 518 2‘>
561 475 616 508 est
639 471 826 507 salut-andi
849 470 1018 512 formula,
1044 470 1299 511 willltommeoz,
1324 469 1442 503 salve!

261 540 303 570 ‘23
327 544 405 568 una
429 559 436 566 .
456 558 463 565 .
489 531 578 574 alia]
606 529 748 563 altera.
768 555 774 561 .
793 527 922 568 altera,
948 527 990 560 ut
1014 525 1134 560 solent
1159 524 1324 560 Obscuri.

262 594 303 624 ⁶25
327 590 429 622 intra
452 586 652 629 stinmlare]
680 583 891 624 einsteclsen,
915 582 1090 624 inserere,
1117 581 1287 615 condere.

262 650 304 680 26
329 644 432 679 dedit
460 653 591 677 ozommz
617 651 775 682 annum,
805 639 880 673 sire
906 641 945 672 ut
968 649 1000 672 v.
1015 642 1068 672 31.
1080 647 1151 681 pro
1175 647 1266 670 novo
1296 637 1414 681 anno]
1447 635 1626 670 Similiter
1656 635 1730 669 Ioa.
1748 635 1909 669 Niderus
1938 634 1976 668 in

351 698 555 733 Sermonib.
574 697 619 731 de
644 698 812 740 tempore
839 696 877 729 et
893 695 938 728 de
956 693 1091 728 sanctis
1114 704 1254 727 novum
1271 703 1409 727 annum
1425 692 1477 726 sic
1493 691 1718 736 gratulatur:
1746 690 1869 734 „Opto
1887 701 1976 734 ergo

350 755 461 790 hodie
486 764 553 798 pro
577 754 675 787 bono
702 762 797 786 anno
822 761 957 785 novem
983 761 1069 784 aves
1093 759 1229 783 novem
1254 748 1452 793 generibus
1481 747 1675 781 hominum
1699 757 1783 780 eum
1808 745 1882 779 suis
1906 745 1977 779 vir-

352 812 466 846 tuosis
491 809 802 854 proprietatibus,
835 818 925 850 quas
949 817 1017 850 per
1041 817 1179 840 annum
1203 805 1385 849 inspicere
1412 804 1566 845 debent,
1601 813 1691 847 quas
1722 813 1808 836 aves
1833 802 1916 846 cepi
1938 801 1978 835 in

351 866 519 901 rethibus
545 865 817 899 autenticorum
836 863 1028 897 doctorum
1054 862 1195 904 libris“‚
1220 862 1300 895 tum
1318 860 1433 895 donat
1451 865 1478 893 1.
1497 859 1713 893 filumenam
1731 858 1764 895 ,1,
1783 857 1978 892 lusciniam

353 923 468 964 clero,
495 926 525 955 2.
544 920 707 965 aquilam
733 918 944 953 doctoribus
971 919 1007 952 et
1032 917 1265 959 consiliariis,
1293 922 1323 951 3.
1342 917 1491 961 cignum
1516 915 1681 957 senibus,
1709 919 1739 948 4.
1756 913 1979 958 yrundinem

355 977 579 1023 coniugatis,
613 980 642 1010 5.
658 976 843 1009 turturem
867 974 1004 1016 viduis,
1037 977 1066 1008 6.
1084 984 1193 1018 apem
1218 972 1439 1017 virginibus,
1474 976 1503 1006 7.
1521 982 1651 1016 gruem
1682 969 1830 1004 famulis
1855 970 1894 1003 et
1917 981 1979 1003 an-

354 1035 463 1075 cillis,
497 1037 527 1068 8.
545 1032 815 1066 nocticoracem
839 1030 1110 1075 penitentibus,
1144 1034 1173 1063 9.
1192 1028 1365 1073 regulum
1389 1028 1524 1072 parvis.
1573 1026 1626 1061 Cf.
1644 1026 1820 1061 Rieclerer
1843 1025 1980 1060 Nachr.

355 1101 383 1125 z.
401 1088 676 1133 Ke'rehevyesch.
695 1087 757 1121 IV.
773 1099 808 1131 p.
828 1091 880 1121 39.

272 1151 314 1181 27
339 1147 456 1180 tribus
480 1145 610 1188 bursis]
638 1143 689 1178 Cf.
708 1143 787 1177 Ind.
805 1143 922 1187 biogr.
940 1154 975 1186 p.
995 1146 1069 1177 325.
1088 1153 1139 1185 sq.
1159 1142 1226 1175 art..
1244 1140 1369 1175 Bursae
1394 1139 1742 1184 Heidelbergenses

309 1201 473 1236 moderni
498 1204 529 1234 et
554 1200 713 1244 [antiqui]
739 1198 985 1232 nominalistae
1011 1199 1049 1231 et
1072 1197 1241 1231 realistae.
1268 1196 1312 1230 cf.
1329 1197 1420 1230 47¹⁵.

266 1263 308 1294 ‘28
333 1257 549 1300 ›satem-nune]
583 1255 795 1298 ⁷‚Saturnus
828 1255 953 1288 autem
985 1253 1140 1298 frigidus
1167 1254 1204 1287 et
1234 1253 1350 1287 siccus
1382 1251 1552 1286 effective
1571 1266 1578 1285 :
1597 1252 1688 1286 facit
1715 1253 1846 1286 natum
1876 1263 1983 1285 suum

356 1312 640 1347 melancolicum
659 1325 666 1344 :
685 1311 830 1344 tristem
851 1324 857 1343 :
878 1311 915 1343 et
939 1311 1063 1343 mente
1091 1320 1243 1354 gravem
1262 1322 1269 1342 ε
1289 1308 1552 1342 discoloratum
1571 1322 1578 1341 :
1598 1309 1636 1342 et
1659 1308 1802 1341 fuscum
1821 1321 1828 1341 :
1846 1317 1984 1351 paucos

355 1370 450 1414 pilos
480 1369 517 1402 in
548 1368 665 1401 barba
695 1367 897 1401 habentem
917 1380 924 1399 :
943 1366 1119 1399 miserum
1138 1379 1145 1398 :
1164 1364 1261 1399 male
1287 1365 1463 1399 vestitum
1482 1377 1489 1397 :
1509 1374 1662 1397 avarum
1681 1377 1688 1397 ε
1707 1363 1841 1397 durum
1860 1377 1867 1397 :
1887 1363 1984 1408 cogi-

358 1425 561 1459 tationibus
585 1424 738 1468 plenum
758 1437 764 1456 :
784 1424 926 1456 statura
957 1421 1230 1465 aliquantulum
1262 1421 1497 1454 incurvatum
1516 1434 1523 1453 :
1543 1419 1766 1453 ambulando
1799 1419 1924 1453 oculos
1948 1420 1988 1453 et

359 1493 419 1516 eos
444 1480 595 1525 quidem
620 1489 753 1523 parvos
780 1479 1008 1512 extrinsecus
1033 1477 1238 1511 eminentes
1263 1477 1301 1510 in
1331 1478 1470 1510 terram
1501 1476 1800 1518 submittentem,
1832 1485 1985 1518 corpore

358 1548 525 1572 macrum
544 1550 550 1570 ε
571 1535 716 1569 Siccum
735 1548 742 1568 :
761 1534 911 1579 ingenio
942 1534 1091 1575 rudem⁷
1128 1534 1209 1567 tum
1243 1533 1341 1567 circa
1375 1533 1473 1566 artes
1503 1532 1596 1566 viles
1628 1532 1665 1566 et
1700 1541 1833 1576 graves
1863 1531 1986 1574 (cuius

358 1593 460 1628 modi
476 1593 562 1626 sunt
577 1593 716 1626 terram
733 1590 860 1625 fodere
880 1604 886 1623 :
906 1590 1025 1634 ripam
1043 1589 1177 1624 ducere
1197 1603 1204 1623 τ
1222 1589 1366 1633 lapides
1392 1588 1560 1632 sculpere
1579 1601 1586 1621 :
1607 1587 1735 1621 domos
1753 1588 1964 1621 construere
1979 1613 1987 1621 .

359 1649 534 1684 nimirum
559 1647 741 1691 siquidem
771 1647 809 1680 in
835 1646 1062 1691 agricultura
1086 1656 1128 1679 ac
1158 1645 1296 1690 pulcris
1321 1644 1470 1679 edifitiis
1495 1643 1717 1688 delectatur)
1748 1643 1925 1677 callidum
1951 1644 1989 1677 et

361 1706 535 1745 astutum,
562 1715 635 1738 non
661 1703 839 1737 audacem
864 1703 901 1735 111
927 1702 1034 1736 factis
1052 1716 1059 1735 :
1079 1701 1143 1735 sed
1167 1698 1446 1746 pusillanimum
1465 1714 1472 1734 :
1490 1699 1599 1734 utilia
1623 1699 1878 1734 consulentem
1895 1713 1903 1733 ε
1921 1710 1988 1743 per

361 1761 481 1796 varias
506 1762 622 1794 terras
646 1759 950 1803 peregrinantem
970 1772 976 1791 :
996 1758 1060 1791 sed
1085 1768 1291 1791 venenosus
1310 1758 1364 1790 est
1390 1757 1427 1790 et
1450 1755 1618 1800 proditor
1636 1769 1643 1789 ε
1663 1755 1843 1790 obnoxius
1861 1769 1868 1789 :
1887 1765 1988 1789 men-

361 1818 433 1852 dax
451 1831 458 1850 :
477 1816 589 1850 falsus
608 1830 614 1849 :
633 1815 692 1849 fur
711 1829 717 1848 :
737 1816 898 1849 secretus
917 1828 924 1847 :
945 1815 983 1847 et
1008 1824 1177 1847 sermone
1195 1824 1298 1847 rarus
1317 1839 1324 1847 .
1344 1840 1350 1846 .
1370 1816 1409 1846 .“
1443 1811 1714 1856 Chyromancia
1738 1811 1899 1845 doctoris
1915 1810 1988 1844 An-

362 1874 449 1907 dree
474 1872 638 1908 Heni-ici,
665 1870 845 1912 (Francos.
864 1870 911 1904 ad
937 1870 1004 1904 Od.
1023 1880 1090 1914 per
1116 1869 1277 1903 Iohanne
1302 1868 1466 1903 hanauisi
1491 1872 1587 1902 1514.
1604 1869 1666 1911 4⁰.)
1691 1880 1726 1912 p.
1746 1866 1816 1911 Gij
1828 1874 1852 1901 ἃ.

273 1936 315 1966 ‘29
340 1942 366 1965 s.
387 1929 570 1972 Thomam]
598 1926 650 1961 Cf.
668 1926 746 1960 lud.
764 1926 882 1971 biogr.
900 1938 936 1970 p.
955 1930 1031 1960 383.
1050 1937 1102 1970 sq.
1122 1926 1189 1959 art.
1208 1924 1368 1959 Thomas
1385 1924 1560 1969 Aquinas.

273 1992 315 2022 30
343 1985 523 2029 &epulata
550 1987 582 2017 et
606 1982 795 2028 Reparat]
822 1982 866 2017 cf.
885 1982 932 2016 ad
958 1983 1046 2017 17²⁴.

318 2053 431 2077 unum
450 2051 607 2084 puerum
633 2041 707 2084 etex]
735 2039 840 2081 Quod
865 2038 910 2072 de
930 2037 1147 2082 Ganymede
1171 2038 1206 2071 h.
1224 2037 1248 2072 1.
1264 2037 1414 2082 legitur,
1441 2038 1570 2082 aperte
1589 2037 1741 2082 quidem
1766 2048 1812 2072 ex
1828 2036 1991 2082 quodam

363 2096 629 2132 commentario
655 2095 701 2129 ad
726 2095 818 2129 Aen.
836 2094 862 2129 Ι.
882 2098 934 2129 38.
954 2095 965 2138 (
975 2122 982 2129 .
1001 2121 1008 2128 .
1026 2094 1125 2138 rapti
1151 2093 1377 2137 Ganymedis
1402 2093 1575 2138 honores)
1600 2094 1790 2138 sumptum
1822 2094 1894 2136 est,
1925 2092 1991 2127 sed

363 2152 575 2188 Torrentini
587 2151 644 2196 [ef.
655 2151 733 2185 Iud.
746 2151 862 2196 biogr.
875 2151 910 2184 11.
923 2151 1003 2195 art]
1017 2150 1064 2184 ad
1074 2150 1243 2185 Aeneida
1260 2150 1547 2184 commentarius
1560 2161 1751 2194 nunquam
1765 2149 1865 2194 quod
1878 2149 1991 2183 sciam

367 2209 504 2250 editus,
531 2209 621 2252 puto
639 2218 708 2241 nee
726 2207 883 2251 scriptus
901 2208 973 2249 est,
1002 2207 1040 2240 et
1056 2207 1094 2239 in
1115 2206 1193 2240 eius
1211 2206 1487 2240 commentariis
1505 2206 1654 2249 (misera
1671 2205 1926 2249 adnotatione)
1945 2204 1992 2239 ad

367 2265 512 2309 eclogas
537 2264 575 2297 et
599 2264 645 2297 ad
663 2263 837 2308 georgica
853 2262 946 2296 nihil
964 2262 1041 2296 eius
1058 2262 1159 2296 modi
1177 2263 1248 2304 est3
1274 2273 1396 2305 neque
1421 2262 1459 2295 in
1485 2262 1563 2296 eius
1579 2261 1802 2304 Elucidario,
1827 2261 1893 2295 ubi
1913 2261 1992 2295 haec

366 2322 530 2356 tantum:
559 2318 819 2362 „Ganymedes
844 2318 941 2352 filius
966 2318 1070 2352 Trois
1094 2318 1192 2362 regis
1209 2317 1319 2363 Troie
1345 2317 1391 2352 ob
1418 2317 1675 2351 admirandam
1698 2316 1992 2361 pulcritudinem

367 2388 471 2411 suam
494 2375 623 2419 raptus
649 2374 693 2408 ab
720 2374 845 2418 aquila
876 2375 914 2408 et
937 2374 1115 2418 pincerna
1138 2373 1235 2407 Iovis
1258 2373 1422 2407 faetus‘ss.
1453 2373 1547 2407 niliil
1570 2373 1623 2407 ibi
1648 2373 1693 2408 de
1719 2373 1805 2407 vino
1831 2374 1870 2407 et
1893 2384 1992 2408 cere-

367 2432 461 2467 visia
490 2432 528 2465 et
559 2429 659 2464 dulci
687 2430 779 2473 potu
811 2429 856 2464 de
887 2429 1056 2464 lac-aritio
1083 2430 1287 2473 (nectare).
1334 2429 1477 2464 Similia
1507 2429 1584 2464 fere
1614 2429 1730 2464 habet
1753 2429 1914 2464 Thomas
1946 2429 1993 2464 de

327 2513 335 2521 .
366 2487 522 2522 Walleis
539 2486 566 2520 Ι.
585 2497 613 2520 6.
632 2490 662 2520 2.

279 2551 320 2581 33
346 2543 532 2587 ἴασαι-1110]
568 2542 731 2576 Lcclcrc'tz.
781 2541 1025 2586 „Liquiritia‚
1052 2541 1274 2586 glycirrhiza
1301 2537 1545 2586 [γλυκύρριζα
1575 2541 1860 2587 γλυκύρριζον],
1899 2541 1994 2578 Gau.

368 2599 530 2644 reglisse.
556 2597 748 2643 Regolizia
764 2598 802 2631 in
819 2597 952 2632 Medic.
967 2597 1124 2632 salem.“
1151 2597 1386 2642 „Liriquicia‚
1404 2597 1426 2631 i.
1441 2609 1475 2641 q.
1492 2596 1690 2641 Liquiritia
1703 2625 1710 2632 .
1726 2625 1733 2632 .
1747 2625 1755 2632 .
1767 2600 1788 2616 “
1805 2597 1994 2644 Ducange.

370 2656 414 2690 cf.
433 2655 545 2689 etiam
570 2653 696 2688 Frisch
720 2664 800 2688 voc.
821 2654 984 2688 Lakritz.

281 2718 323 2749 34
350 2711 620 2755 z'ntevpretacz't]
659 2710 797 2753 active,
836 2711 879 2744 ut
909 2710 997 2744 763³.
1054 2708 1195 2754 Saepius
1231 2710 1285 2744 ita
1324 2710 1474 2744 ‘mirare
1501 2737 1509 2744 .
1527 2737 1534 2745 .
1554 2737 1561 2744 .
1586 2710 1811 2755 speculavit’
1841 2724 1872 2745 v.
1889 2721 1932 2746 36.
1958 2712 1997 2746 et

373 2767 550 2800 ‘minare'
578 2767 615 2800 et
640 2766 785 2800 similia.
817 2766 861 2800 cf.
879 2765 958 2800 Ind.
978 2766 1122 2800 verbor.

282 2829 324 2859 35
351 2823 473 2866 reales]
499 2821 667 2856 realistae.
694 2821 737 2855 cf.
756 2822 802 2855 ad
827 2834 862 2866 p.
880 2826 922 2856 47
935 2824 969 2855 ¹5.
1007 2821 1156 2857 Plenior
1181 2822 1237 2856 est
1259 2821 1425 2856 laudatio
1452 2833 1590 2865 eorum,
1617 2823 1681 2867 qui
1699 2823 1791 2857 sunt
1814 2823 1882 2857 sub
1907 2823 1996 2868 ipsis

373 2877 469 2911 Iovis
495 2877 674 2919 dominio,
708 2878 808 2922 apud
825 2878 972 2912 Henrie.
993 2877 1234 2921 Chyromanc.
1251 2878 1274 2912 l.
1293 2889 1321 2912 c.
1348 2905 1368 2921 ,‚
1381 2905 1388 2913 .
1407 2905 1415 2912 .
1434 2906 1441 2912 .
1460 2905 1467 2913 .
1485 2878 1655 2923 Iuppiter
1679 2889 1767 2913 vero
1793 2878 1935 2912 calidus
1959 2879 1998 2912 et

372 2932 545 2966 humidus
562 2932 685 2966 reddit
707 2934 813 2967 natos
830 2944 913 2968 suos
931 2933 1152 2978 sanguineos
1171 2947 1178 2966 ε
1196 2933 1323 2968 felices
1350 2935 1387 2968 et
1410 2934 1628 2977 fortunatos,
1654 2934 1839 2978 pulchros,
1865 2933 1969 2968 albos
1987 2947 1994 2966 :

374 2989 412 3023 et
435 2987 658 3021 rubicundos
682 2988 720 3021 in
751 2989 845 3023 facie
865 2990 1033 3023 :statura
1063 2999 1236 3033 proceros
1267 2991 1305 3023 et
1336 3001 1489 3034 corpore
1519 2990 1651 3034 plenos
1669 3004 1676 3024 :
1694 2990 1875 3024 habentes
1905 2988 1996 3023 duos
