2119 3522
598 210 649 232 ΕΡ.
667 208 692 232 1.
722 208 857 231 THOMAS
882 206 1236 230 LANGSCHNEYDERIVS
1261 207 1419 229 ORTVINO.
1771 185 1867 230 523

155 271 241 312 Pag.
260 268 295 304 4.
461 255 464 257 μ
1352 265 1438 305 Pag.
1453 266 1483 295 4.
1502 275 1531 294 v.
1546 271 1561 295 5
1580 288 1629 295 ...
1649 263 1733 304 Pag.
1749 264 1779 294 5.
1799 272 1828 293 v.
1843 269 1868 293 S.

154 326 197 357 28
221 323 340 357 tenuit
363 323 578 367 oppositum]
604 323 666 356 hat
695 321 909 364 H'idetpart
933 321 1114 365 gyehcdten,
1147 319 1377 353 adversarias
1400 319 1526 362 partes
1550 317 1666 352 tuitus
1691 316 1756 350 est.

153 383 196 413 29
223 379 319 413 dixit
338 379 434 422 quod
452 379 626 422 debemus]
654 377 712 411 Sic
729 377 806 411 fere
825 388 972 420 semper
991 375 1130 410 ‘dicere
1148 375 1277 420 quod'.
1309 374 1360 409 Cf.
1378 374 1456 408 Ind.
1475 373 1618 408 verbor.
1636 383 1715 406 voc.
1734 371 1868 406 dicere.

154 439 197 470 30
224 434 334 480 Quia]
361 434 453 469 Fere
477 435 701 479 perpetuum
727 433 783 467 est
807 433 849 466 ut
873 433 937 466 ubi
960 431 1270 476 philosophantur
1288 430 1460 472 Obscuri,
1487 430 1541 463 ita
1566 429 1670 473 quasi
1693 439 1791 462 nova
1815 427 1868 461 in-

245 490 387 535 ciperet
409 490 612 531 sententia,
644 489 864 534 argumenta
888 490 973 522 ante
999 487 1197 532 propositae
1222 487 1415 522 sententiae
1441 486 1620 520 adferant.

154 551 196 582 32
221 547 311 591 una]
336 546 434 580 Raro
460 545 613 580 Obscuri
644 545 697 579 ita
723 544 907 579 adiectivo
937 544 1120 578 numerali
1151 544 1251 577 recte
1277 543 1443 577 utuntur.
1491 541 1535 576 cf.
1553 553 1604 585 sq.
1625 555 1653 575 v.
1669 550 1710 575 37.
1738 543 1868 574 ‘unum

244 602 480 637 cantharum⁷
507 603 545 636 et
568 601 648 635 Iud.
666 601 809 635 verbor.
828 612 905 635 voc.
924 612 1027 634 unus.

153 663 196 693 :33
219 659 378 693 sumitur
396 668 467 701 pro
491 658 717 701 unoquoque]
743 657 926 702 significat
952 656 1173 700 quemlibet,
1201 666 1471 698 quemcunque.

197 715 372 759 mayz'stro
396 714 450 758 2722]
476 715 518 748 ut
542 713 762 748 Germanice
787 713 938 746 Meister
964 713 1002 745 in
1022 739 1027 745 .
1048 739 1054 745 .

152 774 197 805 34
219 781 283 804 seu
305 770 464 805 mechcm.
488 781 584 804 suzan.
606 781 667 804 seu
692 770 782 813 cast]
810 768 959 802 Scilicet
987 767 1152 801 liberalis
1184 766 1339 800 scientia
1363 767 1426 800 aut
1456 766 1626 799 inanibus
1658 766 1723 799 aut
1747 766 1869 809 capite

243 826 447 867 exercetur,
473 826 516 859 ut
532 825 642 870 volgo
660 824 833 858 studendi
851 823 1114 867 cogitandique
1132 823 1238 856 labor
1255 822 1473 865 Kopfarbeit
1493 821 1637 855 dicitur.
1677 822 1713 855 et
1730 821 1792 855 ille
1811 833 1869 854 ru-

243 882 371 915 sticus:
398 881 650 924 „Kopfarbeit
673 882 721 915 ist
744 880 894 914 sellu-ere
911 879 1050 920 Arbeit,
1076 879 1143 913 das
1160 879 1230 913 seh'
1251 879 1305 912 ich
1322 889 1368 911 an
1390 878 1527 911 meinen
1551 877 1729 911 ochsen‘f.
1772 877 1872 910 Infra

242 939 292 982 (p.
310 938 402 980 38¹⁹)
429 937 525 971 artes
549 937 587 970 in
612 936 846 971 mechanicas
872 936 910 969 et
932 935 1106 969 liberales
1131 935 1207 968 sive
1233 944 1339 967 veras
1364 933 1592 966 dividuntur.

153 998 195 1029 36
219 1005 328 1037 super
350 993 426 1037 hoc]
453 991 673 1027 Germanice
700 992 826 1034 clafe'c’r,
852 1001 933 1025 zum
956 991 1126 1032 Besa-eise,
1152 990 1282 1035 Beleye
1308 989 1432 1031 (lafz'ir.

199 1054 230 1085 et
256 1050 333 1094 ipse
350 1076 357 1084 .
376 1076 384 1084 .
401 1053 489 1084 tunc
509 1076 516 1083 .
533 1075 540 1083 .
555 1053 587 1083 ct
611 1060 709 1083 ‘tonus
727 1075 734 1082 .
753 1075 759 1082 .
779 1052 809 1082 et
839 1049 913 1091 ipse
931 1074 938 1081 .
957 1048 978 1091 .]
1004 1048 1047 1081 ut
1071 1046 1292 1081 Germanice
1318 1045 1429 1079 rudes
1452 1044 1686 1087 balbutiunt,
1724 1045 1802 1079 und
1835 1056 1872 1079 er

243 1133 251 1141 .
269 1133 276 1140 .
295 1106 344 1141 da
362 1133 369 1140 .
388 1132 396 1140 .
414 1105 493 1140 und
519 1106 618 1140 einer
636 1132 642 1139 .
662 1131 669 1139 .
686 1104 767 1139 und
792 1116 828 1139 er
847 1131 853 1138 .
874 1131 880 1138 .
929 1103 1067 1138 Similis
1093 1102 1343 1137 Obscurorum
1367 1103 1553 1146 perpetua
1577 1100 1743 1145 syntaxis
1769 1102 1832 1135 est.

198 1163 410 1207 Horatium]
438 1163 504 1196 art.
522 1163 621 1206 poet.
641 1175 670 1196 v.
684 1171 726 1196 52.
741 1174 787 1204 sq.
1513 1168 1520 1174 ·

536 1224 571 1252 et
589 1231 683 1252 nova
700 1220 852 1262 fictaque
872 1229 982 1261 nuper
1000 1218 1185 1250 habebunt
1202 1217 1310 1249 verba
1326 1217 1444 1256 fidem,
1460 1217 1490 1249 si

535 1277 660 1308 Graeco
680 1276 780 1308 fonte
799 1276 942 1316 cadent,
962 1285 1067 1317 parce
1085 1275 1224 1306 detorta
1242 1298 1249 1305 .
1265 1298 1271 1305 .
1287 1297 1294 1305 .

153 1336 194 1367 37
221 1331 511 1375 ‹tatuit-averunt]
537 1331 621 1365 Non
647 1330 766 1364 solum
782 1330 905 1364 verbis
928 1329 1075 1371 mirare,
1102 1328 1296 1370 admirare,
1323 1327 1387 1362 sed
1412 1327 1494 1361 aliis
1512 1337 1659 1371 quoque
1685 1327 1871 1371 deponen-

242 1387 342 1422 tibus
366 1387 494 1422 multis
519 1387 638 1421 active
665 1386 832 1421 formatis
857 1386 1013 1420 utuntur
1036 1384 1164 1420 nostri.

192 1444 357 1487 portavit
382 1444 427 1488 ei]
453 1443 684 1488 propinavit,
711 1443 852 1477 brachte
879 1442 969 1484 ihm,
995 1441 1103 1475 trank
1128 1441 1201 1475 ihm
1225 1450 1280 1474 zu.
1329 1440 1372 1473 cf.
1392 1450 1448 1483 ep.
1468 1439 1492 1472 Ι.
1512 1444 1541 1473 3.

153 1505 196 1536 38
220 1500 449 1544 cantharum]
484 1499 684 1534 ‘Cantarus
715 1499 771 1533 est
800 1509 864 1532 vas
895 1498 1096 1539 vinarium,
1130 1498 1187 1531 ein
1220 1497 1340 1531 lemme
1364 1496 1451 1530 oder
1476 1495 1535 1529 ein
1561 1495 1713 1530 becher'.
1763 1496 1871 1530 Gem-

243 1567 306 1590 ma
322 1569 355 1601 g.
372 1556 408 1590 h.
423 1568 456 1590 v.

200 1613 400 1657 Neubu1·9.]
433 1611 664 1657 Naumburg.
696 1611 740 1646 cf.
760 1613 825 1646 32⁰.

200 1680 260 1715 eqo
285 1669 362 1704 volo
388 1669 586 1713 expectare]
613 1667 966 1712 Triumphabundus
991 1667 1046 1701 sui
1071 1665 1355 1701 aestimationem
1379 1664 1526 1699 blandis
1544 1664 1667 1699 verbis
1692 1665 1873 1710 gestibus-

247 1736 318 1770 que
344 1725 450 1771 tegit.

155 1785 240 1826 Pag.
259 1782 296 1820 5.

158 1844 173 1873 1
194 1838 363 1882 parcatis
386 1838 488 1882 mihi]
514 1839 663 1873 veniam
688 1839 788 1883 peto,
815 1838 927 1872 liceat
950 1837 1057 1879 mihi;
1084 1838 1127 1871 ut
1151 1836 1241 1870 alias
1268 1838 1369 1870 ‘cum
1386 1834 1568 1876 licentia',
1596 1834 1661 1868 mit
1684 1833 1874 1878 Verymzsz‘.

201 1895 386 1939 birretum]
412 1906 438 1928 s.
455 1894 619 1929 biretum
644 1907 668 1929 s.
686 1895 860 1929 baretum
884 1894 1029 1936 nostris⁷
1055 1894 1248 1928 barretum
1273 1892 1336 1933 al.,
1369 1891 1499 1925 Italice
1525 1891 1698 1931 bero-etta,
1731 1889 1873 1924 Gallice

246 1951 356 1993 be'ret,
384 1949 604 1985 Germanice
631 1962 779 1995 quoque
797 1951 923 1985 Birret
949 1962 974 1984 s.
992 1950 1146 1991 Bam-et,
1177 1949 1300 1982 Illc‘itxe
1326 1948 1390 1982 mit
1408 1947 1581 1990 plastem,
1614 1946 1765 1990 eckisyem
1789 1946 1875 1980 oder

244 2008 399 2042 rzmdem
419 2006 570 2049 Declcel,
596 2018 617 2041 a
639 2006 770 2041 Latino
799 2007 971 2048 ‘biri-us',
1002 2006 1128 2041 Graeco
1152 2002 1303 2049 πυρρός.
1355 2003 1554 2045 ‘Biretum,
1583 2003 1641 2037 ein
1667 2003 1766 2048 byret
1789 2002 1875 2037 ode-1·

244 2063 454 2098 nachthub'.
505 2062 661 2097 Gemma
685 2075 718 2108 g.
736 2063 771 2097 h.
790 2076 822 2097 v.
849 2084 891 2087 —
922 2062 981 2097 Du
1002 2063 1126 2107 Gange
1151 2062 1185 2095 h.
1204 2073 1236 2095 v.
1257 2060 1490 2103 „Bu-retum,
1518 2058 1714 2103 capitium,
1742 2058 1874 2103 capitis

245 2120 414 2164 tegmen,
442 2118 584 2153 lineum
607 2120 736 2162 tenue,
764 2119 933 2153 strictum
958 2118 1077 2153 forma
1102 2118 1216 2162 ipsius
1242 2116 1383 2161 capitis.
1431 2114 1656 2149 Pontificum
1680 2115 1874 2159 proprium

245 2175 317 2209 fuit
334 2202 340 2209 .
360 2203 366 2209 .
386 2202 392 2209 .
410 2174 482 2209 fuit
506 2176 619 2209 etiam
637 2175 839 2210 Doctorum
858 2203 865 2209 .
885 2203 891 2209 .
911 2203 917 2209 .
947 2175 997 2209 At
1021 2175 1124 2209 Italis
1150 2183 1344 2208 commune
1369 2172 1440 2205 fuit
1457 2171 1627 2206 omnibus
1644 2172 1795 2215 tegmen
1815 2199 1821 2205 .
1841 2198 1847 2205 .
1867 2198 1873 2205 .

245 2230 335 2265 Erat
360 2241 447 2265 vero
465 2230 653 2265 Birretum
678 2232 833 2266 interius
858 2231 990 2276 capitis
1014 2231 1178 2276 tegmen,
1204 2230 1258 2263 ita
1282 2240 1393 2273 super
1410 2227 1588 2272 capitium
1606 2238 1734 2271 cappae
1753 2226 1873 2271 dispo-

246 2287 369 2329 situm,
395 2288 437 2321 ut
460 2298 534 2321 non
558 2287 650 2321 nihil
667 2300 778 2333 super
794 2289 967 2322 humeros
985 2287 1167 2322 deflueret
1185 2313 1191 2319 .
1212 2313 1218 2319 .
1233 2290 1269 2319 ⁵⁴.
1318 2284 1497 2329 Magister
1513 2284 1639 2317 noster
1655 2284 1778 2327 tangit
1794 2284 1874 2316 tan-

245 2344 326 2377 tum
342 2343 523 2377 birretum
542 2345 629 2388 (non
656 2344 811 2389 deponit
834 2343 1148 2384 reverentialiten
1175 2343 1217 2376 ut
1240 2354 1275 2386 p.
1294 2342 1363 2384 53¹)
1384 2339 1630 2374 amicabiliter
1655 2339 1731 2372 sive
1758 2340 1799 2372 ut
1822 2339 1873 2372 fa-

247 2399 350 2434 ciunt
374 2400 438 2443 qui
462 2411 553 2444 quos
578 2400 647 2434 sibi
672 2400 791 2445 gradu
815 2400 1008 2434 inferiores
1033 2399 1174 2433 habent
1199 2398 1372 2432 salutant.

157 2461 176 2491 3
201 2456 243 2490 in
264 2466 338 2490 uno
363 2455 541 2500 anhelitu]
567 2467 640 2491 uno
665 2456 813 2499 haustu,
842 2458 880 2490 in
907 2457 1020 2491 einem
1043 2455 1187 2497 Athem,
1213 2455 1302 2489 ohne
1327 2454 1547 2488 abznsetsen.

201 2511 387 2555 respondit
413 2512 446 2546 ei
469 2512 626 2557 fortiter]
658 2513 719 2547 hat
746 2513 813 2547 ihm
842 2513 963 2556 tapfer
986 2511 1265 2557 enyesprochen,
1297 2521 1365 2544 nec
1398 2509 1519 2543 minus
1549 2518 1617 2542 nec
1647 2507 1790 2541 tardius
1820 2507 1874 2540 in-

247 2567 454 2613 gurgitavit
477 2580 589 2612 quam
613 2569 688 2603 ille.

197 2634 267 2668 pro
290 2624 433 2668 honore]
461 2623 508 2658 ad.
532 2624 815 2669 significandam
839 2624 1126 2667 observantiam,
1153 2622 1414 2657 reverentiam.

158 2685 178 2715 4
203 2680 434 2724 Slesz'tarum]
462 2679 645 2715 Silesiacae
670 2681 831 2715 nationis
856 2681 932 2715 sive
959 2680 1219 2714 Silesiaoorum
1243 2679 1324 2712 tum
1349 2678 1527 2712 usitatum
1552 2687 1698 2711 nomen.

203 2736 289 2780 loeta']
314 2736 357 2769 ut
379 2746 446 2769 nos
470 2739 624 2778 mzmter,
649 2737 881 2781 anyehee'tert,
906 2738 997 2781 potu
1023 2735 1185 2777 excitati,
1211 2734 1376 2768 nondum
1402 2733 1504 2767 ebrii.

159 2797 180 2827 5
198 2792 390 2836 pulsatum
415 2791 464 2825 ad
490 2793 666 2837 resperas]
691 2802 758 2827 zm·
787 2792 820 2826 V
820 2804 918 2836 esper
943 2793 1109 2837 yelc'intet.

158 2852 178 2882 6
203 2858 380 2891 exponere
403 2848 567 2892 mentem]
594 2848 819 2882 sententiam
844 2849 920 2883 sive
946 2848 1161 2892 opinionem
1186 2846 1357 2881 scribere.

159 2909 177 2939 7
204 2904 303 2939 debet
319 2931 326 2938 .
342 2931 349 2938 .
366 2904 529 2948 scribere]
556 2904 703 2947 scribet,
728 2905 770 2939 ut
794 2905 915 2939 solent
930 2904 1047 2938 nostri
1062 2904 1229 2938 futurum
1246 2904 1394 2947 tempus
1411 2902 1538 2937 addito
1557 2902 1671 2936 verbo
1699 2901 1873 2936 ‘debere'

248 2960 420 3003 formare,
447 2972 484 2995 er
507 2961 584 3003 soll,
608 2961 704 2995 wird
727 2961 799 2994 mir
822 2961 910 2994 wohl
935 2961 1126 2995 schreiben.

158 3019 179 3051 8
203 3016 402 3061 veritatem]
429 3016 614 3061 quomodo
639 3027 696 3051 res
721 3027 808 3051 vere
834 3027 871 3050 se
895 3016 1044 3051 habeat.
