2119 3522
307 210 400 254 662
818 221 1081 244 conmmmmvs
1104 221 1150 242 AD
1175 222 1248 243 Err.
1266 222 1296 243 o.
1314 222 1346 244 v.
1371 222 1447 244 v0L.
1464 222 1501 244 11.

303 285 388 326 Pag.
412 283 500 319 195.

392 347 458 370 nos
487 335 686 369 metientes
715 332 918 368 adversarii
947 342 1120 377 spargere
1151 343 1225 366 non
1249 333 1490 374 verebantur,
1522 333 1559 367 in
1592 333 1672 368 tota
1696 334 1909 369 defensione
1933 336 2015 369 tum

390 392 570 425 librorum
587 390 822 424 Iudaicorum
846 389 927 423 tum
951 388 1007 422 sui
1031 387 1148 432 ipsius
1172 387 1250 422 eius
1267 388 1368 422 modi·
1385 388 1575 422 sordidum
1593 389 1788 423 consilium
1803 390 1914 424 fuisse
1939 401 2015 424 ma-

392 446 569 480 nifestum
586 446 651 480 est.
689 445 762 479 Sed
777 445 857 489 ipse
874 444 1100 479 Reuchlinus
1118 443 1279 487 (Defens.
1298 455 1328 478 a.
1350 448 1444 479 1513.
1462 456 1498 488 p.
1517 444 1581 488 Cb)
1608 446 1820 488 scripserat:
1846 472 1886 487 „.
1904 472 1914 480 .
1927 446 2018 480 licet

393 502 521 536 contra
545 512 606 536 eos
624 501 889 545 (Colonienses)
916 500 1194 535 evidentissima
1209 499 1369 544 suspicio
1394 500 1451 542 sit,
1478 500 1578 544 quod
1595 500 1676 534 auri
1701 501 1891 544 quaerendi
1907 512 2018 536 causa

392 558 515 602 spreto
545 557 722 602 magistro
748 567 859 600 quem
889 556 975 590 solis
999 555 1122 590 verbis
1151 555 1381 600 hypocritice
1406 556 1609 600 praeferunt
1641 555 1829 600 [Christo],
1861 557 1930 591 hoe
1954 567 2016 591 va-

391 614 617 648 framentum
642 612 687 647 de
710 612 814 646 libris
837 611 1042 647 iudaeorum
1067 611 1274 645 cremandis
1299 611 1594 656 excogitaverim
1610 639 1617 646 .
1636 615 1690 645 .“.
1738 611 1787 646 Et
1808 612 1883 646 iam
1907 612 2019 647 antea

393 669 514 712 (Oct-..5³
537 680 567 703 a.
588 671 699 712 1511.)
730 669 769 702 111
794 679 851 712 ep.
869 667 916 702 ad
948 666 1053 702 Conr.
1070 666 1194 701 Kolh'n
1220 666 1376 710 (Illustr.
1392 667 1478 701 vii-r.
1497 678 1581 712 epp.
1604 679 1688 713 pag.
1705 668 1801 712 p4b)
1836 667 2017 711 „Pfeffer-

392 726 486 759 korn
511 725 682 759 omnibus
707 724 847 759 viribus
872 723 993 758 adhuc
1018 723 1187 765 conatus,
1219 724 1262 757 ut
1286 724 1325 757 et
1348 723 1484 768 singuli
1507 722 1750 758 Hebraeorum
1773 723 1861 758 libri
1882 724 2018 768 praeter

391 781 510 815 solum
545 782 584 815 et
611 780 753 814 nudum
782 779 907 814 bibliae
932 780 1079 814 textum
1108 779 1448 821 concremarentur,
1480 778 1541 813 vel
1571 779 1695 823 potius
1726 779 1821 814 sicut
1846 790 1914 824 ego
1938 779 2018 824 ipse

391 837 590 871 somniasse
617 837 776 878 dicerer,
809 835 981 870 incendio
1006 835 1159 880 ignique
1190 834 1450 869 tantummodo
1483 845 1505 869 a
1531 833 1671 869 Caesare
1704 834 2019 870 demandarentur

389 904 464 927 non
495 894 623 928 secuta
654 892 890 934 executione,
927 892 970 925 ut
1001 891 1087 925 ante
1123 890 1264 925 scilicet
1299 891 1574 933 executionem,
1613 892 1643 925 si
1672 891 1890 926 mandatum
1924 891 2018 926 illud

392 960 480 984 auro
507 950 545 983 et
569 950 723 994 argento
749 948 870 993 gravi,
897 948 940 981 ut
962 947 1123 991 ipsemet
1146 947 1302 988 notavit,
1330 947 1529 990 aliquando
1551 948 1806 990 revocaretur,
1831 947 2018 992 particeps

393 1006 500 1040 fieret
525 1005 605 1039 auri
624 1033 630 1039 .
651 1008 709 1039 .“.

302 1066 344 1097 34
368 1062 471 1096 scrib.
496 1089 502 1094 .
523 1089 530 1095 .
554 1061 683 1105 latino]
709 1061 764 1094 Ex
794 1060 869 1094 ind.
887 1071 971 1094 scrr.
996 1059 1084 1093 satis
1118 1059 1261 1093 constat
1292 1057 1423 1092 Latine
1456 1058 1574 1092 editos
1604 1057 1844 1102 Pepericorni
1872 1059 2020 1093 libellos

393 1127 520 1151 omnes
544 1117 590 1151 ab
617 1117 698 1150 aliis
724 1127 768 1150 ex
795 1115 1015 1150 Germanico
1041 1114 1239 1148 translatos
1266 1124 1355 1155 esse,
1383 1115 1421 1148 et
1446 1112 1617 1148 Latinam
1641 1113 1917 1157 Defensionem,
1944 1116 2019 1158 qui,

392 1184 476 1207 cum
500 1173 577 1207 haee
605 1183 661 1216 ep.
680 1171 918 1213 scriberetur,
951 1170 1171 1205 novissimus
1196 1170 1492 1204 adversariorum
1523 1169 1672 1204 libellus
1698 1170 1794 1212 erat,
1826 1171 1975 1205 tantum
1999 1181 2022 1204 a

393 1228 614 1263 Germanica
637 1228 911 1272 Beschyrmzmy
941 1227 1125 1260 diversam
1157 1236 1251 1268 esse,
1284 1227 1327 1260 ut
1349 1226 1566 1270 utrumque,
1601 1226 1639 1260 et
1663 1225 1859 1260 Ortvinum
1891 1227 1929 1260 et
1952 1225 2021 1260 Pe-

392 1284 645 1329 pericornum,
678 1285 867 1318 auctorem
893 1294 975 1317 eam
1000 1282 1170 1316 habuisse
1197 1282 1386 1326 appareat.
1413 1283 1451 1315 et
1472 1281 1550 1316 haec
1582 1292 1729 1326 quoque
1759 1282 1842 1327 ipsa
1865 1283 2021 1317 auctori-

393 1342 459 1383 tas,
486 1341 528 1374 ut
551 1339 749 1374 recentiori
774 1339 956 1374 vocabulo
981 1339 1075 1381 utar,
1101 1337 1256 1383 physica
1279 1338 1425 1371 tantum
1451 1337 1527 1371 sive
1554 1338 1592 1372 et
1622 1338 1776 1382 physica
1807 1338 1845 1372 et
1875 1338 2020 1373 intelle-

395 1396 527 1431 ctualis
551 1396 643 1429 fuit:
672 1407 757 1430 nam
782 1396 881 1429 inter
911 1394 1089 1428 dramatis
1114 1404 1307 1438 personas,
1334 1393 1503 1438 quamvis
1534 1404 1607 1427 non
1639 1394 1676 1427 in
1703 1404 1859 1428 scaenam
1889 1394 2020 1438 prode-

394 1453 502 1486 untes
533 1452 841 1494 sermocinentur,
880 1450 993 1485 etiam
1022 1449 1230 1483 Arnoldum
1267 1451 1303 1484 et
1333 1449 1508 1484 Iacobum
1547 1451 1585 1484 et
1615 1449 1825 1484 Conradum
1856 1450 2020 1494 aliasque

394 1508 719 1542 reverendissimas
753 1507 1023 1542 dominationes
1055 1506 1186 1548 fuisse,
1218 1516 1293 1540 non
1323 1506 1434 1540 hodie
1460 1505 1610 1540 demum
1641 1505 1831 1550 cognitum
1863 1506 1928 1540 est.
1969 1505 2021 1540 Cf.

398 1566 510 1598 26625.
794 1562 798 1563 ⁷

306 1625 348 1656 35
373 1621 616 1665 alphabetum]
643 1621 687 1654 cf.
705 1632 740 1664 p.
758 1621 870 1654 21211.
896 1618 1083 1652 Arnoldus
1103 1618 1193 1662 [Ind.
1212 1629 1296 1652 serr.
1314 1629 1349 1661 p.
1370 1621 1421 1652 78.
1440 1629 1473 1651 n.
1491 1619 1551 1662 xr]
1570 1618 1747 1662 posuerat
1772 1617 2020 1662 ‘Alphabeta'

394 1689 430 1710 n.
447 1677 496 1721 pl.
515 1676 615 1721 quod
633 1676 873 1721 Florilegium
902 1675 992 1720 [Ind.
1011 1686 1096 1709 serr.
1121 1686 1155 1718 p.
1178 1678 1250 1707 111.
1269 1686 1302 1707 n.
1320 1675 1451 1719 xxxm]
1475 1674 1635 1716 deridet,
1663 1675 1700 1708 et
1725 1675 1853 1709 auctor
1875 1684 2022 1718 quoque

396 1733 503 1766 huius
529 1733 712 1778 epistolae,
739 1732 768 1766 si
793 1731 1088 1772 memoravisset,
1116 1730 1177 1764 vix
1202 1741 1276 1764 non
1302 1730 1498 1764 derisisset.

307 1791 394 1833 Pag.
413 1790 501 1827 196.

308 1850 322 1878 l
353 1845 478 1889 igitur]
506 1856 550 1879 ea
574 1846 619 1879 de
646 1856 765 1880 causa.

306 1905 326 1934 4
350 1902 557 1936 ecculm-ent
580 1912 615 1936 sc
640 1902 731 1946 ceam]
757 1901 834 1935 sive
861 1901 1110 1935 ‘occulerent'
1136 1900 1213 1934 sive
1241 1898 1505 1934 ‘occultarent’
1533 1899 1695 1934 voluerit
1726 1900 1900 1944 scriptor,
1930 1899 2024 1933 nihil

395 1956 561 1992 interest.
586 1959 760 1992 neutrum
784 1958 852 1992 hoe
880 1960 934 1991 ‘se
960 1957 1062 1991 cum’
1089 1956 1266 1990 admittit.
1293 1955 1335 1989 cf.
1354 1967 1390 2000 p.
1408 1957 1519 1990 26625.

307 2018 326 2047 .3
351 2013 488 2058 aliqui]
514 2013 556 2047 ln
586 2013 666 2058 ipsa
691 2013 843 2058 quidem
873 2012 1113 2057 inscriptione
1140 2011 1290 2056 (titulo)
1319 2011 1467 2045 nonnisi
1497 2011 1655 2045 Articuli
1687 2010 1783 2056 [Iud.
1808 2023 1893 2045 scrr.
1918 2023 1952 2055 p.
1972 2015 2022 2045 78.

397 2081 430 2102 n.
448 2070 508 2114 xm]
534 2069 690 2103 Arnoldi
714 2080 851 2104 nomen
874 2080 950 2113 prae
975 2080 1013 2103 se
1038 2068 1174 2111 ferunt,
1201 2067 1266 2102 sed
1292 2067 1414 2102 eidem
1438 2067 1604 2101 Arnoldo
1629 2078 1735 2101 suum
1760 2067 2025 2111 Hamlt-Spie-

397 2126 452 2169 gyel
477 2125 666 2160 dedicavit
688 2125 967 2170 Pepericornus.
1009 2124 1053 2160 cf.
1072 2124 1150 2158 Ind.
1170 2135 1255 2159 scrr.
1273 2136 1309 2168 p.
1326 2127 1379 2158 75.
1397 2135 1431 2157 n.
1449 2136 1524 2158 vm.

355 2181 523 2216 incentu-s
548 2185 597 2216 est
621 2182 812 2226 falsarius]
839 2209 860 2224 „
873 2209 880 2215 .
900 2209 907 2216 .
925 2193 1008 2215 cum
1033 2182 1160 2215 tamen
1178 2207 1185 2214 .
1204 2207 1211 2214 .
1229 2179 1443 2214 Erratorum
1461 2191 1610 2214 suorum
1630 2180 1697 2222 (ait
1714 2176 1937 2225 Groningus)
1954 2180 2025 2224 syl-

399 2248 484 2271 vam
508 2238 685 2272 trecentis
715 2248 812 2282 pene
836 2238 874 2271 in
899 2237 990 2271 locis
1018 2236 1091 2270 illis
1117 2236 1365 2278 exhibuerim,
1398 2236 1532 2280 quibus
1556 2236 1794 2271 innocentem
1816 2235 1939 2269 virum
1962 2236 2025 2270 ho-

400 2293 535 2327 stiliter
560 2293 847 2328 circunscribere
871 2293 1139 2327 nitebantur..
1158 2319 1182 2334 .‚
1210 2292 1407 2336 saepissime
1432 2291 1663 2336 interpellati
1688 2292 1726 2326 et
1748 2291 1958 2335 provocati,
1984 2292 2027 2326 ut

400 2360 460 2383 eos
484 2350 584 2384 locos
609 2349 809 2391 diluerent,
844 2349 996 2383 minime
1028 2347 1309 2392 responderunt.
1336 2358 1418 2382 eam
1444 2347 1490 2381 ob
1516 2357 1663 2381 causam
1689 2358 1815 2381 eorum
1840 2347 2026 2382 traductio

399 2406 578 2449 tanquam
602 2405 882 2449 perversissima
907 2405 945 2439 et
969 2403 1162 2438 calumniis
1186 2403 1351 2446 undique
1377 2404 1521 2438 scatens
1547 2413 1569 2436 a
1592 2401 1908 2437 reverendissimis
1931 2402 2025 2436 iudi-

400 2460 502 2495 cibus
532 2461 775 2506 ignominiose
807 2460 1053 2495 abiieiebatur
1075 2487 1081 2494 .
1101 2462 1157 2493 .“.
1219 2458 1272 2493 Cf.
1297 2458 1428 2503 Consp.
1453 2458 1614 2493 chronol.
1638 2470 1674 2503 p.
1694 2463 1768 2493 135.
1785 2458 1861 2493 Ian.
1880 2470 1909 2492 a.
1930 2462 2027 2494 1515.

398 2517 625 2551 Reuchlinus
653 2517 728 2552 iam
757 2518 796 2551 in
827 2516 931 2561 Spec.
951 2516 1042 2550 ocul.
1069 2515 1151 2559 (fol.
1168 2516 1453 2559 xm12...x1.1b)
1486 2514 1674 2549 obiecerat
1702 2526 1777 2549 mer
1809 2514 1957 2559 [imm0,
1984 2519 2027 2550 34

400 2574 558 2618 tantum]
577 2574 681 2608 dmm
697 2574 773 2608 vz'er
788 2574 868 2608 mul
885 2573 1039 2616 clreissiq
1054 2571 1321 2606 omnem-hainen
1338 2571 1423 2605 oder
1440 2571 1634 2615 Iziyinen‘ss
1659 2570 1704 2605 de
1722 2570 1855 2614 quibus
1871 2570 1972 2605 idem
1988 2570 2027 2604 in

402 2629 625 2664 Defensione
644 2641 710 2664 sua
727 2632 771 2673 (a.
792 2633 887 2665 1513.
904 2640 940 2673 p.
957 2627 1083 2671 Eii¹›):
1111 2626 1242 2670 „Vide‚
1262 2638 1336 2669 oro,
1363 2627 1496 2671 quibus
1514 2626 1718 2668 conatibus,
1745 2625 1878 2670 quibus
1894 2626 2025 2669 modis,

401 2696 474 2728 qua
497 2685 690 2728 industria,
717 2697 789 2730 quo
815 2684 985 2726 consilio,
1011 2684 1124 2717 immo
1150 2694 1222 2726 quo
1249 2683 1333 2717 dolo
1358 2683 1534 2717 adversus
1559 2693 1618 2716 me
1642 2681 1784 2716 bellum
1814 2681 2025 2724 instituunt,

402 2742 534 2776 ducem
558 2742 627 2776 sibi
653 2742 847 2787 elegerunt
872 2740 1054 2775 exercitus
1076 2739 1283 2773 Arnoldum
1309 2738 1354 2773 de
1372 2738 1537 2783 Tungari
1555 2766 1562 2772 .
1581 2765 1588 2771 .
1608 2740 1658 2772 .“.
1700 2736 1837 2771 Contra
1859 2737 1936 2772 haec
1958 2737 2027 2772 Pe-

403 2797 660 2841 pericorniana
676 2797 851 2833 Defensio
869 2799 919 2841 (p.
939 2797 1053 2838 12832)
1081 2794 1305 2829 ‘Arnoldum
1323 2795 1368 2829 de
1387 2794 1551 2839 Tungari
1568 2793 1797 2838 praecipuum
1822 2799 2027 2827 amatorem

402 2853 588 2887 veritatis‘
615 2854 795 2898 appellat,
816 2854 854 2888 et
876 2853 957 2897 ipsa
974 2852 1183 2899 (p.>170.sq.)
1203 2850 1396 2895 ‘capitalia
1413 2850 1583 2894 quaedam
1600 2848 1795 2885 mendacia
1811 2848 2025 2883 Reuchlini’

403 2909 615 2943 summatim
639 2911 828 2944 recenset..

313 2967 333 2998 9
361 2964 552 3009 Ονέύίηαιε]
584 2965 626 2998 In
656 2965 763 2999 huius
798 2976 871 2999 non
907 2965 1085 2998 honorem
1116 2962 1385 2997 Reuchliniana
1422 2963 1586 2997 defensio
1619 2964 1671 3005 (a.
1697 2965 1792 2996 1513.
1819 2973 1853 3004 p.
1878 2960 2026 2995 Eiii³...

402 3017 535 3063 Fiiib)
560 3020 713 3065 longum
739 3021 851 3065 caput
874 3020 989 3054 habet
1013 3019 1072 3063 (cf.
1089 3029 1200 3063 supra
1224 3018 1270 3053 ad
1296 3019 1405 3062 59³0),
1437 3018 1475 3052 in
1500 3029 1573 3063 quo
1597 3018 1695 3053 inter
1718 3016 1792 3052 alia
1816 3015 2027 3060 appellatur
