2119 3522
221 213 315 257 476
714 230 820 251 INDEX
844 228 1096 250 BIOGRAPBICVS
1121 229 1162 249 ET
1186 226 1426 250 ONOMASTICVS.

220 359 366 395 penem
406 344 616 393 significat.
640 347 817 380 ceterum
848 341 1088 391 Gregorium
1127 341 1330 391 quendam
1368 342 1572 392 quondam
1603 342 1926 393 Wimpinensem

221 399 461 450 discipulum
491 399 571 435 suis
603 398 802 436 coloribus
832 397 908 434 hoc
937 398 1024 434 10ου
1059 397 1226 447 depingi
1258 412 1339 434 11011
1371 403 1431 435 051
1462 398 1570 448 quod
1602 398 1842 436 dubitemus.

220 506 433 544 SPIEGEL,
466 498 655 543 Iacobus,
689 497 922 535 Selestanus
955 498 1000 534 ζ1.
1024 511 1058 534 e.
1083 497 1440 535 Schletstadiensis
1471 511 1506 543 p.
1523 503 1599 533 201.
1621 507 1717 531 v.113.
1740 511 1775 543 p.
1793 504 1857 534 2¹88
1871 496 1923 547 1ἱῖ),

220 556 314 592 iuris
353 555 560 604 utriusque
592 554 747 599 doct-or,
791 552 962 591 Caesaris
993 553 1264 599 secretarius‘,
1306 559 1349 590 ut
1386 554 1491 591 inter
1529 552 1827 592 Reuchlinistas
1866 555 1924 591 in-

220 612 391 661 scriptus
424 608 517 647 est‘.
568 609 663 646 Fuit
683 608 999 659 Wimphelingi²
1031 623 1079 646 ex
1110 622 1246 646 sorore
1268 607 1436 659 nepos³3
1470 615 1589 646 natus
1622 614 1682 646 est
1712 615 1826 659 patre
1856 609 1925 646 ho-

219 679 404 718 monymo
437 666 541 703 01103
572 679 724 702 annum
756 662 899 703 1482st
927 664 1101 703 Puerum
1141 665 1366 702 avunculus
1397 665 1568 702 Iacobus
1598 665 1927 716 Wimphelingus

221 722 530 760 Selestadiensis
560 721 704 759 litteris
727 727 846 771 atque
867 721 1044 758 moribus
1076 721 1236 772 optimis
1259 720 1444 767 erudivit,
1478 722 1560 771 qui,
1591 726 1635 758 111
1664 721 1789 771 ipsius
1811 721 1926 772 81110-

219 779 314 829 gelii
344 776 498 815 verbis⁵
528 783 636 824 utar,
670 806 715 823 „.
741 807 748 814 .
772 783 966 828 nepotum
996 791 1159 815 suorum
1199 790 1333 814 01113111
1365 789 1531 827 gerens:
1571 777 1611 814 id
1643 777 1751 827 quod
1783 777 1927 814 alienis

221 835 340 871 etiam
371 834 573 884 praestitit,
616 839 734 871 rectae
766 834 1032 870 institutionis
1062 833 1394 883 vigilantissimus
1425 832 1678 879 adhortator,
1712 834 1846 870 statim
1876 833 1926 871 ab

220 890 331 927 obitu
362 890 486 940 patris
516 890 605 935 mei,
638 888 775 927 Iacobi
806 889 1014 940 Spiegelii,
1048 890 1251 939 trigesimo
1282 889 1402 926 tertio
1434 889 1562 926 aetatis
1593 902 1674 926 suae
1705 903 1812 926 anno
1844 889 1928 926 vita

220 947 359 991 functi,
394 945 618 983 Selestadio
641 959 871 983 novennem
902 946 980 983 iam
1002 958 1076 991 me,
1112 945 1269 995 Spiram
1291 945 1343 982 ad
1373 957 1416 982 50
1438 951 1565 990 vocat,
1600 946 1640 982 in
1672 945 1758 982 aede
1789 945 1927 982 maiori

218 1000 322 1040 tum6
354 1003 676 1039 concionatorem
707 1015 852 1051 agens:
884 1000 951 1038 ubi
982 1001 1070 1047 1001,
1104 1007 1269 1051 propt-er
1288 1000 1493 1037 indoctam
1523 1000 1595 1038 sed
1617 1006 1820 1050 receptam
1840 1002 1925 1038 eius

218 1059 408 1108 temporis
440 1058 744 1103 institutionem,
778 1070 865 1108 quae
897 1071 979 1094 non
1010 1056 1286 1106 respondebat
1317 1057 1372 1101 ei,
1407 1057 1469 1093 cui
1501 1055 1574 1094 sub
1608 1055 1784 1094 Cratone
1815 1056 1926 1093 Hoff-

219 1128 366 1151 manno
398 1115 439 1150 in
471 1114 601 1164 patria
632 1126 898 1158 assueveram,
933 1113 1043 1150 1111110
1076 1113 1260 1163 profectu
1292 1118 1475 1162 accepto,
1509 1112 1643 1149 mittor
1672 1112 1723 1149 ad
1754 1112 1929 1149 vicinam

217 1169 561 1221 Heydelbergam,
594 1169 895 1206 barbarioribus
918 1169 1150 1207 Dialecticae
1181 1174 1302 1219 atque
1323 1167 1593 1218 Philosophiae
1616 1168 1928 1218 praeceptoribus

219 1240 382 1276 operam
415 1225 593 1263 daturus.
635 1225 737 1262 Nam
759 1226 828 1275 qui
858 1231 941 1262 tum
970 1225 1121 1275 ubique
1148 1225 1273 1262 ferme
1303 1224 1409 1261 ludis
1440 1230 1652 1274 praeerant,
1684 1224 1784 1261 nihil
1817 1230 1927 1261 tene-

218 1282 316 1319 bant
338 1282 517 1319 cultioris
548 1281 778 1327 literaturae,
812 1295 861 1318 ex
882 1294 994 1331 aequo
1025 1281 1256 1330 linguarum
1287 1280 1482 1330 imperiti:
1518 1310 1524 1317 .
1546 1311 1553 1318 .
1577 1280 1777 1330 Sophistae
1800 1286 1926 1326 erant,

219 1344 339 1388 atque
370 1338 437 1374 vix
466 1337 542 1374 hoc
573 1338 735 1374 nomine
767 1337 912 1387 digni.
937 1368 945 1375 .
969 1369 976 1376 .
1012 1336 1131 1374 Certe
1162 1342 1407 1374 contractam
1437 1342 1521 1374 tum
1552 1342 1674 1386 atque
1704 1335 1928 1374 imbibitam

217 1393 454 1439 barbariem,
479 1393 699 1443 quamlibet
721 1399 900 1438 conatus,
923 1399 1048 1430 totam
1071 1399 1256 1430 exc-utere
1280 1393 1447 1442 nequivi
1473 1424 1479 1429 .
1499 1421 1506 1428 .
1528 1421 1534 1428 .
1557 1392 1755 1429 Ioannem
1776 1392 1929 1429 Maium

218 1450 382 1487 fratrem
421 1463 551 1486 meum
588 1450 713 1487 literis
753 1449 905 1486 initiari
946 1463 1067 1499 quum
1106 1449 1288 1486 iussisset
1319 1448 1660 1498 Wimphelingius
1691 1448 1926 1493 avunculus,

220 1506 372 1544 decimo
411 1506 539 1544 aetatis
578 1519 673 1543 meae
712 1519 820 1543 anno
863 1511 1020 1551 natum,
1063 1518 1183 1555 quum
1224 1510 1351 1542 mater
1390 1503 1605 1542 delabente
1642 1517 1685 1542 10
1725 1504 1925 1550 familiari,

218 1568 389 1613 pertaesa
419 1561 648 1607 viduitatis,
689 1562 731 1599 in
763 1575 842 1612 qua
872 1567 931 1598 tot
961 1561 1078 1599 annis
1116 1566 1471 1611 perseveraverat,
1509 1560 1627 1597 alteri
1656 1560 1797 1597 marito
1829 1573 1926 1610 nup-

217 1619 351 1664 sisset,
385 1617 531 1656 accidit
560 1624 604 1655 ut
633 1623 716 1655 tum
746 1618 873 1667 magis
904 1617 1095 1655 florerent
1124 1616 1269 1663 studia,
1305 1630 1350 1654 30
1380 1622 1647 1667 praeceptores
1676 1617 1929 1654 iuventutem

220 1675 375 1712 doctius
406 1674 676 1720 instituerent,
710 1680 895 1711 nontam
926 1673 1094 1710 inludis
1127 1673 1333 1710 civitatum
1353 1672 1586 1719 minoribus,
1619 1685 1739 1723 quam
1765 1673 1808 1709 in
1829 1672 1928 1722 ipsis

219 1730 448 1768 academiis.
496 1730 721 1780 Utrobique
753 1743 847 1780 ergo
887 1743 969 1766 non
1000 1729 1243 1767 mediocrem
1266 1729 1404 1779 magni
1434 1728 1638 1779 profectus
1670 1741 1783 1779 spem
1813 1727 1930 1765 nobis

218 1786 441 1836 pollicitum
471 1786 652 1831 fratrem,
691 1785 803 1823 velut
835 1799 854 1823 e
885 1785 1017 1823 medio
1057 1799 1175 1823 cursu
1205 1784 1363 1835 abripui
1395 1798 1489 1835 ego,
1528 1790 1612 1822 tum
1648 1785 1689 1821 in
1723 1784 1816 1822 aula
1847 1784 1930 1822 divi

218 1842 486 1879 Maximiliani
518 1841 687 1879 Caesaris
719 1855 857 1892 agens,
891 1848 930 1879 et
961 1842 1083 1879 sacris
1107 1841 1273 1880 80110115
1305 1841 1528 1891 praefectus,
1562 1853 1683 1891 quum
1715 1840 1819 1878 forte
1849 1841 1928 1877 for-

217 1904 317 1936 tuna
354 1898 581 1936 subadiuva
619 1899 703 1935 sive
743 1903 956 1948 exceptore
997 1911 1156 1948 egerem
1199 1894 1393 1948 [enarrat,
1433 1902 1478 1934 ut
1516 1897 1651 1935 fratris
1689 1896 1931 1934 instituendi

219 1968 338 1992 causa
360 1954 541 1992 Lexicon
571 1955 668 1992 iuris
701 1954 775 1993 civ.
799 1960 1016 1992 contexere
1048 1950 1259 2004 coeperitl.
1312 1952 1446 2003 Quum
1476 1953 1600 2003 igitur
1629 1966 1652 1990 a
1680 1966 1743 1990 me
1773 1958 1931 2002 peteret

220 2010 270 2048 de
299 2011 362 2047 his
395 2010 568 2057 edoceri,
602 2023 720 2061 quem
751 2010 904 2048 sciebat
935 2010 1029 2047 olim
1061 2011 1102 2047 in
1134 2009 1350 2047 academiis
1383 2008 1610 2047 Germaniae
1642 2008 1930 2046 celebrioribus

218 2066 416 2117 'subingae
453 2072 493 2104 et
529 2065 719 2117 Friburgi
755 2066 913 2116 legibus
954 2080 1118 2117 operam
1156 2078 1346 2111 navasse,
1386 2066 1558 2103 Viennae
1597 2064 1771 2102 Austriae
1810 2065 1930 2102 etiam

218 2122 378 2173 publice
408 2123 650 2174 professum:
684 2123 799 2174 coepi
821 2124 863 2160 in
886 2123 1057 2173 gratiam
1078 2122 1340 2160 amantissimi
1371 2121 1504 2159 fratris
1528 2149 1538 2159 .
1563 2151 1570 2158 .
1597 2149 1603 2155 .
1627 2121 1782 2171 aliquot
1812 2133 1928 2158 voca-

309 2268 341 2307 1)
365 2268 469 2299 Hutt.
488 2267 579 2309 Opp.
598 2267 626 2302 1.
651 2278 682 2309 p.
703 2265 796 2302 1314.
934 2266 968 2307 2)
988 2267 1041 2299 sic
1066 2267 1225 2308 Riegger
1250 2266 1432 2301 Amoenitt.
1451 2265 1617 2306 Friburg.
1636 2275 1670 2306 p.
1688 2266 1766 2297 479.
1792 2269 1827 2297 et
1851 2265 1930 2306 ipse

308 2323 512 2364 Spiegelius
537 2323 845 2365 WVimphelingum
877 2322 1092 2354 avunculum
1124 2332 1224 2354 suum
1257 2322 1436 2362 nominat,
1469 2324 1509 2352 ut
1541 2320 1652 2352 etiam
1677 2331 1733 2361 ap.
1753 2320 1930 2352 Adamum

309 2378 418 2418 (Vitae
436 2379 555 2411 Germ.
575 2378 692 2410 ICtor.
710 2382 776 2411 etc.
793 2380 889 2410 1620.
908 2378 954 2410 80.
976 2389 1007 2420 p.
1021 2378 1091 2416 67.)
1111 2382 1147 2410 01
1164 2377 1402 2409 Burseherum
1421 2376 1698 2418 (Autographor.
1714 2375 1831 2417 spicil.
1845 2386 1929 2408 vul.

310 2435 409 2476 Lips,
429 2436 523 2468 1787.
542 2434 588 2466 40.
606 2446 637 2476 p.
655 2445 728 2466 xvi.
747 2434 832 2476 sq.),
860 2434 968 2466 iidem
993 2437 1115 2466 autem
1131 2433 1289 2465 Adamus
1310 2436 1346 2464 01
1362 2432 1585 2464 Burscherus
1603 2432 1708 2462 initio
1726 2431 1813 2463 vitae
1832 2430 1930 2472 81110-

309 2490 394 2531 gelii
418 2490 555 2521 habent
581 2490 703 2522 ‘Beati
716 2491 870 2522 Rhenani
894 2501 937 2522 ex
963 2500 1084 2522 sorore
1110 2488 1255 2531 nepos'.
1303 2488 1435 2529 Omne,
1463 2489 1494 2520 si
1514 2488 1599 2530 quid
1617 2493 1843 2529 superesset,
1871 2487 1931 2518 du-

309 2547 405 2578 bium
430 2546 564 2578 tollunt
581 2547 723 2578 Erasmi
747 2546 861 2578 verba.
887 2546 997 2588 „egit
1023 2545 1214 2577 Sletstadii
1236 2545 1274 2575 in
1300 2544 1438 2576 aedibus
1457 2543 1685 2585 Magdalenae
1710 2542 1860 2582 sororis,
1888 2552 1931 2574 ex

310 2613 381 2643 qua
405 2605 556 2644 nepotes
583 2602 670 2634 duos
689 2626 697 2634 .
718 2627 725 2634 .
746 2601 931 2643 relinquit.
966 2612 1114 2644 quorum
1138 2601 1294 2633 Iacobus
1321 2599 1542 2642 Spiegellius
1568 2599 1658 2631 ele.“
1689 2609 1769 2640 quae
1795 2599 1832 2630 in
1858 2598 1932 2640 epi·

310 2658 403 2690 stola
428 2658 525 2689 infra
551 2657 631 2697 (art.
649 2657 910 2699 XVimpheling)
936 2658 1091 2699 repetita
1117 2657 1297 2698 leguntur.
1419 2656 1453 2697 3)
1480 2656 1501 2690 i.
1521 2666 1551 2688 e.
1572 2656 1687 2697 Neffe,
1713 2665 1785 2687 non
1810 2654 1929 2688 Enkel.

310 2714 344 2754 4)
368 2713 556 2747 Burseher.
575 2713 598 2745 l.
620 2724 649 2746 0.
677 2715 807 2753 „circa
834 2724 866 2745 3.
888 2712 1011 2747 1493.“
1059 2713 1184 2746 Adam.
1204 2712 1226 2743 l.
1247 2722 1276 2744 0.
1297 2712 1332 2743 in
1351 2721 1463 2753 marg,
1484 2711 1588 2752 „Sub
1609 2721 1740 2742 annum
1756 2711 1854 2744 1483.
1870 2708 1931 2742 vel

311 2769 418 2810 paulo
444 2770 565 2810 post“.
620 2770 674 2800 Ex
705 2780 745 2801 eo
771 2769 864 2811 quod
891 2768 1097 2810 Spiegelius
1125 2769 1167 2800 de
1194 2778 1232 2800 se
1258 2768 1415 2800 novenni
1441 2767 1548 2806 dicit,
1576 2766 1726 2799 fecerim
1753 2766 1870 2797 ‘circa
1895 2776 1929 2798 a.

313 2822 428 2857 1487'.
485 2824 555 2855 Sed
587 2825 819 2857 scribendum
850 2835 931 2857 esse
964 2826 1060 2857 1482.
1089 2824 1194 2855 docet
1226 2823 1444 2865 subscriptio
1475 2822 1699 2855 monumenti
1730 2832 1750 2852 3
1780 2820 1930 2853 Denisio

314 2880 451 2920 (W'iens
468 2879 614 2911 Bzcelzdr.
632 2881 742 2921 903011.
760 2892 794 2922 p.
814 2882 890 2916 326,
913 2879 978 2922 sq.)
1003 2880 1152 2922 repetiti
1175 2880 1267 2912 haec:
1298 2880 1454 2912 Iacobus
1477 2878 1625 2920 Spiegel
1651 2877 1931 2910 Selestadiensis

312 2935 465 2974 dicauit,
492 2935 611 2967 aetatis
629 2946 691 2978 sue
710 2947 790 2971 ann,
809 2946 882 2968 LVI.
914 2936 1060 2969 Salutis.
1080 2946 1321 2976 M.D,xxxvnI.
1351 2935 1485 2966 Tecum
1502 2932 1683 2966 Habita“.
1787 2933 1821 2972 5)
1839 2942 1928 2974 prae-

312 2990 464 3022 sationis
487 2989 597 3022 lexici
614 2991 679 3024 iur.
696 2992 764 3023 civ.
782 2995 865 3033 post
879 2992 998 3024 locum
1016 2991 1114 3023 infra
1132 2991 1214 3032 (art.
1234 2990 1492 3032 XVimpheling.
1514 2993 1586 3022 not.
1607 2991 1636 3022 1.
1655 2989 1680 3024 i.
1699 2988 1739 3029 f.)
1758 2988 1930 3020 transcri-

312 3050 424 3089 ptum.
517 3045 550 3086 6)
571 3046 647 3087 „ab
665 3057 757 3079 anno
776 3047 902 3079 1494.“
923 3047 1115 3080 Burscher.
1136 3046 1158 3078 1.
1178 3057 1206 3078 c.
1225 3057 1260 3088 p.
1278 3056 1355 3079 XVI.
1376 3056 1419 3077 ex
1434 3044 1582 3080 Adamo.
