2119 3522
283 233 370 276 15ss

274 360 398 404 1523.

832 245 1040 267 coxspl-:CTVS
1064 243 1346 266 CHRONOLOGICVS
1372 231 1432 264 &C-

274 429 643 475 Sept.·24.Adrianus
681 427 763 463 PP.
795 426 867 463 VI.
899 426 1077 463 moritur.
1146 424 1336 474 Sequitur
1374 422 1561 461 Clemens
1592 423 1674 462 PP.
1705 424 1801 462 VII.
1834 424 1984 462 electus

274 570 394 615 1525.

273 682 393 725 1527.

272 754 346 786 Ian.
359 757 410 787 21.

272 815 397 859 1528.

272 886 410 931 Sept-‚5

272 1149 394 1192 1532.

270 1272 392 1315 1533.

269 1343 343 1377 Ian.
356 1348 404 1377 11.

269 1775 387 1818 1537.

266 1898 391 1941 1542.

267 1970 343 2003 Iun.
355 1975 406 2004 22.

268 2055 388 2098 1552.

441 496 478 534 d.
513 496 576 531 19.
608 493 711 530 Nov.

439 572 523 609 Ioa.
555 566 717 609 Kessler
746 568 831 608 ῒῑοη
859 572 980 606 huttnt
1009 566 1142 622 ἓσαηη
1172 566 1314 617 ἳῖυτῂῑί.

806 636 860 667 Ex
884 634 1034 667 Kessleri
1061 635 1234 667 Sabbatis
1259 637 1373 676 repet.
1399 634 1478 667 Ind.
1506 634 1620 676 biogr.
1649 645 1682 666 v.
1708 634 1899 666 Reuchlin.

441 751 708 789 Hoehstratus
740 750 905 787 moritur
937 748 1129 786 Coloniae.

440 886 596 923 Erasmi
618 885 708 922 Rot.
733 884 784 921 ad
804 870 1024 921 Martinlim
1044 882 1228 932 Lipsium
1258 884 1374 933 epist.
1409 882 1498 928 „Ut
1528 882 1624 919 mihi
1653 896 1735 920 non
1760 867 1897 933 potest.
1921 914 1928 921 .
1949 915 1955 920 .
1974 915 1981 921 .

439 952 518 990 Ubi
549 953 719 1002 primum
751 952 942 988 exiissent
975 950 1154 1000 epistolae
1178 948 1227 987 O.
1250 950 1300 987 V.
1326 980 1334 987 .
1359 980 1367 987 .
1393 951 1451 987 .“.
1503 950 1690 995 „Datum
1710 950 1881 987 Basileae
1902 951 1982 987 No-

438 1020 501 1056 nis
534 1018 736 1068 Septemb.
767 1018 889 1055 Anno
919 1018 1136 1054 Millesimo
1170 1017 1494 1068 quingentesimo
1526 1017 1720 1066 vigesimo
1753 1018 1937 1055 octavo.“

802 1084 906 1114 Hutt.
933 1082 1024 1124 Opp.
1051 1083 1096 1116 II.
1123 1093 1154 1124 p.
1180 1084 1256 1116 441.
1283 1092 1335 1123 sq.
1371 1087 1422 1113 n0.
1450 1081 1758 1116 CCCLXXXVII.

442 1149 556 1202 [Iusti
587 1150 727 1202 Menii]
759 1151 826 1189 Ad
856 1152 1103 1202 Apologiam
1134 1151 1247 1189 Croti
1277 1151 1455 1189 Rubiani
1486 1152 1709 1202 responsio.

804 1218 903 1252 Hutt.
933 1217 1022 1259 opp.
1047 1217 1096 1250 11.
1122 1228 1154 1258 p.
1181 1218 1389 1250 456..,465.
1414 1222 1463 1250 11⁰.
1492 1216 1810 1250 cccxxxxnn.

434 1343 625 1392 Agrippae
658 1356 679 1379 a
711 1342 964 1380 Nettesheim
1001 1343 1052 1379 ad
1086 1342 1265 1379 Coloniae
1303 1342 1520 1380 Senatores
1561 1348 1599 1379 et
1637 1343 1824 1380 consules
1863 1344 1981 1394 epist..

436 1409 675 1453 „Perlatum
707 1416 764 1447 est
796 1410 847 1447 ad
879 1423 994 1447 aures
1026 1422 1136 1447 meas
1161 1439 1168 1447 .
1195 1411 1243 1447 .“.
1305 1410 1403 1455 „Ex
1421 1410 1567 1447 Bonna
1588 1409 1812 1447 Vndecimo
1835 1410 1981 1448 Ianua-

434 1477 483 1512 rii
512 1476 634 1513 Anno
674 1478 823 1514 1533.⁴‘

804 1542 914 1575 Henr.
941 1543 1048 1575 Corn.
1074 1543 1244 1585 Agrippae
1277 1543 1321 1574 ab
1353 1542 1589 1583 Nettesheym
1619 1542 1710 1584 Opp.
1737 1553 1822 1584 pars
1847 1545 1981 1584 poster.

868 1598 983 1640 Lugd.
1009 1609 1073 1639 per
1098 1599 1273 1640 Beringos
1299 1599 1444 1630 fratres.
1474 1609 1501 1629 s.
1529 1609 1561 1630 a.
1593 1598 1638 1630 80.
1670 1609 1703 1639 p.
1731 1601 1980 1631 1033...1045.

869 1655 1067 1695 Epistolar.
1094 1654 1172 1685 VII.
1200 1655 1253 1685 26.
1304 1654 1359 1685 Cf.
1385 1655 1481 1686 infra
1506 1654 1582 1686 Ind.
1609 1654 1724 1696 biogr.
1751 1664 1778 1686 s.
1806 1665 1837 1686 v.
1864 1654 1982 1686 Aesti-

870 1712 1096 1751 oampianus

437 1779 709 1828 Epistolaruxn
741 1779 999 1816 obscurorum
1028 1780 1205 1816 virorum
1235 1780 1268 1815 I.
1300 1780 1366 1816 49.

802 1846 904 1878 Hutt.
931 1845 1023 1886 Opp.
1049 1844 1110 1876 VI.
1136 1856 1169 1886 p.
1197 1846 1359 1877 77...79.

436 1968 629 2007 Ortvinus
662 1969 826 2007 Gratius
859 1971 1027 2008 moritur
1058 1969 1250 2008 Coloniae.

433 2059 757 2096 Melanchthonis
789 2059 928 2097 Oratio
969 2061 1182 2097 continens
1219 2059 1428 2097 historiam
1461 2059 1683 2110 Capnionis
1721 2060 1976 2107 Phorcensis,

434 2127 601 2163 recitata
631 2141 654 2164 a
684 2127 801 2164 Mart.
835 2127 998 2164 Simone
1029 2126 1433 2177 Brandenburgensi.
1492 2127 1739 2178 WVitebergae
1773 2128 1892 2165 1552.

801 2192 872 2223 vid.
898 2193 975 2225 Ind.
1002 2193 1193 2234 biograph.
1218 2203 1295 2223 voc.
1323 2192 1594 2227 Melanchthon,

433 2357 488 2388 Ad
513 2368 547 2398 p.
574 2360 647 2390 136.
678 2369 734 2390 vv.
761 2362 838 2390 .3..
857 2362 886 2391 6.
916 2360 1161 2391 adnotandum
1196 2365 1275 2392 erat
1306 2361 1499 2402 epistolam
1525 2361 1634 2393 Cordi
1666 2361 1712 2392 ad
1737 2361 1977 2394 Reuchlinum

434 2424 525 2444 anno
560 2415 654 2445 1517.
682 2415 802 2455 potius
834 2425 939 2456 quam
971 2426 1064 2447 anno
1092 2418 1188 2448 1515.
1217 2417 1495 2449 adscribendam
1526 2418 1652 2450 videri.
1699 2428 1783 2448 nam
1816 2429 1848 2449 a.
1876 2420 1974 2450 1515.

435 2468 570 2500 Cordus
601 2470 735 2511 Lipsiae
769 2470 936 2505 docebat.
990 2473 1120 2513 Itaque
1152 2484 1185 2514 p.
1215 2475 1288 2504 142.
1323 2477 1404 2514 post
1434 2484 1467 2508 v.
1494 2476 1526 2505 3.
1558 2474 1622 2505 illa
1654 2474 1811 2515 epistola
1843 2485 1975 2506 memo—

433 2526 507 2556 rari
531 2525 693 2557 debetat.
