2119 3522
541 198 706 221 ADDENDA
733 200 772 220 ΕΤ
798 198 1008 221 EMENDANDA
1033 198 1079 221 AD
1105 200 1203 221 HVTT.
1222 200 1293 222 OPI'.
1319 199 1396 221 VOL.
1414 200 1436 221 l.
1751 182 1842 226 791

132 328 283 352 morum
333 316 499 366 singulis
538 329 684 366 magno
731 315 917 365 preconio
957 314 1249 352 celebratorum
1287 315 1491 352 hominum
1524 315 1563 352 si
1602 313 1843 365 cotigissent,

133 370 309 407 omnium
341 373 379 408 se
409 372 614 410 fortunam
645 376 835 421 putarent
866 372 1115 421 exuperasse.
1177 370 1287 421 Quin
1326 371 1457 421 potius
1488 371 1548 409 his
1578 371 1775 409 uniuersis
1807 378 1845 409 te

131 427 322 464 maiorem
354 428 584 465 existimans
614 427 883 478 pientissimus
904 427 1042 473 Pater,
1076 427 1185 477 apud
1216 429 1255 464 se
1285 428 1456 465 maxime
1487 428 1664 465 omnium
1691 440 1845 478 aequam

130 483 209 520 tuis
242 483 581 533 superillustribus
613 483 646 521 Sc
676 483 845 520 heroicis
883 482 1098 520 uirtutibus
1136 483 1362 520 mercedem
1392 483 1596 534 applicare
1627 484 1844 522 constituit.

131 538 184 575 Et
215 551 302 588 quae
333 545 508 577 meretur
537 538 787 577 incredibilis
818 539 973 589 ingenii
1003 539 1062 576 tui
1093 539 1348 589 magnitudo,
1390 539 1712 590 frequentissima
1743 540 1842 590 opti-

131 607 284 631 marum
323 595 469 632 artium
506 596 760 641 exercitatio,
803 595 1025 632 doctissima
1062 595 1184 631 totius
1219 596 1337 632 sacrae
1367 595 1580 645 theologiae
1610 595 1748 646 iurisq3
1781 610 1842 633 eo-

132 650 278 699 gnitio,
327 649 461 701 elegas
509 651 671 689 dicendi
713 650 978 696 consuetudo,
1028 651 1232 700 praecipua
1271 650 1433 701 religit),
1482 651 1515 688 ἅ
1553 652 1730 688 011111111111
1769 665 1844 701 que

131 705 306 743 moribus
344 706 629 744 laudatissimis
661 707 813 752 insunt,
854 706 1024 754 pfectior
1055 706 1277 743 moderatio
1315 704 1362 743 eu
1405 707 1555 744 summa
1592 706 1844 745 humanitate

133 761 385 813 disciplineqs
416 763 547 800 studio
579 763 611 800 ἃ
642 762 768 799 solida
798 761 1034 811 prudentia,
1067 761 1141 798 tibi
1170 759 1294 811 inqua
1319 762 1411 808 tibi,
1445 760 1511 799 oia
1533 775 1580 800 ea
1600 768 1709 813 tueq3
1732 776 1842 813 egre—

131 818 206 867 giae
246 820 401 868 semper
443 832 539 868 erga
577 817 725 855 Sedem
755 817 1029 867 Apostolicam
1070 818 1326 855 uenerationi
1364 818 1442 854 iam
1481 818 1640 856 deferre
1679 832 1724 855 ac
1754 819 1842 856 red-

132 874 227 911 dere
257 874 404 919 uoluit,
438 874 471 911 ὦ
502 887 579 924 quo
611 874 678 911 uel
709 873 881 924 amplius
913 873 979 911 uel
1009 873 1138 910 maius
1168 872 1310 910 habuit
1331 877 1490 924 prorsus
1511 874 1613 911 nihil
1636 880 1742 912 certe
1764 888 1843 911 am-

130 929 313 980 plissimis
341 930 419 967 tuis
449 930 599 968 meritis
620 928 936 967 cardinalatum
964 929 1142 979 ingenue
1169 929 1320 979 largiri.
1380 929 1478 967 Haec
1516 931 1605 966 sunt
1640 928 1843 981 sanctim&¹

57 986 209 1023 (mniae
239 986 420 1036 praemia,
455 986 663 1035 castissime
694 986 806 1031 uitae,
840 985 1047 1035 puritatis,
1082 985 1341 1031 innocentiae,
1376 985 1427 1022 ad
1449 998 1567 1035 quam
1595 985 1644 1023 ab
1677 986 1841 1024 incuna-

128 1041 235 1080 bulis
258 1042 290 1079 &
312 1042 335 1079 a
365 1043 516 1080 teneris
548 1041 777 1091 unguiculis
800 1042 949 1091 optima
980 1040 1209 1078 eruditione
1241 1041 1436 1078 formatus
1469 1055 1530 1088 es,
1564 1041 1597 1078 8:
1625 1042 1842 1081 institutus,

129 1098 227 1136 Haec
257 1099 479 1149 incorrupti
511 1098 633 1136 animi
655 1098 712 1135 tui
735 1110 922 1143 munera,
956 1097 1195 1135 uerecundae
1219 1097 1503 1147 benignitatis,
1537 1097 1740 1135 modestiae
1763 1098 1838 1135 sin-

130 1154 299 1204 gularis,
335 1154 367 1191 ἃ
398 1154 564 1192 urbanae
595 1154 804 1192 comitatis.
864 1153 962 1190 Haec
992 1152 1188 1190 bonitatis
1218 1158 1296 1190 tuae
1326 1153 1524 1204 trophaea,
1558 1154 1627 1203 qui
1658 1153 1840 1191 omnibus¹

129 1210 316 1261 prodesse
349 1210 466 1256 soles,
502 1210 552 1247 de
584 1209 768 1247 omnibus
798 1208 903 1247 bene
934 1210 1096 1255 mereri,
1129 1209 1228 1246 alios
1259 1209 1399 1246 iuuare
1428 1209 1711 1246 humanissima
1741 1210 1839 1247 libe-

129 1266 309 1312 ralitate,
349 1266 449 1303 alios
487 1267 629 1304 fauore
660 1271 728 1302 tuo
760 1264 990 1311 subleuare,
1031 1265 1131 1302 alios
1162 1265 1452 1302 beneuolentia
1483 1266 1700 1311 consolari,
1740 1266 1839 1303 alios

129 1322 310 1360 molestia
340 1322 485 1373 quauis
517 1321 688 1359 afflictos
729 1321 974 1359 authoritate
1010 1320 1203 1367 liberare,
1244 1318 1426 1358 clemetia
1464 1322 1623 1367 fouere,
1666 1321 1839 1364 tolerare

129 1378 253 1415 animi
290 1379 349 1416 tui
386 1377 645 1422 fortitudine,
687 1382 772 1426 atq3
803 1377 926 1413 nullis
964 1377 1123 1414 honesti
1154 1376 1398 1414 amatoribus
1429 1377 1595 1427 ingenio
1628 1377 1839 1427 consilioq3

130 1434 279 1472 deesse.
354 1433 474 1471 Hanc
513 1434 663 1483 optimo
702 1433 788 1469 iure
827 1430 878 1469 116
915 1434 971 1469 est
1008 1434 1142 1482 passus
1179 1440 1268 1469 LEO
1308 1432 1496 1472 Sanctiss.
1530 1433 1710 1470 diuinam
1748 1433 1840 1471 uitae

128 1496 193 1540 tue
228 1490 505 1528 conditionem
538 1489 777 1526 indonatam
812 1488 1007 1538 relinqui,
1050 1489 1239 1525 nimirum
1278 1486 1327 1525 cii
1364 1502 1445 1525 non
1488 1488 1691 1526 dubitaret
1729 1489 1838 1526 haud

128 1546 247 1584 modo
285 1547 328 1583 in
366 1559 450 1583 rem
486 1545 664 1583 ecclesiae
704 1544 910 1582 catholicae
948 1543 981 1581 ὣ
1012 1543 1238 1581 christianae
1270 1543 1370 1581 fidei
1401 1545 1723 1582 commoditatem
1754 1545 1838 1581 lau-

129 1602 200 1640 des
230 1608 319 1640 tuas
350 1602 383 1639 &
412 1603 507 1639 istos
537 1601 712 1639 honores
742 1612 926 1650 uergere.
976 1599 1127 1637 Verum
1158 1600 1279 1637 etiam
1309 1601 1481 1650 propriae
1514 1602 1590 1637 suae
1619 1600 1731 1637 laudi
1752 1614 1839 1650 quae

126 1672 198 1704 per
228 1660 267 1696 se
298 1658 607 1696 celebratissima
639 1658 712 1703 est,
754 1656 787 1694 Sc
817 1656 1155 1706 quamplurimum
1185 1655 1384 1700 abundat,
1423 1656 1543 1693 etiam
1577 1656 1840 1693 accessionem

126 1721 261 1753 tamen
293 1714 498 1765 quandam
526 1713 630 1759 fieri,
664 1713 694 1750 si
725 1714 1013 1763 cognoscerent
1044 1709 1111 1749 ees
1132 1711 1294 1761 publico
1317 1713 1478 1761 aspectu
1504 1712 1545 1748 in
1566 1712 1695 1748 uirum
1717 1711 1838 1749 benc-

127 1771 310 1808 meritum
349 1770 535 1808 collatam
574 1771 655 1807 esse
693 1770 882 1807 summam
921 1768 1172 1818 dignitatem.
1241 1766 1322 1805 Sed
1363 1765 1516 1818 quenizi
1549 1773 1663 1804 tanta
1694 1767 1726 1805 ἃ,
1757 1773 1838 1805 tam

127 1828 291 1877 egregia
321 1827 466 1864 mentis
493 1825 719 1863 humilitate
749 1830 894 1875 praeter
914 1837 1123 1862 comunem
1144 1824 1311 1861 aliorum
1332 1836 1481 1861 morem
1502 1823 1692 1873 praeditus
1715 1823 1838 1873 uulgo

126 1883 368 1934 perhiberis,
403 1883 567 1919 fortasse
594 1894 704 1919 nunc
734 1880 880 1918 frustra
910 1880 1000 1926 tibi,
1034 1878 1226 1930 quanqua
1253 1876 1393 1930 obiit&
1422 1880 1590 1916 uirtutes
1620 1885 1709 1916 tuas
1742 1892 1838 1916 enu-

126 1952 280 1977 merare
312 1940 431 1989 coepi,
465 1938 533 1989 qui
564 1937 741 1975 omnium
770 1942 928 1974 tuorum
958 1937 1035 1986 ipsi
1063 1935 1137 1973 tibi
1165 1936 1198 1973 ἃ
1221 1935 1416 1973 dictorum
1438 1935 1469 1972 ἃ
1491 1936 1686 1972 factorum
1716 1935 1840 1985 plane¹

126 1996 306 2033 conscius
343 2001 427 2046 atq3
467 1995 640 2044 optimus
679 2006 720 2031 es
757 1993 886 2040 testis,
926 2006 1002 2030 nec
1034 1991 1272 2043 desyderas,
1310 1991 1535 2029 laudabilia
1566 1990 1616 2028 de
1646 1996 1685 2027 te
1717 1991 1769 2027 ad
1800 1996 1837 2028 to

127 2051 223 2097 dici,
266 2051 374 2102 quod
413 2048 554 2089 forsita
586 2049 863 2087 adulationem
902 2048 1010 2086 olere
1053 2047 1226 2099 putabiS.
1294 2047 1431 2097 Quare
1468 2047 1497 2083 si
1536 2059 1636 2096 quos
1675 2047 1837 2098 inclytae

126 2107 353 2146 celsitudini
383 2112 449 2157 tue
468 2106 764 2157 Panegyricos,
798 2116 1002 2155 quacunq3
1034 2117 1082 2142 ex
1113 2106 1230 2141 causa
1261 2103 1423 2141 duxeris
1454 2102 1673 2152 aliquando
1695 2102 1836 2140 admit-

125 2164 290 2210 tendos,
332 2177 406 2214 ego
445 2163 514 2214 qui
551 2176 613 2200 me
650 2161 722 2199 tali
761 2175 807 2199 ac
837 2166 959 2198 tantae
991 2166 1193 2198 oratorum
1222 2159 1441 2209 prouinciae
1473 2159 1598 2196 sentio
1629 2153 1671 2208 “ss3
1704 2159 1773 2195 sim
1805 2159 1837 2195 ἃ

125 2220 291 2269 ingenio
330 2220 363 2257 8:
392 2219 546 2257 uiribus
584 2219 731 2268 impar,
777 2231 828 2255 ne
859 2217 932 2255 bos
962 2216 1151 2262 clitellas,
1194 2214 1241 2253 ea
1274 2212 1364 2253 uice
1400 2214 1480 2252 illis
1516 2214 1722 2264 relinquo,
1767 2215 1835 2263 qui

125 2277 328 2326 pleniores
368 2275 401 2313 ἃ
437 2275 644 2313 uberiores
682 2274 724 2311 in
765 2273 939 2311 dicendo
970 2286 1033 2310 me
1072 2274 1277 2323 superant,
1324 2270 1469 2321 quibus
1509 2270 1627 2307 facile
1667 2265 1839 2307 ancillafi

124 2332 241 2370 latini
278 2333 470 2369 sermonis
508 2332 740 2380 incorrupta
777 2330 1007 2380 integritas,
1047 2334 1091 2366 ut
1121 2328 1228 2378 quod
1265 2341 1308 2364 re
1346 2332 1506 2364 auctum
1537 2328 1611 2372 est,
1653 2327 1835 2363 oratione

125 2394 284 2426 ornent.
349 2387 608 2425 Eiuscemodi
644 2387 820 2423 virorum
856 2399 1024 2436 quorum
1062 2385 1208 2434 scripta
1245 2383 1343 2421 meis
1375 2383 1543 2433 praefero
1585 2395 1732 2431 magna
1762 2380 1835 2418 tibi

124 2445 241 2495 copia
271 2445 412 2494 praesto
444 2443 477 2481 St
515 2443 566 2481 ad
597 2456 760 2480 manum
791 2443 866 2488 est,
907 2441 1070 2492 quando
1107 2440 1158 2477 ad
1188 2446 1228 2476 te
1259 2440 1399 2488 ceteris
1431 2438 1659 2476 Germania}
1690 2438 1835 2487 princi-

123 2500 242 2551 pibus
271 2501 478 2538 literarum
509 2499 772 2537 amantiorem
794 2511 932 2535 omnes
953 2498 1023 2547 qui
1045 2496 1246 2542 doctrina,
1280 2494 1462 2540 consilio,
1496 2494 1730 2543 eloquentia
1750 2493 1835 2543 pol-

122 2557 255 2602 leant,
295 2556 408 2594 aditu
445 2555 629 2606 perfacili
667 2554 833 2592 obtento
865 2550 1099 2591 conueniiit.
1157 2552 1213 2589 At
1242 2551 1340 2588 mihi
1369 2562 1474 2587 unus
1505 2550 1630 2586 instar
1660 2549 1837 2586 omnium

126 2614 184 2650 est
219 2612 288 2662 ille
326 2611 475 2649 nobilis
507 2611 681 2662 equestri
719 2610 861 2648 ordine
892 2615 1219 2646 HVLDERICHVS
1250 2606 1454 2643 Huttenus
1494 2605 1582 2654 aule
1613 2610 1691 2648 tuae
1723 2604 1833 2641 fami-

124 2669 251 2714 liaris,
284 2669 327 2705 in
357 2669 443 2705 iure
467 2666 642 2706 Ciuili&
662 2667 875 2705 Pontificio
907 2679 990 2702 non
1021 2664 1174 2709 nullus,
1208 2676 1290 2700 non
1312 2674 1449 2707 nemo,
1483 2674 1565 2698 non
1594 2660 1715 2707 nihil,
1749 2673 1834 2697 ora-

124 2730 187 2762 tor
225 2724 519 2770 disertissimus,
559 2723 593 2761 &
630 2728 752 2773 po'e'ta
780 2721 1023 2772 Delphicam
1061 2721 1240 2757 lauream
1278 2715 1496 2755 cosecutus
1556 2716 1683 2753 Adest
1715 2716 1836 2753 etiam

125 2781 282 2831 corpori
312 2786 380 2818 tuo
413 2780 515 2818 alter
534 2779 820 2829 Aesculapius,
854 2777 1138 2827 eloquentiaeq3
1171 2774 1353 2812 studiosis
1374 2773 1597 2818 Maecenas,
1631 2771 1834 2809 Henricus

90 2836 305 2877 ssStromer
324 2835 603 2874 Aurbacchius
624 2835 825 2883 Medicine
858 2833 1008 2870 doctor.
1040 2829 1053 2882 Η
1084 2831 1187 2869 Sunt
1217 2830 1251 2867 ἃ
1281 2829 1351 2866 3111
1382 2842 1431 2866 ex
1460 2828 1539 2866 tuis
1571 2841 1652 2864 non
1683 2827 1833 2866 medio—

125 2893 247 2930 crium
278 2893 446 2939 artium,
482 2891 551 2930 sed
580 2891 707 2942 prope
737 2891 1017 2933 maximarum,
1060 2887 1157 2938 quin
1195 2885 1262 2923 uel
1300 2887 1448 2922 summa
1479 2895 1603 2934 quoq3
1635 2883 1835 2933 dignitate

123 2962 212 2986 cum
243 2949 371 2986 omnis
403 2948 563 2998 generis
595 2947 760 2986 scientia
783 2946 816 2983 Sc
843 2944 957 2982 simul
986 2943 1217 2993 eloquentia
1238 2941 1409 2979 illustres
1430 2940 1463 2977 ἄ
1484 2940 1702 2984 clarissimi,
1737 2952 1832 2989 qua-

122 3005 171 3043 lis
201 3004 270 3043 ille
299 3002 537 3043 Reueredus
567 3002 876 3055 magnificentiae
907 3000 1038 3038 infula
1069 2999 1280 3037 decoratus
1310 2997 1392 3034 Dn.
1414 2996 1658 3034 Laurentius
1679 2995 1832 3032 Truch-
