2119 3522
312 184 406 243 6.ssss
823 207 1088 230 COMMENTARIVS
1112 205 1158 227 AD
1184 207 1254 227 err.
1272 207 1302 227 o.
1319 206 1352 227 v.
1381 205 1458 227 vor..
1476 205 1511 226 11.

310 274 396 313 Pag.
419 271 507 305 108.

396 324 630 363 mentionem,
662 321 758 365 quod
782 323 909 354 contra
932 329 1082 352 usuram
1106 317 1311 360 scripseris,
1344 326 1452 360 quam
1476 315 1648 360 mayister
1670 318 1790 349 noster
1815 315 2019 358 disputavit

397 379 576 413 Bononiae
602 377 659 421 [cf.
681 387 805 410 versus
823 378 966 410 39...47.
985 373 1182 417 carminis}
1206 373 1322 417 negat
1344 374 1471 405 tamen
1495 381 1533 404 se
1562 370 1683 404 libelli
1705 370 1806 404 illius
1829 371 2020 405 auctorem

396 435 434 468 in
459 434 536 468 haec
561 432 677 466 verba-
702 431 820 465 ‘nullo
845 430 974 472 modo,
1002 430 1059 463 est
1082 428 1268 462 deusmet'
1289 455 1296 461 .
1315 430 1371 461 .“.

309 495 347 524 11
373 488 669 533 scsqzcipcdalcm]
695 488 738 521 ut
761 498 820 531 ap.
837 486 965 520 Horat.
983 486 1051 519 art.
1068 485 1168 529 poet.
1185 497 1238 518 vv.
1252 492 1295 518 96.
1311 496 1362 527 sq.
1381 493 1549 527 „pauper
1565 483 1603 516 et
1620 481 1705 516 exul
1723 509 1730 515 .
1749 509 1756 516 .
1781 481 1921 516 Proicit
1945 493 2019 516 am-

396 544 517 589 pullas
543 545 581 578 et
604 542 876 586 sesquipedalia
894 541 1049 575 verba“.
1085 540 1133 574 Et
1156 541 1200 574 ut
1222 539 1291 573 hoc
1316 538 1450 572 addam
1470 552 1477 571 :
1497 538 1629 582 saepius
1652 538 1690 571 in
1707 537 1897 571 veteribus
1914 537 2019 579 (Cro-

395 600 492 643 ticis)
509 611 629 643 ‹quam
660 599 696 632 in
722 599 778 632 his
808 597 912 632 novis
938 589 1188 640 (Huttenicis)
1222 594 1388 639 epistolis
1413 593 1453 627 O.
1471 593 1514 627 V.
1531 593 1692 638 legimus
1721 593 1936 637 nugatorias
1966 604 2020 627 sa-

394 656 502 697 lutes,
529 666 619 699 quas
643 654 808 699 pondere
834 663 988 687 numero
1013 662 1188 686 mensura
1212 651 1380 684 constare
1405 649 1572 683 dixerim.

309 716 347 746 14
372 712 514 745 Datum
538 712 580 744 m
608 710 695 754 Coa]
728 709 815 743 Haec
848 708 994 742 Ortvini
1027 707 1192 752 epistolae
1219 707 1385 741 extrema
1413 715 1499 749 pars
1529 704 1723 748 poeticalis
1753 705 1886 739 scitum
1918 716 2019 740 exor—

395 767 497 800 dium
521 765 819 810 rhythmicaliter
849 763 1107 808 respondentis
1139 762 1303 807 epistolae
1329 760 1547 795 Schlauraffi
1578 760 1694 794 facit:
1712 760 1775 794 ille
1801 772 1885 794 cum
1913 761 2020 795 bonis

395 822 502 856 sociis
532 823 569 855 in
599 822 788 856 hilaritate
819 821 920 854 laute
948 819 1108 853 Coloniae
1142 818 1366 859 luxuriatur,
1398 817 1458 851 hic
1483 816 1528 850 ab
1555 817 1791 850 saecularibus
1815 817 1854 851 et
1876 817 2020 851 haereti—

395 878 534 912 calibus
559 877 679 922 poetis
703 876 1006 911 tribulationibus
1032 876 1070 908 et
1091 873 1349 908 vexationibus
1382 872 1552 906 adflictus
1583 883 1651 916 per
1674 873 1794 906 totam
1810 872 2020 907 Almaniam

394 934 621 978 superiorem
647 932 922 977 circumagitur,
949 931 1013 965 sed
1039 930 1135 964 redit
1158 929 1311 963 tandem
1337 928 1527 963 Coloniam
1553 929 1591 962 et
1615 927 1661 962 ad
1679 927 1936 962 Coloniensem
1959 929 2020 963 lae-

393 990 533 1031 titiam,
570 991 727 1033 uterque
761 989 931 1033 ‘propter
964 987 1143 1021 honorem
1178 984 1461 1018 univcrsitatis'.
1514 983 1636 1017 Etiam
1673 983 1792 1017 forma
1828 985 2020 1028 utriusque

394 1046 566 1090 poetriae,
597 1044 721 1078 brevis
747 1043 990 1084 Ortvinianae,
1018 1041 1150 1085 amplae
1176 1039 1494 1081 Schlaumffianae,
1527 1038 1656 1073 similis
1681 1040 1752 1081 est,
1785 1042 1877 1074 ‘non
1902 1040 2020 1074 atten-

395 1101 485 1135 dens
510 1100 738 1144 quantitates
765 1100 803 1132 et
827 1098 974 1142 pedes'.

307 1163 346 1192 15
371 1157 564 1201 maritate]
591 1156 720 1196 Ernst,
750 1154 901 1196 le'o‘rsle,
925 1152 1141 1198 magisteria
1165 1151 1360 1196 dignitate.

306 1217 345 1247 16
370 1214 422 1246 Et
446 1213 497 1247 sic
522 1211 763 1255 consideravi]
789 1210 843 1243 Ex
869 1221 942 1254 quo
968 1209 1146 1247 intellexi,
1173 1207 1318 1251 collegi.

350 1268 575 1312 cinisicatus]
609 1267 688 1301 Hoc
714 1266 774 1300 vel
805 1266 947 1300 auctori
978 1264 1155 1299 temerius
1187 1263 1314 1297 fictum
1345 1262 1463 1296 visum
1497 1264 1570 1305 est,
1601 1262 1700 1297 unde
1733 1264 2021 1308 explicationem

394 1324 507 1358 adicit
533 1323 587 1357 ‘id
615 1324 670 1357 est
694 1323 780 1357 vino
805 1322 1011 1366 repletus'3
1036 1332 1102 1355 nos
1126 1320 1319 1364 ‘recinscliffi

304 1385 346 1416 20
370 1381 503 1415 habens
527 1379 756 1421 mandatum]
783 1378 973 1412 Interioris
997 1376 1283 1421 praedicatorum
1308 1375 1490 1410 missionis
1515 1376 1690 1420 agentem
1714 1376 1825 1410 hodie
1851 1376 2021 1411 Schlaur-

395 1436 507 1471 affum
533 1435 776 1480 appellarent.

303 1497 343 1527 21
371 1504 395 1526 α
413 1492 531 1535 poetis
556 1518 589 1525 ..
609 1518 616 1525 .
642 1491 725 1525 hinc
749 1490 855 1534 inde]
885 1488 975 1523 ‘Sed
999 1489 1086 1533 pete
1113 1487 1316 1523 Germanos
1342 1498 1385 1522 ex
1411 1487 1539 1522 ordine
1565 1499 1750 1532 quemque
1775 1490 1923 1533 poetas'
1951 1490 2021 1523 etc.

314 1586 318 1589 ,
394 1547 498 1581 Hutt.
518 1547 663 1589 Querel.
681 1546 726 1580 II.
748 1550 798 1589 10,
817 1556 842 1580 9.
861 1557 938 1589 sqq.

303 1609 344 1639 22
370 1604 514 1647 iterum]
540 1603 711 1637 vicissim.

304 1665 346 1695 24
373 1671 445 1694 non
470 1659 662 1694 attendens
679 1660 753 1703 etc]
779 1669 853 1692 non
871 1658 1070 1692 observans
1089 1658 1168 1698 etc,
1196 1656 1328 1700 spretis
1345 1656 1508 1691 metricis
1525 1656 1681 1702 legibus,
1708 1657 1890 1702 neglectis
1907 1668 2020 1702 quan—

392 1716 562 1751 titatibus
588 1716 625 1749 et
650 1714 819 1759 pedihus.
845 1714 889 1748 cf.
906 1726 942 1758 p.
960 1716 1126 1748 229⁷·5‘N·

303 1777 346 1808 25
370 1776 475 1807 sonat
498 1772 626 1806 melius
651 1771 725 1815 etc]
753 1770 797 1804 cf.
815 1782 849 1814 p.
870 1773 943 1804 188.
963 1782 992 1803 v.
1007 1779 1032 1804 5.

349 1829 451 1863 ‘illam
470 1827 664 1871 poctm'am]
691 1837 773 1860 eam
799 1827 917 1860 artem
941 1826 1152 1867 metricam,
1180 1834 1291 1869 quam
1316 1825 1377 1859 isti
1401 1826 1522 1870 poetae
1548 1826 1740 1868 exercent,
1768 1826 2020 1869 quantitatum

393 1886 431 1918 et
454 1884 592 1928 pedum
619 1882 877 1916 observatione
902 1882 1133 1926 impeditam.

303 1946 344 1975 26
370 1940 553 1984 Bruncclc]
586 1938 681 1972 Puto
707 1938 866 1983 Brugas,
900 1938 1066 1983 Brz‘iyye,
1091 1937 1253 1982 Brugycs,
1278 1937 1387 1971 velle.
1419 1937 1462 1971 cf.
1484 1940 1580 1971 ‘sum
1606 1948 1650 1971 ex
1676 1936 1869 1973 Flandria’
1895 1951 1929 1972 v.
1945 1942 2018 1973 102.

303 2002 345 2031 30
371 1998 413 2040 (1)
438 1996 530 2040 Ens]
556 1995 590 2028 h.
608 1994 631 2028 l.
649 2005 723 2028 non
749 1994 986 2036 Thomistice‚
1012 1993 1076 2028 sed
1102 1993 1248 2038 vulgari
1272 2004 1380 2027 sensu
1406 1994 1622 2027 ‘creatura’.

303 2066 333 2086 v.
350 2062 375 2086 2.
402 2053 490 2086 deus
515 2051 680 2094 deorum]
706 2050 739 2084 Is
765 2053 821 2084 est
845 2050 996 2094 Iupiter.
1045 2049 1124 2084 Hoc
1154 2060 1228 2084 non
1258 2049 1380 2084 minus
1410 2049 1626 2084 haereticum
1652 2050 1708 2084 est
1737 2061 1849 2095 quam
1875 2050 2020 2086 Ortvini

395 2108 513 2142 ‘Iovis
538 2108 636 2141 alma
659 2108 824 2150 parens'.

305 2177 333 2198 v.
351 2174 376 2199 3.
401 2164 568 2207 tribulat]
595 2163 638 2197 cf.
659 2162 793 2196 Psalm.
812 2175 864 2196 cv.
884 2167 936 2196 42.

303 2223 389 2263 Pag.
407 2221 496 2257 199.

303 2279 392 2310 6...8
416 2275 455 2308 in
475 2275 642 2309 Saoeonia
660 2276 734 2320 etc]
753 2274 1036 2320 wittenbergae.
1063 2275 1208 2310 Cf.1nd.
1226 2276 1344 2321 biogr.
1362 2280 1482 2320 p.469.
1492 2287 1569 2320 sqq.
1589 2277 1656 2310 art.
1671 2275 1833 2318 Sibutus,
1855 2277 1892 2311 et
1907 2287 2019 2321 supra

393 2343 428 2375 p.
446 2332 512 2373 7¹²,
539 2330 635 2364 infra
660 2331 766 2374 epist.
785 2335 837 2365 51.
857 2331 894 2365 et
918 2330 1024 2365 Hutt.
1043 2331 1188 2372 Querel.
1207 2332 1250 2366 Π.
1272 2336 1323 2373 10,
1341 2341 1384 2366 61.
1399 2343 1451 2375 sq.

302 2391 322 2421 9
348 2386 489 2431 Facha]
515 2386 710 2420 Balthasar
734 2385 924 2420 Fabricius
941 2386 1149 2421 Vachanus.
1176 2388 1222 2422 cf.
1241 2387 1320 2422 Ind.
1337 2388 1456 2432 biogr.
1473 2399 1508 2432 p.
1527 2391 1602 2422 369.
1621 2389 1687 2423 art.
1705 2387 1838 2430 Facha,
1859 2389 1897 2422 et
1913 2387 2018 2423 Hutt.

394 2442 540 2484 Querel.
558 2442 602 2475 ΙΙ.
622 2446 674 2484 10,
692 2450 734 2476 57.
749 2455 795 2484 sq.

305 2502 344 2532 11
370 2498 616 2543 Enyentiozns]
642 2497 894 2542 Engelbrecht
916 2498 1104 2543 Eugensis.
1137 2498 1181 2533 cf.
1199 2499 1276 2533 Ind.
1294 2499 1412 2544 biogr.
1429 2511 1464 2543 p.
1483 2504 1558 2535 361.
1577 2502 1643 2535 art.
1660 2500 1902 2546 Engentinus.

305 2559 344 2588 13
371 2554 527 2598 coyz'tavi
552 2554 628 2588 bon.
649 2555 732 2598 rem]
759 2565 778 2588 e
803 2565 842 2588 re
867 2564 927 2588 me
952 2554 1138 2588 facturum
1165 2566 1242 2589 esse
1266 2555 1358 2589 mihi
1382 2555 1503 2589 visum
1529 2557 1594 2590 est.
1626 2556 1670 2590 cf.
1687 2556 1784 2591 infra
1807 2570 1837 2591 v.
1851 2567 1894 2592 83.

305 2614 345 2643 14
370 2610 740 2655 Buschc'us,mortiflo.
759 2621 873 2644 wzzmz
897 2611 1020 2654 carm]
1049 2611 1154 2645 einen
1180 2611 1215 2655 (i.
1235 2622 1265 2645 e.
1282 2613 1357 2655 me)
1382 2621 1427 2645 220
1454 2612 1530 2646 Tod
1554 2613 1738 2657 ycpciniyt
1761 2613 1836 2655 hat,
1861 2613 2018 2647 acerbis—

392 2665 481 2699 sime
501 2666 669 2700 confecit.
701 2666 745 2700 cf.
763 2666 842 2700 Ind.
859 2666 977 2711 biogr.
995 2678 1031 2711 p.
1050 2671 1123 2702 330.
1141 2678 1219 2711 sqq.
1239 2667 1306 2701 art.
1323 2666 1512 2701 Buschius.
1551 2668 1634 2702 Non
1653 2669 1782 2703 exacte
1806 2670 2018 2713 temporum

393 2721 576 2755 rationem
601 2722 716 2756 habet
739 2722 912 2766 scriptor:
939 2722 1119 2757 Buschius
1144 2722 1254 2768 longe
1281 2724 1366 2758 ante
1392 2734 1504 2767 quam
1528 2723 1799 2758 Reuchliniana
1822 2736 1934 2759 causa
1957 2736 2017 2759 ex-

393 2778 474 2810 orta
505 2778 576 2819 est,
613 2777 853 2812 Rostochium
884 2778 1088 2823 reliquerat
1117 2779 1181 2823 (cf.
1206 2779 1351 2813 Krccbbe
1376 2779 1451 2813 Die
1478 2779 1583 2813 Univ.
1606 2779 1770 2815 Rostoek.
1791 2784 1886 2815 1854.
1912 2782 1957 2815 8⁰.
1981 2792 2016 2825 p.

394 2836 468 2866 259.
487 2833 604 2876 sqq),
631 2834 669 2867 et
699 2833 859 2868 eundem
883 2845 1094 2879 pugnacem
1118 2834 1319 2870 Buschium
1342 2835 1440 2869 infra
1463 2847 1498 2869 V.
1514 2839 1588 2870 176.
1607 2835 1785 2878 Coloniae,
1817 2836 1881 2870 ubi
1912 2836 2017 2870 annis

395 2891 490 2922 1515.
510 2888 548 2922 et
566 2892 661 2922 1516.
678 2889 890 2931 habitabat,
918 2889 1146 2925 Schlauraffo
1170 2891 1365 2925 instantias
1388 2890 1588 2926 facientem
1613 2890 1952 2936 deprehendemus,
1979 2892 2018 2925 et

393 2954 429 2986 p.
445 2944 546 2976 ‘257¹‘3
566 2943 761 2978 ‘Buschius
785 2956 859 2979 non
877 2946 933 2979 est
950 2946 1108 2990 amplius
1127 2946 1288 2981 Coloniae
1300 2948 1320 2980 ’.
1370 2946 1443 2981 Sed
1461 2958 1598 2992 magna
1614 2947 1723 2981 huius
1741 2947 1914 2981 carminis
1930 2958 2015 2990 pars

393 2997 584 3041 perieulis,
611 3010 691 3042 quae
716 3000 795 3044 ipse
813 3001 1000 3035 Huttenus
1025 3001 1113 3035 olim
1137 3002 1175 3035 in
1200 3001 1396 3037 itineribus
1413 3004 1486 3037 suis
1504 3003 1657 3047 obierat,
1684 3003 1845 3038 colorem
1861 3002 2014 3037 inducit.
