2119 3522
288 206 383 250 304
780 220 886 241 INDEX
910 217 1162 240 Bloonffmcvs
1186 217 1227 238 m*
1251 216 1493 239 ONOMAsTIcvs.

286 335 569 385 Friburgensis
592 334 655 371 die
677 334 714 372 5.
731 333 852 369 Febr.
874 332 991 368 1506.
1009 331 1225 381 inscrIptus
1253 337 1324 368 est.
1384 331 1603 381 Postquam
1623 331 1763 370 Zasius
1792 334 1990 383 poeticam

286 394 517 437 lectionem,
551 402 602 427 ne
630 388 852 425 Philomusi
883 387 935 424 ad
951 386 1309 436 ¹Ingolstadienses
1341 386 1520 424 abitione
1550 386 1744 435 vacaret¹,
1777 401 1848 438 per
1878 394 1990 439 quat-

286 455 376 485 tuor
406 447 489 484 fere
518 457 674 482 menses
703 443 916 489 habuerat,
951 455 998 480 ea
1019 442 1233 492 Baldungo
1265 443 1328 480 die
1357 443 1419 480 16.
1438 443 1529 480 Iun.
1549 456 1584 481 a.
1604 444 1724 481 1506.
1749 443 1992 482 demandata

289 509 365 551 est3
398 501 532 538 statim
561 501 657 537 iuris
687 499 896 549 utriusque
921 498 1059 535 doctor
1081 498 1209 535 factus
1239 499 1318 535 iam
1337 498 1507 536 hiberno
1529 500 1710 536 semestri
1731 513 1766 536 a.
1787 500 1906 537 1507.
1926 499 1991 537 de-

288 571 411 596 canus
440 556 590 594 ordinis
612 554 801 593 IOtorum
830 555 919 591 fuit.
953 554 1083 591 eidem
1106 554 1143 590 d.
1166 555 1229 591 16.
1247 554 1323 591 Ι111.
1343 554 1522 592 eiusdem
1553 555 1651 592 anni
1681 555 1913 605 „assignati
1943 554 1992 592 ab

288 605 561 651 Universitate
589 624 641 648 XL
663 611 806 648 floreni
836 610 1056 648 rhenenses
1089 623 1159 660 pro
1189 610 1362 648 lectione
1393 611 1552 661 poetica
1576 611 1729 648 ..item
1761 611 1892 648 eidem
1922 624 1993 661 pro

289 669 544 719 disputaione
575 667 759 704 circulari
789 667 831 703 in
863 667 948 703 iure
979 666 1148 715 singulis
1179 666 1383 703 mensibus
1413 666 1658 704 celebranda
1689 672 1727 704 et
1757 667 1866 716 quod
1886 667 1996 716 legat

288 738 359 776 pro
388 724 475 761 aliis
504 722 746 760 Doctoribus
774 722 896 769 Iuris,
931 723 1116 772 quotiens
1148 722 1307 759 iusserit
1334 722 1609 769 Universitas,
1643 722 1865 772 assignavit
1895 722 1995 760 alios

288 794 339 817 xx
372 793 532 826 aureos,
573 779 708 828 sicque
741 779 860 815 annis
891 778 1061 828 singulis
1098 791 1151 815 Lx
1180 778 1353 815 florenos
1393 779 1468 815 erit
1505 779 1792 828 recepturus“.
1850 778 1994 816 Lectu-

289 850 371 874 ram
388 835 693 873 Institutionum
716 834 754 871 d.
770 835 835 871 27.
851 833 970 871 Febr.
989 848 1024 872 a.
1042 835 1162 871 1510.
1179 834 1256 871 sibi
1277 835 1525 872 commissam
1547 834 1751 872 abdicavit
1773 834 1809 872 d.
1831 835 1896 871 23.
1915 834 1994 873 Ι111.

290 892 417 930 eiusd.
439 891 556 937 anni,
589 891 630 927 in
655 891 836 940 regimen
865 890 1072 940 imperiale
1092 890 1409 928 Ensishemense
1438 891 1656 937 transiens,
1690 891 1751 927 vir
1774 888 1916 938 (Zasio
1938 891 1995 927 iu-

291 946 402 997 dice)
437 954 476 985 et
518 948 614 984 iuris
654 946 918 996 peritissimus
958 952 997 983 et
1038 946 1205 996 insuper
1242 946 1426 983 omnibus
1463 947 1725 985 humanitatis
1763 946 1909 984 studiis
1949 959 1998 983 ex

290 1004 376 1054 pari
409 1004 560 1043 doctus.
619 1002 718 1039 Haec
749 1002 833 1040 fere
864 1002 1013 1053 sumpsi
1045 1015 1095 1040 ex
1125 1001 1363 1040 Schreibero
1376 999 1401 1039 ².

381 1080 414 1122 1)
434 1080 480 1112 cf.
499 1079 595 1111 infra
614 1082 681 1111 art.
702 1078 941 1113 Philomusus.
1033 1077 1067 1119 2)
1088 1078 1204 1110 Gesclz.
1221 1080 1254 1110 (l.
1272 1078 1364 1112 Isnz'v.
1381 1078 1496 1110 Freib.
1516 1080 1611 1112 1857.
1629 1078 1676 1112 8⁰.
1695 1078 1722 1110 I.
1741 1089 1773 1119 p.
1788 1079 1937 1110 82:²84.

292 1167 516 1197 BAPTISTA
545 1166 822 1197 MANTVANVS
850 1172 879 1198 s,
902 1159 1079 1196 Ioannes
1100 1158 1285 1209 Baptista
1305 1158 1570 1208 Hispaniolus
1593 1156 1846 1208 (Spagnoli),
1880 1163 1998 1195 natus

290 1216 467 1253 Mantuae
500 1215 537 1252 d.
564 1216 627 1252 12.
653 1213 746 1264 (sec.
770 1215 836 1252 all.
864 1213 944 1264 17.)
969 1216 1068 1265 Apr.
1091 1228 1125 1253 3.
1152 1215 1292 1261 1488,
1329 1213 1633 1251 Carmelitarum
1662 1214 1794 1251 ordini
1821 1227 1909 1251 sese
1933 1214 1998 1251 de-

290 1273 418 1318 vovit,
460 1272 569 1309 cuius
610 1272 780 1308 vicarius
820 1271 1021 1321 generalis
1058 1271 1218 1308 sexiens
1257 1271 1407 1308 electus
1445 1271 1566 1308 totius
1606 1270 1759 1308 ordinis
1799 1270 1999 1320 generalis

292 1328 419 1365 factus
451 1333 510 1365 est
539 1327 675 1365 Romae
708 1342 743 1365 a.
769 1328 908 1373 1513.Ἱ
943 1339 1022 1377 qua
1055 1326 1270 1376 dignitate,
1312 1340 1401 1364 cum
1440 1327 1592 1364 ordinis
1630 1326 1879 1364 reformandi
1916 1326 2001 1363 fru-

290 1390 496 1421 straneum
526 1383 748 1433 periculum
778 1384 956 1429 fecisset,
991 1396 1097 1420 anno
1124 1383 1242 1420 1515.
1267 1383 1451 1432 deposita
1480 1384 1521 1420 in
1552 1383 1682 1432 patrio
1705 1382 1855 1432 oppido
1878 1382 2000 1419 vitam

292 1440 490 1490 expiravit
520 1452 656 1477 mense
688 1439 832 1476 Martio
864 1439 1124 1478 anni-1516.:
1165 1439 1252 1475 falli
1291 1451 1358 1476 eos
1389 1440 1457 1489 qui
1489 1452 1524 1476 a.
1544 1440 1661 1476 1518.
1685 1444 1885 1475 mortuum
1915 1451 2002 1475 esse

291 1496 555 1546 scripserunt,
588 1495 764 1545 Lampus
788 1493 838 1543 (p.
856 1493 972 1544 209¹9)
997 1495 1163 1541 evincit,
1198 1495 1261 1532 cui
1293 1508 1381 1532 cum
1410 1508 1505 1532 vere
1536 1495 1634 1533 anni
1668 1495 1785 1531 1516.
1810 1493 2000 1531 Carmeli-

291 1559 421 1589 tarum
449 1552 667 1589 claustrum
694 1552 893 1597 visitaret,
929 1550 1177 1597 ‘dicebatur,
1211 1551 1320 1601 quod
1338 1551 1522 1601 Baptista
1542 1551 1789 1587 Mantuanus
1819 1556 1879 1587 est
1899 1563 2001 1587 mor-

292 1610 418 1645 tuus’.
480 1607 601 1657 Quod
641 1607 804 1645 alterius
836 1607 1007 1657 Vergilii
1037 1607 1184 1645 famam
1215 1607 1430 1644 adsecutus
1463 1613 1539 1653 est,
1580 1608 1637 1644 ita
1667 1612 1711 1643 ut
1742 1607 1853 1643 iuxta
1881 1606 2001 1643 huius

291 1663 520 1714 sepulcrum
549 1663 778 1700 Fridericus
809 1663 1056 1700 Mantuanus
1090 1663 1170 1700 dux
1202 1676 1462 1700 marmoream
1493 1663 1719 1700 columnam
1750 1663 1787 1700 ei
1817 1668 1998 1712 poneret,

291 1720 417 1769 magis
449 1732 538 1756 eum
569 1719 695 1756 natali
733 1719 818 1757 solo
856 1732 1124 1769 versuumque
1156 1719 1424 1766 multitudini,
1466 1732 1635 1769 quorum
1672 1719 1762 1769 plus
1802 1731 1922 1768 quam
1949 1730 2003 1756 LV

292 1776 403 1812 milia
432 1775 643 1825 reliquisse
674 1776 817 1821 fertur,
852 1788 971 1826 quam
1001 1776 1221 1812 carminum
1249 1775 1421 1812 bonitati
1452 1774 1598 1813 debere
1627 1775 1864 1826 putaverim.
1895 1779 2003 1812 certe

293 1832 423 1868 nimiae
454 1837 549 1868 sunt
569 1829 803 1868 Trithemii¹
834 1831 994 1868 laudes:
1027 1831 1124 1877 „vir
1153 1831 1196 1868 111
1229 1831 1377 1868 divinis
1408 1831 1613 1882 scripturis
1643 1829 1935 1868 eruditissimus
1965 1836 2005 1867 et

291 1888 333 1924 in
363 1887 604 1925 secularium
632 1887 838 1924 literarum
867 1887 1036 1924 scientia
1066 1887 1169 1924 nulli
1198 1887 1420 1934 secundus,
1454 1900 1575 1924 sacrae
1606 1887 1820 1936 theologiae
1851 1886 2001 1932 doctor,

292 1943 554 1994 philosophus
575 1943 764 1993 insignis,
796 1950 917 1993 poeta
938 1949 977 1981 et
998 1949 1132 1980 orator
1152 1943 1452 1990 celeberrimus,
1484 1944 1649 1993 ingenio
1673 1943 1892 1989 excellens,
1922 1955 2002 1986 ser-

292 2012 410 2036 mone
443 1999 630 2046 disertus,
663 2000 748 2036 vita
779 2006 818 2037 et
848 2000 1155 2037 conversatione
1186 2000 1419 2049 praeclarus,
1453 1999 1609 2038 Latinae
1636 2000 1787 2049 linguae
1817 1998 1937 2036 decus
1965 2004 2004 2036 et

295 2055 442 2093 Graecae
473 2055 602 2092 clarus
634 2056 852 2106 interpres,
885 2061 1011 2093 metro
1034 2056 1237 2093 excellens
1265 2061 1304 2093 et
1323 2069 1456 2106 prosa.
1517 2055 1684 2106 Scripsit
1703 2061 1875 2105 utroque
1895 2054 2002 2105 stylo

292 2111 417 2148 multa
439 2111 601 2161 egregia
621 2111 826 2149 volumina
839 2112 874 2158 “,
905 2124 993 2162 quae
1015 2112 1252 2162 prodierunt
1271 2111 1400 2149 Paris.
1420 2113 1540 2150 1513.
1560 2112 1631 2150 fol.
1653 2111 1719 2148 Ff.
1739 2111 1790 2148 ad
1808 2111 1862 2148 M.
1882 2111 2001 2148 1573.

293 2168 349 2206 80.
372 2167 432 2205 IV
450 2167 544 2206 voll.
566 2167 691 2205 Antv.
711 2169 852 2216 1576.;
887 2168 937 2205 de
958 2168 1128 2218 singulis
1149 2169 1307 2218 scriptis
1329 2168 1478 2206 videsis
1499 2166 1803 2205 Whartonum2.
1847 2166 1912 2204 De
1933 2179 2002 2204 ne-

294 2224 472 2269 otericis,
513 2223 667 2261 cavillis
699 2230 738 2262 et
768 2224 1022 2275 captionibus
1054 2224 1388 2270 instructissimis,
1429 2224 1635 2261 Mutianus
1667 2223 1720 2261 ad
1749 2220 2001 2261 Urbanum³:

293 2308 316 2326 „
330 2310 337 2318 .
353 2279 555 2330 .Baptista
566 2279 814 2318 Mantuanus
837 2287 896 2318 est
916 2294 1090 2318 summus
1112 2286 1342 2331 poetarum:
1366 2293 1460 2330 ergo
1482 2280 1547 2317 hic
1564 2280 1672 2318 idem
1689 2284 1748 2317 est
1760 2278 2002 2316 Homerus“.

385 2355 419 2398 1)
446 2356 540 2388 Scrr.
562 2356 650 2388 eccl.
669 2367 703 2398 p.
722 2357 796 2390 387.
920 2357 956 2399 2)
980 2357 1016 2387 in
1034 2357 1195 2399 Append.
1215 2357 1262 2388 ad
1281 2357 1380 2389 Cave
1401 2357 1456 2389 ed.
1475 2356 1588 2388 Basil.
1609 2357 1706 2388 1745.
1721 2355 1789 2395 fol.
1807 2354 1855 2386 ΙΙ.
1874 2365 1908 2397 p.
1926 2356 2001 2388 239.

384 2410 416 2453 3)
442 2411 594 2443 Tentzel
613 2412 696 2446 hist.
716 2412 820 2445 Goth.
841 2412 957 2454 suppl.
975 2414 1018 2445 1³.
1038 2424 1070 2454 p.
1085 2414 1139 2447 59.
1560 2410 1567 2413 .

294 2498 545 2539 BATODIVS,
568 2492 716 2539 Lucas,
750 2492 989 2531 Germanice
1011 2495 1099 2530 Lux
1120 2494 1341 2539 Haclcfurt,
1371 2493 1481 2531 unde
1502 2493 1649 2530 rectius
1670 2491 1864 2530 Batodius
1886 2503 2005 2541 quam

294 2547 513 2585 Bathodius
541 2548 739 2586 scribitur.
782 2550 845 2587 De
868 2562 914 2586 eo
931 2549 1123 2586 Erasmus
1146 2549 1197 2586 ad
1218 2547 1485 2587 Gerbellium¹
1516 2550 1559 2586 in
1588 2548 1747 2594 eadem,
1774 2547 1811 2586 d.
1830 2548 1895 2585 20.
1915 2545 2003 2584 Oct.

296 2617 330 2640 a.
353 2605 471 2642 1518.
493 2605 642 2655 scripta
664 2605 853 2655 epistola,
887 2618 967 2656 qua
987 2605 1203 2642 Eobanum
1222 2605 1397 2642 Hessum
1418 2605 1575 2643 Erasmi
1596 2604 1756 2642 visendi
1787 2616 1907 2641 causa
1926 2602 2003 2640 Lo-

294 2661 457 2697 vanium
487 2662 647 2698 venisse
678 2662 894 2711 gloriatur,
931 2661 1099 2698 ‘saluta’
1132 2661 1269 2698 scribit
1302 2661 1540 2712 ‘diligenter
1567 2674 1717 2698 novum
1738 2660 1907 2698 amicum
1927 2659 2004 2696 Ba-

295 2715 514 2763 thodium’,
548 2717 771 2768 iterumque
802 2718 844 2754 in
877 2718 1048 2768 epistola
1078 2718 1253 2768 gloriosa
1283 2717 1335 2755 ad
1365 2718 1588 2755 Laurinum
1617 2716 1654 2755 d.
1680 2718 1714 2755 1.
1738 2715 1858 2753 Febr.
1884 2715 2004 2752 1523.

295 2770 464 2821 seripta‘2
493 2772 631 2819 Lucae,
665 2774 733 2823 qui
765 2776 914 2824 ‘nuper
935 2773 1122 2811 sodalitio
1146 2770 1511 2824 [Argentoratensi]
1536 2774 1788 2818 accesserat’,
1822 2772 1865 2808 in
1886 2771 2005 2808 Eras-

295 2840 402 2863 mum
430 2827 771 2866 vehementiorem
801 2843 975 2867 amorem
1004 2830 1210 2880 praedicat.
1277 2830 1441 2868 Batodii
1472 2829 1524 2867 ad
1551 2830 1760 2866 Erasmum
1792 2827 2005 2877 epistulam

299 2881 336 2919 d.
358 2884 392 2918 1.
414 2880 501 2919 Oct.
520 2896 556 2920 a.
576 2884 714 2931 1525„
746 2891 789 2922 ut
812 2885 844 2922 is
865 2885 1124 2923 scholasticos
1145 2884 1303 2923 libellos
1331 2885 1609 2924 reformandos
1632 2890 1671 2922 et
1702 2884 1886 2921 classicos
1909 2895 1947 2933 q.
1964 2896 2002 2919 v.

295 2937 419 2974 libros
450 2938 499 2975 ab
532 2938 724 2977 obseaenis
754 2940 1012 2992 moribusque
1039 2942 1231 2979 iuvenum
1258 2943 1388 2980 noxiis
1412 2943 1510 2979 locis
1532 2939 1810 2992 repurgandos
1833 2943 2002 2985 curaret,

389 3035 420 3079 1)
436 3037 575 3069 Erasmi
590 3038 677 3078 Epp.
694 3039 735 3069 L.
746 3039 784 3071 Ρ».
801 3040 898 3072 1706.
913 3040 974 3073 fol.
988 3041 1364 3076 n0.cccxn1.eol.354,
1457 3039 1492 3082 2)
1509 3038 1771 3081 Hutt,0pp.11.
1786 3048 1820 3080 p.
1833 3038 1907 3073 162.
1922 3037 2001 3076 §19-
