2119 3522
323 219 417 266 690
833 233 1097 258 COMMENTARWS
1121 233 1168 258 AD
1192 234 1265 258 ΕΡΡ.
1283 236 1313 258 o.
1331 234 1364 258 v.
1388 234 1465 258 von.
1483 234 1519 258 11.

320 297 406 338 Pag.
427 294 517 330 218.

409 349 488 381 ctus
513 346 737 388 adolescens,
764 346 828 389 qui
853 345 1012 380 Coloniae
1036 345 1074 379 in
1098 344 1257 380 Laureto
1283 346 1397 390 (quod
1422 345 1541 380 Graeci
1565 345 1765 390 daphnona
1787 347 1938 391 vocant)
1962 346 2025 381 bo-

408 403 464 436 nis
493 403 633 436 artibus
664 412 815 446 operam
846 401 1031 445 impendit
1059 401 1202 445 tibique
1235 412 1309 436 non
1340 412 1474 446 pamm
1503 402 1706 436 minatur“.
1754 402 1797 435 In
1827 402 2026 436 novissimo

410 458 615 501 eodemque
640 457 839 491 foedissimo
870 468 935 491 suo
958 457 1087 491 libello
1111 456 1200 502 Eyn
1222 457 1396 502 mitleydl.
1415 458 1518 502 cloey,
1550 457 1584 491 d.
1604 461 1656 491 21.
1674 457 1782 491 Mart.
1799 468 1830 491 a.
1850 461 1946 492 1521.
1965 459 2027 491 ab·

408 513 526 547 soluto
562 512 829 557 Pepericornus
863 512 1092 547 mentionem
1127 512 1216 546 facit
1245 523 1416 558 „meynes
1443 523 1525 548 sons
1555 512 1756 555 Lam-entij
1781 513 1958 557 Mayistri
1986 514 2028 547 in

409 569 586 605 artibus&
618 569 703 612 post
730 568 799 602 hoc
829 568 977 612 tempus
1006 578 1128 611 neque
1152 568 1268 612 patris
1291 579 1412 612 neque
1443 567 1511 601 filii
1534 568 1763 602 mentionem
1786 568 1924 602 factam
1950 579 2027 603 esse

407 635 466 658 me
491 624 616 669 legere
642 623 804 657 memini.
1357 622 1360 623 ⁷

321 685 360 716 17
385 680 463 714 scit.
489 707 496 713 .
512 707 519 714 .
544 679 754 723 Hugonem]
786 678 917 722 Peper.
934 678 958 712 1.
976 689 1005 712 c.
1032 678 1240 723 „allegavit
1268 679 1496 724 Hugonem“
1528 679 1573 713 de
1604 681 1712 724 prato
1743 679 1890 722 florido,
1923 680 2026 724 puto,

409 736 597 769 auctorem
614 734 832 768 Sermonum
850 734 895 768 de
912 735 1080 779 tempore
1099 735 1137 768 et
1152 734 1198 768 de
1216 735 1359 769 sanctis.
1392 734 1443 769 Cf.
1458 734 1536 769 Ind.
1553 734 1669 779 biogr.
1687 746 1722 778 p.
1737 738 1812 769 396.
1826 735 1893 769 art.
1907 734 2027 780 Hugo.

320 795 361 826 18
385 792 439 825 ita
462 794 504 825 ut
525 818 530 824 .
547 818 553 824 .
569 818 576 824 .
590 791 772 835 perficiat]
800 790 871 823 ‘ita
895 790 1007 824 etiam
1032 791 1074 823 ut
1094 817 1123 823 ..
1138 817 1145 823 .
1165 790 1351 834 perficiat'
1377 790 1509 835 Peper.
1525 802 1561 835 p.
1580 794 1655 824 146.
1671 800 1698 824 3.
1711 801 1737 824 4.

320 852 371 882 19.
390 859 467 891 sqq.
495 846 655 881 Dolecmt
675 874 682 880 .
698 874 705 881 .
720 874 727 881 .
747 847 814 890 eos]
839 845 970 889 Peper.
987 857 1023 889 p.
1043 849 1116 879 146.
1135 855 1221 880 7...9.
1270 845 1457 888 „Doleant
1477 874 1506 881 ..
1522 874 1529 881 .
1544 874 1551 881 .
1571 846 1671 890 quod
1694 846 1847 890 propter
1871 845 2027 890 scriptu-

406 914 531 936 rarum
556 902 799 946 allegationes
828 913 953 935 meum
983 901 1155 935 manuale
1187 902 1378 946 speculum
1406 902 1468 946 [cf.
1486 902 1564 936 Ind.
1582 913 1665 936 serr.
1684 913 1718 946 p.
1739 905 1790 936 75.
1807 913 1842 936 n.
1859 901 1954 945 vnn]
1981 901 2027 935 ab

408 959 547 993 eisdem
572 957 783 992 doctoribus
809 959 847 991 et
870 956 1114 1001 compositum
1140 958 1178 991 et
1201 958 1442 992 subornatum
1466 957 1603 992 foret“.

317 1019 357 1049 21
384 1014 595 1048 Erubescat.
615 1041 622 1048 .
645 1041 651 1047 .
672 1013 752 1057 qui]
783 1012 869 1057 Ipsa
898 1013 1013 1047 verba
1036 1012 1274 1056 Pepericorni
1302 1024 1337 1056 p.
1357 1016 1431 1047 146.
1449 1022 1474 1047 9.
1489 1024 1530 1047 10.
1555 1024 1636 1057 quae
1661 1013 1851 1055 secuntur,
1882 1012 2028 1056 paullu-

406 1070 484 1104 lum
508 1070 705 1103 immutata
729 1070 823 1102 sunt.

318 1130 360 1161 23
384 1125 564 1159 Manuale
587 1126 689 1169 spec]
715 1124 794 1158 Ind.
814 1135 899 1158 sorr.
916 1136 951 1168 p.
972 1128 1023 1158 75.
1041 1136 1075 1158 n.
1093 1136 1167 1158 vm.
1185 1124 1273 1168 ibiq.
1291 1124 1479 1158 adnotata.

362 1184 433 1215 tres
455 1181 529 1214 viri
549 1207 555 1214 .
572 1207 600 1215 ..
621 1180 804 1224 allegavit]
830 1179 961 1223 Peper.
980 1191 1014 1223 p.
1035 1183 1107 1213 146.
1127 1189 1246 1214 16...21.
1273 1180 1379 1224 „quis
1395 1179 1465 1214 tibi
1481 1180 1539 1214 tot
1555 1179 1797 1224 allegationes
1814 1191 1880 1214 scr.
1898 1180 2027 1214 dedit?

406 1236 465 1269 [lli
489 1236 656 1280 profecto
673 1236 749 1269 tres
767 1234 1001 1269 celeberrimi
1017 1235 1282 1279 iustissimique
1300 1235 1371 1269 viri
1390 1263 1398 1270 .
1413 1263 1420 1270 .
1435 1263 1442 1269 .
1458 1263 1464 1269 .
1485 1235 1797 1270 concordarunt“.
1822 1236 1845 1269 i.
1863 1246 1894 1270 e.
1910 1235 1938 1269 ii
1953 1236 2028 1269 tres

407 1292 470 1335 qui
500 1303 535 1335 p.
555 1295 628 1326 104.
646 1300 767 1325 22...26.
791 1290 993 1324 laudantur
1024 1292 1061 1325 et
1093 1291 1156 1335 qui
1187 1291 1448 1325 consultationi
1477 1303 1512 1335 p.
1532 1295 1718 1326 104...107.
1744 1291 1914 1335 repetitae
1945 1291 2028 1325 sub-

406 1348 631 1391 scripserunt
654 1359 689 1391 p.
710 1351 782 1381 107.
800 1356 904 1381 8...15.
954 1346 1006 1381 Cf.
1028 1346 1106 1380 Ind.
1129 1346 1247 1391 biogr.
1273 1348 1357 1381 artt.
1381 1346 1547 1392 Angelus
1573 1347 1618 1381 de
1643 1346 1812 1389 Besutio,
1845 1346 2028 1391 Baldung,

406 1403 561 1447 Reysch.

316 1463 358 1494 26
386 1458 534 1503 Genesi]
560 1471 659 1492 xvm.
677 1463 706 1492 2.
739 1458 935 1502 „Cumque
968 1459 1149 1493 elevasset
1182 1458 1305 1493 oculos
1338 1459 1574 1503 (Abraham),
1606 1460 1860 1503 apparuerunt
1891 1458 1926 1493 ei
1955 1459 2030 1492 tres

406 1514 477 1549 viri
501 1515 639 1548 stantes
669 1525 785 1558 prope
811 1525 906 1548 eum.
925 1525 1016 1557 quos
1046 1525 1130 1548 cum
1154 1514 1324 1557 vidisset,
1357 1515 1520 1549 cucurrit
1550 1515 1588 1548 in
1614 1525 1805 1549 occursum
1831 1525 1958 1548 eorum
1983 1513 2029 1548 de

407 1571 499 1605 ostio
531 1569 761 1604 tabernaculi
792 1571 830 1604 et
860 1569 1030 1604 adoravit
1057 1570 1095 1603 in
1125 1572 1307 1604 terram“.
1354 1570 1396 1603 In
1427 1570 1483 1604 his
1507 1570 1625 1604 tribus
1649 1570 1737 1604 viris
1761 1570 1824 1604 alii
1848 1581 1932 1604 cum
1957 1569 2030 1603 Au-

407 1628 554 1671 gustino
581 1625 639 1669 (de
664 1625 780 1659 trinit.
797 1638 844 1659 m.
862 1627 930 1669 20.)
955 1626 1134 1660 trinitatis
1158 1626 1377 1671 imaginem,
1405 1626 1468 1660 alii
1492 1626 1644 1671 angelos
1671 1626 1931 1670 (Michaelem‚
1959 1624 2030 1660 Ga-

406 1682 573 1723 brielem,
599 1681 844 1726 Raphaelem)
870 1683 1085 1726 agnoscunt.
1127 1681 1234 1716 Certe
1259 1681 1358 1716 inter
1381 1681 1463 1716 illos
1487 1683 1562 1716 tres
1579 1682 1676 1716 viros
1701 1681 1765 1726 qui
1781 1681 2030 1726 Pepericorno

409 1737 645 1772 ‘autoritates
677 1737 896 1779 dederunt’,
929 1749 1023 1771 unus
1054 1737 1125 1771 fuit
1148 1737 1329 1782 Angelus,
1368 1737 1510 1772 scilicet
1532 1738 1559 1772 I.
1579 1737 1622 1772 V.
1643 1737 1686 1772 D.
1712 1738 1751 1772 et
1773 1736 2030 1782 Friburgensis

410 1793 626 1828 ordinarius.
657 1792 742 1826 Vid.
758 1792 925 1836 Peperic.
944 1792 1024 1827 Def.
1043 1805 1078 1837 p.
1099 1797 1172 1827 107.
1189 1805 1223 1827 v.
1240 1797 1290 1827 12.

318 1854 359 1884 27
383 1850 611 1884 subsannant
630 1849 694 1892 me]
722 1847 1003 1891 ‘Subsamnare,
1023 1849 1265 1891 subsannare,
1290 1849 1506 1892 subsanare,
1531 1853 1687 1893 spotten,
1705 1850 1763 1884 be·
1787 1852 2029 1892 ver-spotten,

407 1904 647 1947 -schimpfen,
684 1905 850 1947 -laehen,
887 1905 946 1939 (lie
982 1916 1096 1939 naseu
1132 1906 1219 1940 uber
1249 1906 1309 1940 ein
1343 1906 1536 1949 rumpffen.
1567 1905 1818 1940 snerken...“
1856 1903 2027 1939 Diefenb.

408 1960 565 1996 Glossar.
585 1961 620 1995 h.
638 1973 672 1995 v.

362 2018 554 2062 seatonem]
582 2016 626 2051 cf.
645 2016 692 2050 ad
711 2018 781 2051 721.

356 2076 560 2117 percuteret
594 2083 649 2107 eos
673 2073 791 2117 playa
819 2073 878 2116 m]
910 2072 1036 2107 Verba
1066 2083 1139 2108 non
1166 2083 1210 2107 ex
1234 2073 1299 2107 Iob
1331 2074 1479 2117 sumpta
1510 2073 1611 2115 sunt,
1649 2072 1714 2107 sed
1745 2083 1789 2107 ex
1813 2071 1914 2106 Esth.
1931 2085 1978 2106 1x.
1999 2076 2029 2107 5.

408 2156 445 2172 „.
462 2130 744 2173 .percusserunt
767 2128 882 2163 Iudaei
905 2128 1073 2162 inimicos
1098 2139 1181 2163 suos
1204 2128 1317 2173 plaga
1340 2140 1476 2174 magna
1497 2131 1575 2163 ..“.
1606 2122 1609 2125 ¹

318 2190 361 2220 30
384 2186 506 2229 semel]
538 2183 754 2228 aliquando,
787 2184 926 2226 denuo,
958 2185 999 2218 ut
1028 2184 1117 2218 fecit
1140 2184 1205 2218 Iob
1229 2196 1312 2218 xin.
1332 2188 1383 2219 10.
1400 2196 1478 2229 sqq.
1527 2183 1737 2227 „Dominus
1767 2194 1914 2228 quoque
1946 2194 2029 2218 con-

407 2251 534 2274 versus
558 2241 614 2274 est
637 2239 684 2273 ad
708 2240 965 2284 paenitentiam
990 2239 1055 2274 Iob
1075 2267 1081 2274 .
1098 2266 1105 2274 .
1126 2241 1163 2274 et
1187 2240 1333 2274 addidit
1357 2240 1498 2283 omnia,
1525 2250 1753 2284 quaecunque
1777 2239 1928 2274 fuerant
1950 2239 2027 2282 Iob,

408 2295 572 2339 duplicia
591 2323 598 2330 .
613 2322 620 2329 .
632 2298 670 2330 “.

319 2355 359 2386 31
385 2352 546 2386 salutare
570 2360 719 2385 uxorem
743 2352 817 2395 etc]
848 2351 987 2385 Iterum
1011 2352 1221 2396 iterumque
1248 2351 1423 2386 Ortvinus
1454 2351 1629 2386 adulterii
1660 2362 1744 2385 cum
1766 2350 2030 2395 Pepericornia

409 2406 760 2441 commemoratione
787 2406 976 2450 pungitur.

319 2466 361 2497 32
385 2472 460 2496 noro
483 2461 590 2496 valde
612 2462 844 2505 speculative]
871 2460 1022 2496 Scilicet
1037 2461 1251 2497 Worstiana
1273 2462 1438 2497 defensio
1469 2462 1547 2498 fere
1572 2463 1695 2497 omnia
1719 2473 1785 2497 sua
1802 2473 1846 2497 ex
1863 2461 1945 2506 ipsa
1960 2461 2027 2496 Pe-

268 2514 271 2516 *
409 2516 853 2562 pericomo-Ortviniana
877 2517 1000 2552 habet.

319 2578 361 2608 33
384 2574 607 2617 Antverpz'ae]
632 2572 730 2607 unde
755 2573 832 2607 haec
856 2583 931 2607 una
955 2584 1011 2617 ep.
1031 2574 1118 2608 data
1142 2575 1205 2608 est.
1253 2574 1465 2608 Hollandici
1488 2573 1703 2619 Belgicique
1729 2573 1899 2609 monachi
1924 2572 2028 2608 Colo-

408 2629 592 2663 niensium
616 2628 784 2673 partibus
810 2629 923 2663 etiam
948 2629 985 2662 in
1010 2629 1079 2664 hac
1104 2640 1214 2664 causa
1238 2629 1326 2664 fidei
1350 2629 1537 2664 favebant.

318 2776 506 2820 Pag.219.
568 2772 802 2809 EPISTOLA
825 2776 884 2812 19.
927 2773 1186 2810 CONRADVS
1203 2773 1535 2810 VNCKEBVNCK
1553 2773 1782 2809 ORTVINO.

320 2856 340 2886 2
364 2851 618 2886 Unckebunck
644 2853 699 2886 est
727 2852 826 2887 inter
851 2853 1050 2887 ‘attributa
1073 2865 1155 2898 quae
1184 2853 1398 2889 meretrices
1423 2853 1514 2888 dant
1544 2852 1617 2887 suis
1641 2852 1884 2886 amatoribus’
1910 2852 1948 2886 in
1972 2853 2028 2887 Ia-

410 2907 492 2941 cobi
516 2907 685 2942 Hartlieb
710 2907 765 2942 De
798 2907 871 2943 fide
901 2909 1139 2943 meretricum
1170 2910 1224 2953 (p.
1244 2913 1296 2944 82.
1315 2909 1372 2943 ed.
1389 2907 1566 2951 Zarnck.).
1597 2909 1688 2952 puto
1719 2907 1926 2952 significare
1950 2907 2027 2942 sive

409 2962 556 3006 nigrum
580 2962 642 2996 vel
670 2963 885 2998 bufonicum
915 2964 1071 2998 bulbum
1095 2963 1157 2998 vel
1187 2964 1356 3009 globum,
1388 2965 1431 2998 ut
1459 2964 1552 3006 ank,
1584 2964 1650 2998 isnk
1680 2964 1736 2998 est
1766 2963 2026 3006 atramentum,

411 3017 487 3051 sive
512 3028 601 3059 unc,
624 3018 719 3052 unlee
742 3029 833 3052 rana
855 3019 1047 3062 bombina,
1083 3021 1121 3054 et
1139 3030 1242 3063 punc
1270 3020 1347 3055 sive
1372 3021 1489 3064 bunye
1512 3036 1555 3048 =
1578 3019 1696 3054 knolle
1719 3018 1776 3052 sit.
1824 3017 2028 3052 Schmeller
