2119 3522
316 233 410 278 64()
744 245 1008 269 COMMENTARIVS
1031 244 1077 265 AD
1103 244 1173 264 EPP.
1192 242 1222 264 0.
1239 243 1272 265 V·
1297 242 1374 264 ΥΟΕ.
1392 242 1415 264 I.
1440 241 1584 263 APPEND.

313 307 512 393 Pag-fEQe
540 361 615 401 (‘1x
639 367 783 391 menses
807 356 882 389 iam
906 355 944 388 in
969 354 1079 388 Italia
1109 353 1207 387 sum'
1232 340 1378 397 scripsit
1401 352 1576 387 Bononiae
1602 351 1635 385 d.
1654 356 1684 386 9.
1702 351 1813 396 Aug.:
1841 350 1934 396 Opp.
1951 351 1974 384 l.
1993 362 2022 385 c.

401 427 436 459 p.
456 416 598 458 124¹6.)‚
624 413 785 456 indeque
810 411 978 455 proximo
1005 410 1155 444 demum
1180 419 1275 443 anno
1298 408 1336 442 in
1355 407 1593 443 Germaniam
1617 407 1780 441 rediisse.
1826 407 1958 451 Itaque
1982 407 2025 440 ut

402 470 552 504 nomina
587 470 780 503 auctorum
811 466 1068 510 epistolarum,
1105 465 1159 499 ita
1191 465 1358 499 locorum
1389 474 1536 508 quoque
1567 463 1632 497 ubi
1662 463 1805 507 scriptae
1840 462 2022 504 feruntur,

403 525 489 559 ficta
520 536 595 559 esse
622 524 787 568 apparet.
836 521 909 556 Sed
940 522 978 555 et
1002 521 1146 555 dierum
1177 520 1464 564 subscriptiones
1495 519 1661 564 epistolis
1685 523 1737 553 47.
1757 520 1795 553 et
1817 521 1871 553 48.
1889 518 2024 552 additae

403 582 467 615 aut
490 592 586 614 verae¹
612 590 684 613 non
709 579 809 620 sunt,
842 578 908 612 aut
930 577 1118 611 Huttenus
1143 587 1204 610 eas
1230 575 1406 610 Bononiae
1432 575 1591 620 scripsit,
1626 576 1691 609 aut
1718 585 1792 609 non
1817 574 2025 608 Huttenum

403 637 467 671 sed
498 636 610 670 alium
643 636 832 669 auctorem
857 645 908 668 eae
938 633 1094 667 habent:
1127 632 1227 676 quod
1256 632 1486 676 postremum
1515 630 1742 676 negaverim.
1790 630 1878 672 Quae
1907 630 1945 663 in
1968 629 2026 663 his

403 706 453 727 v11
484 691 699 736 appendicis
731 690 897 735 epistolis
919 689 1113 733 leguntur,
1147 687 1270 721 omnia
1301 687 1414 721 etia-m
1445 688 1530 721 ante
1563 687 1728 721 aestatem
1753 697 1784 720 a.
1803 689 1899 721 1516.
1917 685 2027 720 scribi

403 748 606 793 potuerunt
636 748 675 781 et
705 746 750 780 ab
782 746 965 787 Hutteno,
1002 745 1110 789 puto,
1143 744 1280 788 scripta
1317 744 1437 785 erant;
1474 753 1596 787 neque
1626 742 1701 777 illae
1733 742 1810 776 dies
1840 745 1893 776 25.
1911 742 1950 775 et
1972 744 2024 774 21.

403 805 498 849 Aug.
516 814 645 837 verum
670 813 742 846 quo
769 801 913 846 scriptae
932 801 1018 834 sunt
1034 799 1198 844 epistolae
1222 801 1381 844 tempUS,
1406 800 1449 833 ut
1472 809 1593 842 neque
1610 798 1704 832 illud
1731 800 1793 832 ‘ex
1811 797 2025 841 Strassberg'

405 861 444 894 et
469 859 618 893 ‘Rome’
645 869 752 892 veras
776 857 840 891 ubi
866 857 1012 901 scriptae
1036 856 1121 890 sunt
1144 855 1313 890 civitates
1337 855 1519 889 indicant:
1546 854 1585 897 si,
1613 865 1697 889 cum
1714 853 1944 888 scribebatur
1969 863 2026 896 ep.

404 920 469 958 48„
497 915 575 949 dies
592 919 622 949 2.
639 914 706 948 Iul.
725 925 756 948 a.
777 917 871 948 1516.
890 913 965 946 iam
981 912 1192 957 praeteritus
1209 911 1339 945 fuisset
1356 911 1414 954 (cf.
1434 910 1564 955 Consp.
1583 910 1745 944 chronol.
1762 922 1797 954 p.
1818 913 1892 944 139.
1910 909 1944 942 h.
1964 908 2025 952 d.)‚

404 971 646 1006 Hochstratus
662 981 735 1003 non
753 970 807 1003 ita
822 970 865 1003 ut
880 969 915 1002 in
934 968 999 1002 illa
1017 979 1072 1012 ep.
1090 968 1231 1002 factum
1250 968 1322 1009 est,
1350 966 1503 1011 depingi
1519 966 1702 1011 potuisset
1719 979 1726 999 ε
1744 965 1823 1009 ipse
1841 964 2027 998 Huttenus

403 1028 477 1061 iam
503 1027 561 1061 die
585 1030 637 1061 31.
655 1025 722 1059 Iul.
749 1025 935 1059 Gerbellio
969 1024 1130 1068 scripsit,
1172 1023 1438 1067 Hogostratum
1476 1022 1568 1055 nihil
1599 1021 1760 1055 effecisse
1793 1020 2026 1063 fractumque

403 1083 526 1117 animo
562 1082 855 1124 destitutumque
893 1080 1098 1114 discessisse
1134 1079 1265 1122 lupum
1295 1078 1471 1112 hiantem.
1511 1077 1574 1120 (cf.
1598 1077 1703 1111 Hutt.
1728 1076 1822 1121 Opp.
1844 1089 1868 1110 1.
1890 1087 1925 1120 p.
1954 1079 2026 1109 106.

402 1140 586 1182 V.3.sqq.)
618 1137 712 1171 Vide
744 1137 855 1170 ctiam
889 1147 945 1180 ep.
964 1136 1007 1169 Π.
1026 1139 1078 1170 53.
1127 1135 1169 1168 Id
1194 1145 1341 1178 quoque
1373 1133 1644 1168 observandum
1676 1133 1747 1175 est,
1781 1142 1825 1166 ex
1858 1131 2027 1165 omnibus

404 1195 444 1230 Ο.
461 1195 505 1229 V.
523 1194 616 1239 Epp.
633 1204 707 1228 non
732 1192 801 1226 nisi
826 1192 881 1226 his
907 1192 1050 1225 duabus
1075 1190 1174 1224 diem
1200 1191 1384 1225 adiectam
1411 1200 1499 1224 esse.

427 1328 663 1363 EPISTOLA
681 1329 745 1366 48.
764 1327 881 1370 (APP.
903 1327 951 1370 7.)
992 1325 1198 1361 IACOBVS
1225 1324 1288 1359 DE
1313 1323 1442 1358 ALTA
1465 1323 1657 1358 PLATEA
1683 1323 1914 1360 ORTVINO.

313 1424 355 1454 <23
380 1420 458 1453 Iac.
476 1419 519 1452 de
543 1418 631 1451 Alta
652 1417 791 1461 platea]
819 1416 863 1450 cf.
882 1416 959 1449 Iud.
978 1416 1095 1460 biogr.
1113 1427 1148 1459 p.
1167 1419 1242 1450 394.
1260 1427 1311 1459 sq.
1331 1416 1397 1449 art.
1415 1414 1642 1449 Hochstrat.-

313 1479 355 1509 24
379 1474 630 1517 Septenarum]
658 1473 718 1514 sic,
745 1483 811 1516 pro
837 1473 991 1516 septem,
1018 1471 1187 1505 solebant
1212 1472 1249 1505 et
1267 1470 1442 1505 Ortvinus
1461 1472 1497 1505 et
1513 1470 1767 1505 Hochstratus.
1798 1470 1842 1505 cf.
1861 1482 1896 1515 p.
1914 1471 2027 1504 284¹3.

357 1531 594 1574 humillimus]
621 1530 661 1562 In
678 1529 806 1563 libello
825 1528 1052 1562 accusatorio
1071 1527 1129 1571 (cf.
1150 1527 1280 1571 Consp.
1300 1526 1462 1561 chronol.
1480 1538 1515 1570 p.
1532 1530 1605 1560 126.
1627 1526 1661 1560 d.
1681 1531 1732 1561 15.
1747 1526 1848 1571 Sept.
1867 1538 1898 1561 a.
1916 1529 2026 1568 1513.)

404 1587 475 1619 est:
503 1585 609 1628 „Nos
627 1585 780 1619 Iacobus
798 1585 843 1618 de
861 1584 1107 1618 Hochstraten
1133 1583 1271 1617 ordinis
1295 1583 1581 1627 praedicatorum
1606 1593 1716 1617 sacrae
1740 1582 1938 1628 theologiae
1961 1582 2028 1616 hu-

402 1642 500 1675 milis
523 1641 722 1686 professor,
757 1652 797 1674 ac
823 1640 1027 1684 apostolica
1051 1640 1272 1673 auctoritate
1297 1639 1480 1673 haereticae
1505 1639 1701 1682 pravitatis
1725 1638 1926 1682 Inquisitor
1943 1666 1950 1673 .
1969 1641 2026 1674 .“.

357 1708 496 1732 Necnon
522 1698 724 1742 inqenmmz]
751 1696 830 1730 Hoc
854 1707 927 1730 non
953 1696 1131 1729 usitatum
1157 1695 1319 1739 elogium
1339 1694 1525 1729 adiectum
1551 1696 1606 1729 est
1623 1694 1669 1729 ad
1687 1695 1928 1729 deridendam
1952 1706 2027 1729 ma-

403 1753 601 1797 gistrorum
626 1754 835 1787 nostrorum
860 1752 1063 1797 grandibus
1087 1752 1235 1785 honoris
1259 1751 1470 1785 nominibus
1494 1751 1733 1795 superbiendi
1757 1751 2026 1795 impotentiam.

405 1809 448 1843 cf.
467 1809 513 1843 ad
538 1809 701 1853 inscript.
723 1808 888 1852 epistolae
913 1808 939 1842 Ι.
960 1812 988 1842 1.

314 1870 355 1900 ‘3ss
380 1866 421 1899 sin
446 1866 596 1909 aliqszb.
608 1865 758 1909 partib]
786 1864 864 1898 Hoc
889 1863 1126 1898 referendum
1145 1864 1199 1897 est
1225 1863 1271 1897 ad
1288 1863 1502 1897 Hochstrati
1518 1863 1807 1907 usurpationem,
1834 1874 1917 1908 qua,
1944 1874 2027 1897 cum

402 1932 475 1955 non
506 1921 576 1954 nisi
606 1931 674 1965 per
704 1920 959 1954 Coloniensem
990 1919 1219 1964 provinciam
1250 1919 1431 1954 haereticae
1461 1919 1657 1963 pravitatis
1692 1920 1889 1964 inquisitor
1920 1921 2026 1962 esset,

403 1977 605 2022 Moguntiae
631 1977 664 2011 d.
683 1981 713 2011 S.
732 1976 811 2011 Oct.
830 1987 860 2010 a.
880 1980 976 2010 1513.
995 1975 1167 2019 exempla
1192 1975 1341 2020 Speculi
1367 1975 1524 2009 ocularis
1557 1976 1815 2010 commissariis
1839 1976 1937 2010 tradi
1960 1988 2027 2020 pu-

403 2033 499 2067 blico
524 2033 699 2067 mandato
724 2033 897 2074 iusserat,
931 2032 980 2066 sic
1007 2043 1172 2066 exorsus:
1205 2031 1365 2074 „Frater
1394 2031 1548 2065 Iacobus
1574 2031 1619 2066 de
1645 2031 1892 2066 Hochstraten
1917 2043 2027 2066 sacrae

403 2089 601 2134 theologiae
631 2089 816 2133 professor
845 2088 983 2122 ordinis
1013 2087 1299 2132 praedicatorum
1328 2098 1397 2122 nec
1428 2098 1500 2121 non
1536 2098 1604 2132 per
1633 2087 1891 2133 Moguntinam
1924 2088 2027 2123 Colo-

403 2145 568 2179 niensem
593 2145 861 2179 Treverensem
886 2144 1095 2188 provincias
1111 2144 1293 2178 haereticae
1317 2143 1512 2188 pravitatis
1528 2143 1728 2188 Inquisitor
1753 2155 1774 2178 a
1790 2145 1917 2178 sancta
1940 2144 2027 2186 sede

404 2201 607 2245 apostolica
643 2201 843 2245 deputatus
879 2200 1055 2242 salutem,
1095 2201 1133 2234 et
1161 2200 1294 2234 nostris
1326 2199 1439 2234 immo
1471 2201 1592 2234 verius
1630 2199 1839 2244 apostolicis
1876 2200 2026 2234 obedire

404 2257 623 2291 mandatis.“
671 2256 790 2290 Breve
823 2255 1068 2300 apostolicum
1100 2255 1133 2289 d.
1154 2259 1204 2290 17.
1227 2255 1322 2290 Nov.
1341 2267 1371 2290 a.
1391 2260 1486 2290 1513.
1523 2256 1680 2290 Romam
1715 2256 1806 2290 citat
1843 2256 2026 2300 „fratrem

405 2313 579 2347 Iacobum
605 2313 650 2346 de
676 2312 922 2346 Hochstraten
946 2322 1012 2355 pro
1038 2311 1176 2345 ordinis
1206 2311 1491 2355 praedicatorum
1522 2312 1728 2356 professore
1754 2313 1792 2346 et
1821 2312 1906 2346 haer.
1923 2323 2026 2356 prav.

405 2369 442 2401 in
474 2369 583 2402 certis
617 2367 817 2412 provinciis
849 2366 1076 2401 Germanicae
1108 2367 1267 2401 nationis
1303 2367 1520 2410 inquisitore
1553 2378 1589 2402 se
1621 2369 1856 2412 gerentem“.
1882 2369 1920 2402 et
1950 2368 2027 2412 ipsc

404 2423 629 2458 Reuchlinus
653 2424 691 2457 in
717 2434 773 2467 ep.
792 2423 839 2457 ad
855 2423 1124 2467 Wimpheling.
1142 2423 1176 2457 d.
1195 2428 1247 2458 30.
1264 2423 1357 2457 Nov.
1377 2434 1407 2456 a.
1431 2427 1523 2457 1513.
1542 2424 1680 2467 scripta
1704 2423 1883 2465 „Iacobus
1907 2423 2027 2458 Hoch-

406 2481 587 2522 straten“,
614 2480 667 2514 ait
691 2478 827 2521 „Prior
852 2478 1078 2513 Coloniensis
1102 2479 1399 2523 praedicatorum,
1427 2480 1490 2522 qui
1514 2490 1550 2513 se
1576 2479 1744 2513 nominat
1767 2479 2027 2523 Inquisitorem

404 2536 607 2570 Provinciae
623 2535 862 2580 Moguntinae,
890 2546 973 2569 cum
997 2535 1123 2568 tamen
1148 2534 1178 2568 is
1202 2546 1323 2579 neque
1349 2535 1405 2577 sit,
1432 2546 1552 2579 neque
1579 2546 1656 2569 esse
1680 2535 1796 2579 possit
1821 2546 1865 2569 ex
1891 2535 2028 2569 ordinis

405 2594 460 2626 sui
485 2591 825 2633 constitutionibus,
858 2591 958 2625 misit
983 2591 1029 2625 ad
1054 2602 1112 2625 me
1138 2591 1358 2635 scripturam
1386 2591 1572 2635 privatam
1597 2592 1635 2625 et
1662 2602 1737 2626 non
1762 2591 2025 2633 authenticam,

404 2659 471 2682 nec
503 2648 581 2692 ipse
613 2647 768 2682 nuncius
799 2647 844 2681 de
876 2647 1131 2682 commissione
1164 2658 1229 2681 sua
1259 2647 1372 2681 fidem
1396 2647 1552 2689 fecerat,
1584 2658 1658 2692 qua
1688 2658 1747 2681 me
1778 2647 1958 2681 citavit..
1977 2649 2027 2681 .“.

404 2704 525 2738 Etiam
550 2704 588 2737 in
613 2703 780 2738 Hochstr.
798 2704 932 2738 ovante
958 2706 977 2745 ἕ
995 2706 1047 2738 37.
1072 2703 1315 2737 Hochstratus
1340 2703 1392 2737 ait
1415 2703 1518 2748 „Ego
1543 2703 1715 2747 princeps
1737 2715 1817 2737 sum
1833 2702 2026 2748 Magistro-

406 2771 487 2793 rum
510 2760 790 2802 Haereticorum,
815 2759 934 2794 habeo
960 2759 1026 2793 sub
1050 2770 1134 2793 meo
1159 2759 1329 2794 districtu
1353 2760 1428 2793 tres
1453 2759 1821 2803 archiepiscopatus“
1847 2760 1915 2793 etc.

316 2819 357 2850 27
384 2816 627 2850 haereticorum
651 2817 833 2862 mayister]
861 2815 1093 2860 ambiguum:
1120 2826 1216 2859 saepe
1236 2816 1274 2849 et
1297 2815 1342 2849 ab
1361 2815 1449 2859 ipsis
1472 2814 1750 2859 inquisitoribus
1774 2825 1842 2858 pro
1860 2824 1903 2848 eo
1928 2814 2027 2858 quod

408 2872 463 2904 est
486 2871 666 2906 haneticae
692 2872 886 2916 pravitatis
910 2872 1088 2916 magister
1104 2871 1346 2914 scribebatur,
1371 2870 1560 2905 interdum
1585 2871 1709 2905 autem
1735 2871 1773 2904 et
1795 2871 1954 2904 maxime
1980 2870 2025 2903 ab

407 2926 624 2961 adversariis
650 2930 687 2962 et
710 2929 928 2962 humanistis
952 2938 1019 2971 pro
1044 2927 1243 2971 principali
1265 2927 1451 2969 haeretico,
1476 2927 1734 2961 haereticorum
1759 2926 1891 2970 capite.

317 2985 360 3016 29
384 2982 547 3026 trahens]
579 2983 699 3028 Euge!
732 2984 802 3018 Vel
832 2985 861 3017 si
886 2995 959 3017 non
992 2984 1263 3017 nominativum
1293 2983 1359 3017 sed
1383 2982 1551 3016 dativum
1581 2982 1779 3026 posuisset,
1813 2984 1938 3015 tamen
1965 2980 2026 3014 de-

407 3037 589 3071 lectabilis
612 3039 861 3073 barbarismus
886 3040 997 3073 esset:
1029 3040 1107 3083 ipse
1132 3039 1265 3073 misere
1291 3039 1329 3073 et
1356 3038 1554 3072 infeliciter
1579 3037 1704 3071 Romae
1735 3037 1875 3081 degens
1906 3036 2026 3070 Hoch-
