2119 3522
298 243 393 287 644
726 253 989 276 COMMENTARIVS
1013 253 1059 274 AD
1084 253 1156 274 EPP-
1174 253 1205 274 Ο.
1221 253 1255 275 V.
1279 252 1356 274 VOL.
1374 252 1397 274 1.
1423 251 1565 274 APPEND.

295 317 380 357 Pag-
402 315 463 351 76.
761 367 895 409 Impius
920 370 955 398 et
979 366 1110 398 clerum
1134 365 1289 408 perdidit
1312 369 1346 398 et
1371 365 1555 408 populum:

695 423 873 455 Hostibus
897 422 1045 454 infensis
1071 422 1235 464 supplex,
1259 421 1388 454 infidus
1414 422 1555 454 amicis.

763 478 863 511 Scire
889 479 991 520 cupis
1015 478 1143 520 paucis
1168 478 1310 509 cetera?
1334 478 1433 520 Papa
1453 477 1534 511 fuit.

382 535 540 569 Paulum
564 533 708 567 lovium
734 534 914 576 (eumque
939 532 1138 575 sequentes
1160 531 1405 575 recentiores)
1437 542 1558 565 errare
1590 531 1784 565 scribendo
1809 530 2005 574 „Hostrati

382 589 525 624 tumulo
555 589 624 623 hoc
660 588 784 622 nobile
821 597 970 621 carmen
1002 586 1087 620 ‘Hic
1122 586 1221 620 iacet
1248 586 1430 620 Hochstr.’
1464 586 1661 631 Capnionis
1696 597 1855 631 puerum
1881 587 1927 631 [2]
1953 586 2004 620 af-

382 646 546 686 fixisse“,
574 644 687 678 etiam
712 638 758 678 ad
782 642 938 677 Baelium
963 643 1030 676 art.
1047 641 1249 677 Hochstrat
1272 642 1491 676 adnotatum
1517 644 1581 676 est.
1618 642 1748 686 Ibique
1775 642 1888 676 etiam
1912 642 2003 687 legi-

380 703 458 735 tur:
490 700 574 743 „Ge
597 701 689 734 oz'est
719 700 851 744 qu'une
881 698 1068 732 imitation
1093 698 1138 732 de
1167 698 1312 733 celle-ci
1336 698 1380 733 de
1403 698 1568 733 Politz'eu
1590 708 1655 732 sm·
1678 698 1710 732 le
1733 698 1844 732 Poete
1866 697 2006 732 Mabile

381 757 572 801 (Marulle)
598 766 663 790 son
688 756 845 789 eomcmz':

636 813 755 845 Flecte
780 813 897 845 viator
921 813 1000 853 iter,
1024 812 1124 844 foetet
1151 810 1304 854 [foetens]
1331 823 1413 844 nam
1438 815 1541 854 putre
1565 812 1692 844 Mabili

693 870 771 901 Hac
795 869 897 901 fovea
922 879 1052 911 corpus
1077 868 1242 900 conditur
1266 871 1374 910 atque
1397 869 1573 901 animus.“

289 931 332 961 23
357 926 443 969 Ipse
468 934 606 969 quoque
630 925 705 968 etc]
732 923 844 968 Verg.
862 923 955 957 Aen.
972 934 1005 956 v.
1024 922 1089 956 ult.
1108 923 1147 956 et
1169 935 1216 956 xi.
1235 925 1309 957 831.
1343 922 1530 966 „Vitaque
1555 933 1639 957 cum
1663 922 1806 967 gemitu
1830 922 1929 967 fugit
1950 921 2004 955 in-

380 982 534 1026 dignata
559 980 625 1014 sub
650 979 836 1013 umbras.“
1462 1013 1475 1017 A

286 1041 330 1072 24
355 1037 505 1071 M'oestus
530 1063 537 1070 .
557 1064 562 1070 .
583 1063 589 1070 .
616 1035 712 1079 crat]
738 1034 892 1069 Viventi
916 1034 1139 1069 Hochstrato
1170 1034 1357 1068 Huttenus
1386 1033 1465 1068 haec
1491 1034 1684 1078 epitaphia
1713 1033 1818 1076 fecit,
1851 1033 1896 1068 de
1927 1044 2003 1068 mo-

376 1093 494 1127 riente
526 1091 698 1125 Erasmus
730 1090 859 1124 Ioanni
892 1101 913 1124 a
943 1090 1057 1124 Lasco
1087 1089 1196 1124 Basil.
1215 1090 1248 1123 d.
1269 1094 1320 1124 17.
1337 1089 1421 1124 Mai.
1446 1101 1477 1124 a.
1498 1094 1594 1124 1527.
1618 1090 1779 1134 scripsit:
1813 1089 2004 1132 „Coloniae

376 1149 490 1193 periit
513 1147 668 1181 Iacobus
692 1146 947 1188 Hochstratus,
974 1145 1190 1190 coryphaeus
1213 1145 1322 1178 huius
1346 1145 1556 1190 tragoediae,
1583 1146 1647 1190 qui
1670 1147 1797 1180 tamen
1821 1146 1860 1179 in
1883 1146 2003 1180 morte

378 1204 514 1238 dicitur
536 1202 724 1236 nonnullis
749 1201 873 1236 verbis
896 1201 1102 1246 prodidisse
1127 1212 1260 1246 parum
1284 1201 1466 1236 sinceram
1490 1201 1790 1236 conscientiam.“

287 1266 329 1296 25
352 1261 487 1295 ‘ivimus
511 1259 560 1293 ad
586 1258 634 1302 d.]
661 1257 812 1292 domum
836 1257 1023 1291 rediimus.

285 1322 328 1352 26
352 1316 534 1350 docuimus
551 1342 557 1348 .
577 1341 584 1349 .
604 1342 609 1348 .
627 1314 754 1358 supra]
781 1313 844 1346 diu
868 1313 1061 1357 multaque
1085 1312 1277 1348 nobiscum
1301 1314 1570 1358 reputavimus,
1597 1315 1677 1349 und
1699 1315 1767 1349 wir
1791 1315 1898 1359 layen
1918 1315 2006 1349 ‘iiber

377 1377 397 1407 8
422 1372 508 1406 oder
534 1375 575 1405 14
602 1370 634 1403 T
633 1381 698 1414 aye
722 1370 854 1403 ἀνιῶσι·
877 1369 948 1403 her.
975 1369 1034 1413 (cf.
1052 1370 1131 1403 ‘ein
1157 1369 1276 1414 Tayer
1299 1373 1319 1404 8
1344 1370 1400 1404 od.
1420 1371 1505 1413 14’.)

287 1433 329 1464 28
353 1431 426 1462 stat
444 1454 451 1461 .
471 1455 476 1460 .
497 1454 503 1460 .
522 1427 690 1470 interius]
718 1426 806 1459 (Irin
829 1426 931 1467 steht,
956 1436 1092 1460 nomen
1117 1425 1331 1460 Hochstrati
1354 1425 1407 1460 ibi
1432 1426 1611 1471 scriptum
1637 1428 1701 1461 est.

333 1488 399 1519 att.
416 1495 470 1518 me
493 1484 589 1527 ante]
616 1482 710 1516 mich
734 1482 967 1525 (mbetreffen,
991 1492 1066 1516 non
1090 1493 1149 1516 me
1174 1481 1322 1524 volunt,
1348 1493 1421 1516 non
1447 1493 1506 1516 me
1530 1484 1666 1527 petunt
1688 1483 1755 1517 illa
1778 1484 1951 1518 carmina.

287 1545 329 1575 29
354 1541 395 1574 in
420 1540 519 1584 tent]
545 1539 595 1572 im
613 1538 838 1579 Deutscheu,
862 1537 937 1580 stuf
954 1538 1110 1572 deutsch.
1135 1538 1193 1572 Ita
1209 1538 1341 1572 inutile
1359 1538 1400 1572 in
1417 1549 1491 1572 non
1509 1539 1682 1572 omittere
1700 1539 1822 1573 solent
1839 1538 2003 1573 Obscuri.

287 1602 329 1631 33
354 1597 432 1630 volo
456 1596 524 1630 siba·
550 1595 624 1639 etc]
652 1594 696 1628 ei.
721 1593 894 1637 Erumpit
916 1594 1109 1628 iracundia
1132 1593 1369 1638 inquisitoris.

287 1656 329 1688 35
353 1652 514 1695 staftruvs]
542 1650 623 1684 Ital.
639 1649 817 1693 stafficre,
838 1649 902 1693 qui
919 1649 1112 1694 stapedem
1130 1649 1225 1694 (Ital.
1243 1651 1373 1693 staffa,
1399 1650 1445 1684 ab
1463 1650 1577 1694 antiq.
1597 1649 1719 1685 Germ.
1737 1651 1883 1695 stapho,
1906 1651 2003 1686 unde

376 1707 487 1742 hodie
505 1706 635 1750 Stapf,
659 1705 892 1749 thssstapf),
919 1717 1030 1750 quem
1047 1706 1249 1741 Romanice
1273 1706 1432 1750 stapiam
1456 1706 1658 1749 vocabant,
1693 1707 2004 1751 equum-adscen-

341 1777 345 1779 -
378 1763 481 1797 denti
499 1763 613 1796 tenet.
645 1761 986 1806 Steigybayelhalter,
1011 1762 1235 1796 Reitlmecht.
1274 1761 1326 1797 Cf.
1344 1761 1523 1807 Ducange
1541 1772 1620 1796 voc.
1640 1761 1755 1797 Staffa
1770 1774 1805 1797 n.
1819 1767 1850 1797 2.
1865 1761 2004 1807 Stapia.

333 1819 431 1854 card.
449 1829 476 1853 s.
493 1818 638 1862 Enseu]
664 1817 768 1851 Petri
793 1817 838 1851 de
864 1817 1036 1852 Accoltis.
1062 1818 1106 1852 cf.
1124 1817 1203 1852 Ind.
1220 1818 1337 1863 biogr.
1356 1830 1390 1862 p.
1409 1822 1485 1853 293.
1504 1819 1571 1852 art.
1585 1818 1756 1853 Accoltis.

288 1882 330 1912 39
354 1875 527 1918 Pfefferk.
547 1902 553 1908 .
574 1902 580 1908 .
599 1874 699 1918 Iud]
727 1873 770 1907 cf.
789 1873 868 1907 Ind.
886 1884 970 1908 scrr.
989 1885 1023 1918 p.
1042 1878 1095 1909 84.
1113 1886 1164 1918 sq.
1183 1886 1217 1908 11.
1234 1886 1349 1908 xv1111.

286 1936 373 1976 Pag.
395 1934 456 1969 77.

287 1993 307 2023 2
332 1987 584 2031 maomnaluca]
604 1986 681 2020 sive
699 1985 965 2020 Mameluchus.
991 1986 1186 2032 Ducange:
1206 1986 1441 2022 Mameluchi.
1490 1986 1549 2021 Sic
1567 1987 1810 2032 appellabant
1826 1987 2005 2033 Aegyptii

377 2043 564 2087 mancipia
589 2042 812 2085 Christiana,
846 2044 911 2077 aut
942 2054 986 2077 ex
1012 2042 1228 2077 Christianis
1258 2043 1475 2088 parentibus
1499 2045 1596 2086 orta,
1629 2044 1667 2077 in
1698 2043 1860 2088 pueritia
1883 2044 2002 2088 capta,

380 2100 418 2133 et
452 2099 573 2143 pretio
605 2099 798 2140 distracta,
838 2109 882 2132 ex
913 2099 1047 2143 quibus
1083 2099 1293 2144 eligebatur
1328 2099 1392 2143 qui
1427 2099 1561 2134 ceteris
1594 2099 1820 2144 imperabat,
1859 2098 2005 2133 Sultani

379 2155 629 2199 appellatione
656 2157 748 2188 ...“
796 2154 865 2188 Hic
897 2154 1104 2199 significare
1136 2156 1345 2199 apostatam
1375 2166 1526 2190 monere
1551 2156 1612 2190 vix
1644 2166 1736 2200 opus
1769 2155 1849 2190 erit.
1898 2155 1950 2190 Cf.
1967 2167 2003 2200 p.

378 2213 474 2246 2618·
487 2212 522 2244 ¹¹.
541 2215 605 2245 272
618 2213 652 2244 ¹⁰.

289 2271 308 2301 6
335 2267 477 2301 Datum
502 2268 575 2311 ecc]
603 2266 646 2300 cf.
665 2267 712 2301 ad
738 2268 826 2301 74²0.

333 2324 430 2366 hosp.
448 2322 498 2356 ad
523 2323 650 2367 camp]
677 2323 725 2356 ad
750 2323 850 2366 quod
874 2323 1098 2358 Teutonicos
1121 2323 1306 2368 praecipue
1331 2324 1505 2358 deversos
1530 2335 1607 2359 esse
1625 2324 1784 2366 videtur,
1811 2324 1854 2358 ut
1876 2324 2003 2358 hodie-

379 2389 451 2422 que
476 2378 606 2412 solent.
641 2378 684 2412 cf.
699 2378 748 2412 ad
766 2382 807 2413 75
815 2379 870 2421 ³4„
890 2391 925 2423 p.
943 2383 1008 2413 226
1018 2381 1055 2413 23.
1074 2380 1112 2413 et
1136 2379 1214 2413 Ind.
1231 2379 1347 2424 biogr.
1366 2380 1426 2414 cit.
1445 2381 1511 2414 art.
1531 2379 1750 2424 Campoflor.

586 2480 785 2512 (EPISTOLA
805 2480 848 2506 49.
888 2481 1130 2506 TOLLETANVS
1152 2481 1343 2507 RIGHARDO
1369 2481 1707 2508 KALBERSTATENSI.

334 2549 437 2581 Hanc
470 2549 660 2591 epistolam
689 2550 827 2591 priores
860 2560 931 2581 non
961 2551 1013 2582 ita
1042 2549 1198 2582 feciliter
1221 2550 1440 2590 imitantem,
1464 2560 1577 2593 neque
1600 2550 1645 2582 ad
1669 2560 1814 2583 causam
1835 2550 2002 2583 Reuchli-

379 2607 524 2636 nianam
552 2607 808 2647 pertinentem,
840 2616 911 2637 non
938 2606 1169 2647 recepissem,
1200 2607 1271 2638 nisi
1296 2616 1357 2648 per
1380 2606 1459 2638 haec
1484 2607 1554 2638 tria
1580 2606 1712 2639 saecula
1736 2618 1800 2649 pro
1825 2607 2004 2649 particula.

381 2672 543 2693 verarum
568 2661 609 2693 O.
626 2662 668 2693 V.
686 2661 916 2703 epistolarum
940 2662 1062 2694 habita
1087 2662 1227 2695 fuisset.
1252 2663 1294 2694 cf.
1312 2664 1388 2695 Iud.
1407 2663 1490 2705 edd2
1500 2673 1533 2704 p.
1552 2664 1583 2695 9.
1602 2673 1634 2694 11.
1653 2663 1683 2694 6.
1719 2663 1838 2695 Pauca
1861 2666 2003 2695 tantum

379 2717 569 2758 adnotabo,
595 2718 769 2760 neglectis
795 2718 961 2750 consulto
987 2721 1112 2750 contra
1136 2720 1404 2760 grammaticam
1421 2719 1781 2761 orthographiamque
1804 2719 2002 2751 commissis

379 2774 539 2814 peccatis
562 2773 632 2806 fere
657 2775 831 2815 omnibus,
855 2779 895 2806 ut
920 2779 956 2806 et
981 2774 1063 2806 aliis
1088 2775 1351 2816 stribliginibus
1375 2774 1517 2807 inficete
1543 2776 1689 2807 coactis.

291 2830 331 2860 17
356 2829 564 2861 Tolletanus
595 2841 616 2862 a
647 2830 760 2863 Germ.
778 2834 894 2871 tollen,
926 2831 1104 2871 insanire,
1135 2831 1269 2863 factum
1299 2842 1377 2864 esse
1408 2831 1566 2871 videtur,
1596 2834 1636 2863 ut
1667 2841 1793 2863 sonum
1823 2829 2000 2872 Toletani,

378 2884 502 2916 Toleto
535 2887 692 2927 oriundi,
726 2887 874 2929 habeat,
907 2890 946 2918 ut
977 2887 1204 2928 Nar-ragonia
1235 2887 1369 2920 factum
1400 2891 1456 2920 est
1488 2898 1532 2920 ex
1555 2887 1768 2928 Arragonia.
1825 2887 1999 2919 Similiter

292 2942 332 2972 19
357 2940 574 2981 Kalberstat,
599 2952 621 2972 a
643 2942 793 2981 keZIbern,
818 2943 915 2975 fatue
939 2944 1064 2983 iocari,
1090 2943 1224 2975 factum
1248 2944 1292 2975 ad
1317 2954 1442 2976 sonum
1466 2944 1694 2976 Halberstadt
1715 2943 1917 2985 respondet.

291 2997 334 3027 24
358 2994 532 3037 convento]
559 3006 623 3038 pro
651 2997 887 3030 ‘conventu'z
919 2999 1127 3031 Germanice
1151 3001 1214 3031 das
1238 2999 1392 3031 Kloster.

290 3053 332 3084 25
356 3051 560 3094 spectabilis]
588 3063 659 3084 11011
684 3053 873 3095 religiosae,
899 3055 958 3086 sed
983 3056 1192 3087 academicae
1217 3055 1409 3096 dignitatis
1434 3055 1626 3097 appellatio
1651 3058 1714 3086 est.
