2119 3522
143 212 214 233 EPI‘.
228 208 269 233 46.
284 208 325 233 47.
351 209 531 233 CVNRADVS
548 210 776 233 VNCKEBVNCK
793 210 950 233 ORTVINO.
966 223 1007 227 —-—
1026 210 1239 234 BENEDICTVS
1256 211 1300 232 DE
1318 210 1436 233 scociA
1454 210 1617 233 ORTVINO.
1725 192 1818 237 725

104 268 189 311 Pag.
211 267 300 304 259.
1181 269 1266 310 Pag.
1280 270 1357 301 258.
1373 279 1403 300 v.
1418 275 1450 301 18
1468 293 1475 300 .
1491 293 1498 301 .
1513 293 1520 300 .
1539 269 1624 310 Pag.
1638 270 1714 302 260.
1732 280 1762 302 v.
1776 277 1818 301 29.

194 321 345 356 Tercius
370 321 407 355 in
433 321 618 356 rethorica
642 322 793 356 modum
819 322 1042 366 epistolandi
1062 351 1069 358 .
1084 350 1092 358 .
1112 323 1173 357 vel
1199 322 1311 356 alium
1336 322 1373 356 in
1406 322 1591 357 rethorica
1620 323 1751 357 utilem
1776 323 1818 357 li-

192 377 334 411 bellum
354 404 402 419 ..‚
439 377 650 420 habeatque
681 377 718 410 in
750 377 880 412 diebus
916 378 1057 412 festivis
1089 379 1128 412 et
1163 378 1404 423 collegiorum
1440 378 1569 412 horam
1607 379 1818 413 secundam.

194 433 353 474 Quartus
377 433 415 466 in
439 432 674 477 philosophia
697 433 874 475 naturali,
907 434 949 467 ut
972 434 1243 478 philosophiam
1275 434 1574 478 compendiosam
1599 433 1744 468 Alberti
1768 434 1817 468 M.

191 489 257 522 aut
279 489 477 532 parvulum
507 487 767 532 philosophiae3
801 489 840 523 et
862 489 910 522 sit
934 489 1012 523 eius
1042 490 1133 524 hora
1162 489 1199 523 in
1230 490 1355 524 aestate
1387 491 1508 532 sexta,
1541 490 1579 523 in
1603 490 1737 534 hyeme
1764 501 1817 525 se-

190 544 311 588 ptima
330 571 337 578 .
353 571 360 577 .
376 571 384 579 .
413 543 461 578 Et
484 543 606 577 nullus
630 543 997 579 baccalariandorum
1022 545 1069 579 ad
1094 556 1250 579 examen
1275 545 1510 587 admittatur,
1544 545 1614 579 nisi
1644 546 1818 590 praefatas

193 601 354 644 quatuor
377 599 651 644 resumpciones
676 599 723 633 ad
748 600 868 634 minus
893 600 1007 634 semel
1032 600 1220 635 audiverit
1243 601 1281 635 et
1304 601 1454 636 realiter
1479 601 1734 636 satisfeceritf‘

100 660 142 690 24
168 655 331 700 expedit]
358 655 484 690 Ioann.
502 668 547 689 m.
566 659 618 690 50.
645 683 683 697 ,,.
698 683 705 690 .
726 656 878 700 expedit
902 656 1016 698 vobis,
1044 657 1086 691 ut
1109 668 1203 690 unus
1227 658 1406 692 moriatur
1436 658 1546 692 homo
1571 668 1638 702 pro
1664 658 1815 702 populo,

191 712 229 745 et
252 722 325 746 non
350 712 431 746 tota
455 723 546 756 gens
570 712 738 756 pereat.“

355 800 588 836 EPISTOLA
613 802 678 839 47.
722 800 1026 835 BENEDICTVS
1052 801 1114 835 DE
1140 802 1307 837 SCOCIA
1333 801 1562 837 ORTVINO.

98 885 141 915 30
166 880 325 914 Thomas
351 879 502 923 quidam
528 879 573 913 de
600 878 724 913 Scotia
748 880 846 913 inter
871 878 1107 914 Colonienses
1131 881 1325 925 theologos
1350 881 1431 923 fuit,
1459 881 1521 924 qui
1546 892 1613 925 pro
1639 882 1813 917 immacu-

186 936 264 970 lata
291 935 418 970 Mariae
451 935 693 979 conceptione
731 936 866 969 acriter
902 936 1031 969 contra
1061 935 1289 980 Wigandum
1322 936 1420 970 Wirt
1452 937 1733 971 contenderunt.
1770 938 1814 972 cf.

185 991 264 1026 Ind.
287 991 404 1036 biogr.
423 1003 458 1036 p.
476 995 552 1025 408.
570 1003 621 1035 sq.
646 991 712 1025 art.
730 991 840 1025 Wirt.
887 990 1017 1025 Eidem
1051 993 1243 1036 ‘magistro
1275 993 1399 1027 nostro
1430 992 1565 1027 seniori
1595 992 1736 1027 Thome
1768 994 1813 1028 de

186 1047 328 1082 Scotia’
354 1058 432 1081 sese
458 1047 709 1081 commendari
736 1047 855 1081 voluit
867 1047 1117 1082 Theodoricus
1143 1048 1187 1082 de
1204 1048 1335 1082 Gouda
1359 1048 1397 1082 in
1422 1048 1528 1093 epist.
1547 1048 1580 1081 d.
1601 1052 1652 1082 13.
1670 1048 1764 1093 Aug.
1782 1060 1813 1083 a.

187 1107 282 1138 1514.
309 1114 353 1137 cx
385 1103 577 1137 academia
605 1103 842 1137 Parrhisiana
872 1103 976 1146 data,
1011 1115 1093 1148 quae
1124 1103 1262 1148 legitur
1286 1104 1409 1139 Actor.
1434 1103 1592 1139 Parrhis.
1616 1116 1650 1148 p.
1670 1105 1735 1139 ult.
1769 1106 1813 1139 cf.

187 1160 318 1204 Consp.
337 1159 498 1194 chronol.
516 1172 551 1204 p.
572 1163 644 1194 133.

94 1222 135 1251 33
160 1217 203 1251 in
227 1207 316 1259 festo
339 1216 460 1250 sancti
481 1215 691 1260 Michaelis]
718 1215 777 1249 die
803 1219 856 1249 29.
875 1215 975 1260 Sept.

93 1277 136 1307 34
156 1273 348 1315 promptas
371 1273 486 1316 vestr]
513 1272 590 1306 fere
616 1271 789 1305 Latinum
814 1271 882 1306 hoc
908 1272 1014 1314 esset,
1041 1272 1110 1305 nisi
1137 1272 1314 1316 ‘epistola
1338 1273 1478 1307 vestra'
1505 1274 1759 1317 praecessisset.

93 1332 135 1363 35
159 1328 332 1373 massam-z·
355 1329 448 1372 voce]
474 1327 518 1361 cf.
537 1327 584 1361 ad
609 1329 719 1361 25:32².
769 1327 890 1361 Etiam
916 1328 953 1360 in
979 1327 1211 1372 Physiophili
1236 1327 1520 1373 Monachologia
1544 1329 1708 1363 method.
1728 1329 1809 1363 Lin-

182 1395 296 1418 naean.
313 1384 381 1418 etc.
407 1383 500 1428 Aug.
520 1382 629 1416 Vind.
650 1387 748 1417 1783.
766 1387 812 1417 4⁰.
830 1395 866 1427 p.
885 1383 940 1418 03
965 1383 1011 1417 de
1037 1384 1217 1418 monacho
1235 1383 1479 1419 Dominicano
1505 1384 1640 1419 dicitur
1667 1385 1812 1419 ‘Latrat

182 1439 307 1473 media
330 1440 450 1482 nocte,
477 1450 567 1474 voce
593 1438 750 1484 ingrata,
777 1440 919 1474 rauca’.

91 1500 176 1540 Pag.
197 1497 288 1534 260.

94 1556 108 1586 1
135 1552 259 1587 Esaice
285 1554 363 1597 Lm]
397 1555 446 1586 11.
473 1551 708 1596 „Rugiemus
739 1552 843 1596 quasi
880 1553 955 1586 ursi
985 1563 1128 1595 omnes,
1167 1553 1206 1587 et
1236 1554 1341 1597 quasi
1370 1553 1551 1588 columbae
1587 1554 1811 1588 meditantes

180 1611 407 1653 geme1nus“.
433 1608 558 1652 potuit
582 1608 694 1643 etiam
720 1619 764 1642 ex
790 1608 921 1643 eodem
948 1619 1055 1643 versu
1081 1609 1218 1643 addere
1236 1608 1479 1643 Benedictus:
1507 1610 1811 1654 „cxpectavimus

179 1664 369 1707 iudicium,
397 1665 435 1698 et
458 1675 531 1698 non
557 1665 628 1707 est3
655 1664 825 1707 salutem,
853 1665 891 1699 et
915 1664 1090 1710 elongata
1115 1666 1171 1699 est
1195 1676 1217 1699 a
1240 1665 1382 1700 nobis“.

89 1725 110 1756 4
134 1733 185 1755 an
206 1748 234 1755 ..
251 1748 258 1756 .
277 1720 451 1765 sanctior]
478 1719 657 1755 Similiter
682 1720 719 1754 in
743 1720 906 1755 Manual.
924 1720 1076 1755 scholar.
1096 1732 1125 1755 c.
1143 1725 1173 1755 4.
1200 1721 1376 1765 (Zarnck.
1395 1721 1469 1756 Dte
1488 1721 1657 1757 Deutsch.
1681 1722 1809 1757 Unico.

179 1778 202 1811 ¹27.
220 1776 310 1811 MA.
329 1776 417 1820 Lpz.
438 1779 533 1811 1857.
552 1780 598 1811 80.
616 1789 651 1821 p.
671 1779 731 1820 14)
758 1776 935 1811 Camillus
960 1777 997 1811 et
1021 1776 1220 1811 Bertoldus
1249 1777 1348 1812 inter
1379 1788 1417 1812 se
1443 1777 1651 1822 disputant,
1684 1779 1807 1812 utrum

179 1833 326 1867 sanctus
351 1832 510 1866 Thomas
535 1844 582 1867 an
607 1832 782 1867 Albertus
806 1843 963 1878 magnus
987 1832 1239 1877 praeferendus
1264 1833 1321 1867 sit.

135 1890 289 1923 Thomas
308 1916 314 1923 .
331 1916 338 1924 .
353 1915 360 1922 .
381 1888 612 1933 Domz'mcus]
639 1889 683 1923 cf.
701 1888 781 1923 Ind.
800 1889 917 1933 biogr.
937 1900 972 1933 p.
991 1892 1066 1924 483.
1085 1901 1136 1933 sq.
1156 1893 1231 1924 358.
1248 1889 1315 1923 hos
1333 1890 1417 1923 artt.

88 1948 107 1979 6
132 1945 264 1989 Aliqui
287 1948 410 1979 teuent
435 1945 530 1989 quod
556 1946 630 1990 etc]
670 1944 821 1979 Scilicet
844 1944 1030 1980 Dominici
1054 1945 1240 1990 regulam,
1273 1945 1423 1980 Thomae
1456 1945 1661 1980 doctrinam
1688 1947 1806 1991 sequi-

178 2013 261 2035 mur
284 2012 349 2035 nos
373 2001 646 2045 praedicatores.

90 2062 128 2092 11
155 2068 230 2092 now.
254 2057 460 2101 discipulus
483 2068 592 2101 super
616 2058 842 2102 magyistrmn]
868 2057 1000 2092 Matth.
1018 2071 1049 2091 x.
1068 2061 1121 2092 24.

88 2117 130 2148 24
154 2113 389 2158 veterissimo]
418 2113 525 2148 Hunc
551 2113 821 2158 superlativum
846 2113 936 2147 alibi
960 2125 1034 2148 non
1059 2114 1151 2159 legi,
1178 2114 1243 2148 sed
1267 2125 1388 2158 neque
1414 2114 1535 2159 ipsum
1559 2114 1713 2158 librum,
1741 2116 1805 2159 qui

178 2169 315 2204 anilem
340 2169 448 2204 istam
474 2169 778 2214 disputationem,
805 2171 905 2204 certe
931 2170 1029 2204 inter
1053 2170 1252 2204 monachos
1277 2170 1523 2214 frequentem,
1550 2171 1781 2215 prohibebat.

86 2229 129 2260 26
153 2226 326 2269 Pfefferk.
344 2226 607 2271 perseverabit]
640 2225 834 2260 Dubitatio
865 2226 903 2259 in
933 2226 989 2259 his
1021 2225 1186 2270 epistolis
1217 2227 1349 2271 saepius
1372 2227 1546 2271 repetita.
1572 2226 1651 2271 ipse
1684 2227 1804 2261 Hoch-

176 2282 312 2316 stratus
337 2283 392 2326 (p.
410 2283 507 2323 763⁹)
534 2282 704 2316 audierat
730 2281 846 2326 ‘quod
872 2281 1103 2316 Pfefferkorn
1135 2284 1231 2317 esset
1261 2283 1398 2317 iterum
1422 2283 1603 2325 Iudaeus',
1635 2283 1699 2317 sed
1730 2294 1803 2317 non

177 2337 296 2372 credit
322 2338 438 2382 ‘quod
464 2337 530 2372 fiat
552 2338 816 2372 mammaluca'
844 2349 880 2382 p.
899 2339 972 2372 772.
1022 2338 1074 2372 Cf.
1093 2349 1205 2383 supra
1229 2338 1276 2373 ad
1300 2351 1335 2383 p.
1354 2340 1465 2373 23734.

85 2398 128 2430 ‘28
153 2394 204 2428 ad
220 2397 385 2428 scmctum
400 2394 602 2439 Andream]
622 2394 686 2427 ubi
701 2393 902 2438 Speculum
920 2394 1067 2429 oculare
1086 2395 1119 2429 d.
1136 2399 1186 2430 10.
1203 2395 1309 2429 Febr.
1325 2406 1355 2429 a.
1373 2398 1468 2430 1514.
1487 2395 1720 2429 combustum
1738 2397 1803 2430 est.

176 2449 220 2484 cf.
238 2449 369 2494 Consp.
388 2450 550 2484 chronol.
568 2462 603 2494 p.
625 2454 696 2484 129.
745 2449 800 2484 De
824 2450 965 2494 templo
988 2450 1026 2484 in
1051 2450 1208 2485 Erhardi
1231 2462 1253 2485 a
1269 2450 1460 2485 Winheim
1485 2451 1652 2485 Sacrario
1670 2451 1802 2496 Agrip-

175 2506 283 2551 pinae.
309 2505 435 2541 Colon.
446 2509 542 2541 1736.
560 2510 607 2541 80.
624 2518 659 2551 p.
671 2510 724 2541 50.
736 2506 890 2551 legitur:
911 2506 1143 2551 „Collegiata
1160 2507 1316 2541 ecclesia
1332 2518 1357 2540 s.
1372 2506 1529 2541 Andreae
1546 2506 1718 2551 primitus
1735 2508 1801 2541 sub

175 2561 382 2607 patrocinio
397 2574 422 2597 s.
440 2562 608 2598 Matthaei
626 2562 795 2607 Apostoli
811 2574 833 2597 a
849 2574 874 2596 s.
893 2562 1066 2598 Brunone
1085 2563 1163 2598 eius
1181 2563 1339 2598 nominis
1355 2563 1487 2607 primo,
1513 2563 1695 2607 Episcopo
1713 2574 1800 2598 vero

176 2617 384 2653 Coloniensi
408 2623 461 2654 25.
478 2619 644 2661 fundata,
670 2619 820 2653 sacratis
845 2618 924 2653 Deo
942 2619 1159 2664 Virginibus
1184 2619 1380 2664 assignata,
1408 2619 1472 2652 scd
1496 2619 1622 2663 paullo
1647 2620 1731 2663 post
1754 2620 1800 2654 ab

175 2674 306 2709 eodem
337 2675 375 2708 in
407 2675 615 2720 Collegium
646 2674 932 2717 Canonicorum,
963 2674 1131 2710 Matthaei
1161 2675 1367 2719 patrocinio
1398 2675 1435 2708 in
1470 2674 1503 2709 S.
1521 2674 1678 2710 Andreae
1704 2686 1800 2710 com-

173 2732 336 2773 mutato,
369 2741 547 2765 conversa
570 2731 651 2765 fuit.
701 2730 904 2765 Canonicos
929 2731 1043 2765 habet
1066 2734 1118 2765 26.
1137 2730 1303 2766 Vicarios
1330 2734 1380 2764 16.
1398 2730 1643 2775 Praepositum
1669 2732 1706 2766 et
1729 2731 1799 2766 De-

148 2807 153 2813 .
174 2799 307 2822 canum
331 2786 370 2820 in
395 2786 500 2821 Clero
526 2786 743 2821 Praelat0s“.

128 2854 225 2878 tonus
249 2843 410 2878 decanus
435 2853 460 2877 e.
480 2854 505 2877 e.
523 2843 625 2887 Ima]
652 2842 798 2877 ‘Victor
828 2854 900 2878 von
927 2842 1114 2878 Ca1·ben‘?’
1148 2844 1290 2878 temere
1322 2842 1516 2877 adnotavit
1543 2842 1657 2878 Grc'itz
1676 2843 1798 2879 Gcsch.

175 2899 208 2933 d.
224 2898 351 2933 Juclen
369 2898 428 2932 IX.
447 2911 482 2943 p.
503 2903 575 2933 190.
593 2898 722 2933 Victor
739 2899 784 2933 de
804 2899 841 2934 C.
859 2910 980 2943 neque
997 2910 1161 2943 unquam
1179 2899 1341 2933 decanus
1358 2899 1405 2933 ad
1423 2900 1592 2934 sanctum
1612 2900 1798 2935 Andream

173 2955 261 2997 fuit,
287 2965 408 2998 neque
426 2955 625 2999 postquam
643 2954 720 2989 fere
739 2955 1080 3000 quinquagenarius
1097 2956 1228 2990 relicta
1244 2966 1357 2990 uxore
1376 2967 1460 2990 cum
1477 2955 1595 2990 tribus
1612 2955 1738 2990 liberis
1756 2967 1798 2991 ac

173 3011 397 3057 patrimonio
422 3011 489 3045 sub
515 3022 545 3045 a.
566 3015 660 3046 1472.
682 3022 910 3057 synagogam
941 3011 1167 3054 eiuraverat,
1202 3011 1338 3046 ‘voluit
1361 3011 1454 3046 mori
1479 3012 1574 3046 sicut
1597 3012 1715 3047 bonus
1739 3013 1797 3047 [u-
