2119 3522
272 220 369 263 520
796 232 1060 256 COMMENTARIVS
1084 232 1130 254 AD
1149 233 1221 255 ΕΡΡ.
1239 233 1269 255 o.
1287 233 1320 256 v.
1344 233 1421 256 von.
1440 235 1462 256 1.

272 295 357 335 Pag.
378 293 411 327 3.

272 352 312 381 23
340 347 490 388 fecimus
514 345 635 388 offam]
662 355 800 387 panum
826 343 942 376 frusta
966 343 1003 376 in
1029 343 1155 376 vinum
1174 343 1406 387 inunximus,
1433 346 1500 380 wir
1522 349 1692 389 zoppten,
1716 348 1878 382 machten
1904 349 1982 383 eive

360 400 440 442 offa,
469 400 602 443 S'uppe,
628 399 709 433 Ital.
727 409 857 442 eappa.
891 398 1046 432 Gemma
1062 410 1196 444 gemm.
1224 399 1330 442 „Offa
1353 401 1501 445 proprie
1527 401 1713 445 significat
1735 403 1892 437 frustum
1915 404 1981 437 hu-

359 456 562 489 mectatum
588 456 626 489 et
650 454 785 489 dieitur
810 454 856 488 ab
882 454 928 488 ob
955 455 993 488 et
1016 454 1096 488 sans
1114 456 1218 498 quasi
1235 456 1381 499 obfans,
1408 456 1431 490 i.
1450 467 1480 490 e.
1498 458 1626 491 contra
1647 457 1800 492 fantem.
1836 470 1979 494 versus:

700 512 779 545 Offa
803 516 908 544 nocet
932 512 1038 552 fanti,
1064 513 1127 545 sed
1152 514 1295 555 prodest
1322 514 1527 546 esurienti.“

360 567 562 601 secundum
593 566 743 600 Festum
777 565 1332 611 (ν.Ρ(ε1111;3,111.ρ.2421111111.)
1359 568 1533 612 „antiqui
1564 568 1675 603 offam
1705 570 1890 605 vocabant
1919 571 1980 605 ab·

361 623 494 657 seisum
519 622 621 667 globi
645 622 774 664 forma,
801 623 843 656 ut
867 633 978 656 manu
1004 622 1248 667 glomeratam
1272 623 1452 667 pultem.“

270 684 311 714 25
331 679 584 722 procedendo.
605 706 611 712 .
631 706 638 712 .
659 679 694 712 in
723 678 841 720 aliud,
867 679 1014 722 semper]
1041 679 1213 722 quotiens
1239 678 1416 713 devorato
1440 690 1514 714 uno
1538 680 1680 715 ferculo
1706 681 1806 715 aliud
1830 681 1981 717 invade-

359 735 499 776 bainus,
526 735 662 769 totiens
689 736 819 778 potum
847 734 960 768 alium
986 736 1097 779 atque
1123 735 1237 769 alium
1261 735 1460 769 hausimus.

316 791 589 835 Kotzboryense]
623 790 720 825 Cave
752 802 797 825 ne
829 790 1131 835 Emepolitanuin
1162 791 1239 825 sive
1264 791 1475 826 Emesiense
1507 792 1781 837 interpreteris,
1813 793 1913 837 quod
1943 794 1981 827 in

360 848 485 881 monte
516 846 687 881 vomifico
719 847 892 881 nascitur.
942 846 1220 891 Kotzborgense
1246 847 1373 881 vinum
1397 848 1496 892 apud
1520 849 1643 883 vicum
1665 849 1982 884 Ko'tzschenbroda

360 903 534 946 nascitur,
561 903 625 937 sed
648 903 683 937 h.
701 903 723 936 1.
742 903 1019 948 Kotzborgense
1045 902 1272 947 generaliter
1295 903 1480 939 Misnense
1506 904 1714 950 significare
1740 905 1899 940 videtur.

274 964 314 993 26
341 959 561 1003 cereczfszfcmz]
589 959 632 993 cf.
650 958 729 993 Ind.
746 959 864 1004 biogr.
882 971 915 1003 p.
935 962 1009 993 346.
1029 960 1096 993 art.
1116 958 1312 993 Cerevisia.

315 1015 489 1059 Embecc.]
526 1015 707 1057 Eimbeclc,
732 1015 961 1060 principatus
980 1014 1306 1059 Grubenhagensis
1324 1015 1503 1060 oppidum
1519 1016 1738 1061 principale,
1763 1017 1875 1052 hodie
1894 1029 1981 1062 quo-

362 1082 433 1114 que
459 1071 638 1105 cerevisia
662 1082 727 1105 sua
752 1071 990 1105 celebratum.

318 1128 527 1171 Tlmrqens]
568 1126 857 1171 Torgaviensem
883 1126 1111 1168 cerevisiam,
1136 1126 1323 1170 hodieque
1342 1126 1537 1170 celebrem,
1565 1127 1653 1162 olim
1680 1128 1893 1173 ‘gaudium’
1920 1141 1982 1174 ap-

360 1183 563 1227 pellabant.
591 1183 634 1216 cf.
653 1182 961 1227 Hegendorphini
978 1183 1091 1217 Laud.
1110 1182 1321 1216 Ebrietatis.

315 1240 577 1283 Malam-qens]
603 1238 625 1273 i.
645 1249 675 1273 e.
693 1238 1052 1283 Naumburgensem.
1079 1239 1123 1273 cf.
1141 1240 1207 1273 4³8.
1240 1238 1359 1273 Hodie
1376 1238 1695 1284 Merseburgensis
1713 1241 1892 1275 cerevisia
1907 1252 1979 1275 ma-

361 1295 415 1339 gis
442 1294 602 1328 effertur.

271 1355 311 1385 27
338 1352 423 1385 bene
447 1352 618 1395 contenti]
644 1351 732 1385 satis
756 1351 867 1384 lautis
893 1351 1050 1395 dapibus
1080 1351 1407 1395 potationibusque
1439 1351 1586 1386 abunde
1620 1351 1798 1386 delectati
1822 1352 1983 1387 fuerunt.

359 1407 479 1441 Hodie
498 1418 646 1451 quoque
664 1407 728 1441 ubi
746 1407 818 1441 cibi
836 1406 960 1440 vinive
979 1407 1089 1441 satias
1107 1408 1172 1449 est,
1199 1407 1309 1452 volgo
1328 1407 1464 1442 dicitur
1481 1407 1538 1442 ich
1554 1407 1623 1442 hab
1640 1408 1735 1442 mein
1755 1407 1983 1454 Verymzyen,

360 1474 426 1497 zm·
453 1463 618 1507 Geniiye,
646 1463 701 1497 ich
726 1464 788 1497 bin,
815 1467 997 1507 rerqnz'igst.

317 1520 492 1554 (ῖιᾏϊθνῑιηὺ
517 1520 624 1564 quod]
651 1519 708 1553 Ita
734 1519 869 1563 ‘quod’
896 1519 1121 1563 ubicumque
1147 1531 1212 1554 nos
1239 1520 1326 1562 class.

272 1580 313 1610 23
338 1576 505 1620 ausvis-tri
534 1576 678 1620 novelli]
705 1575 838 1619 quibus
869 1575 985 1610 altero
1016 1577 1100 1620 post
1130 1575 1421 1619 disputationem
1452 1576 1618 1611 habitam
1651 1576 1710 1611 die
1742 1577 1984 1612 cancellarius

360 1632 541 1665 birretum
566 1631 804 1676 imposuerat.

317 1688 400 1723 bene
425 1688 587 1731 escpediv.
605 1688 652 1732 se]
678 1687 880 1722 Prandium
911 1689 999 1722 satis
1030 1687 1196 1722 adfluens
1222 1687 1497 1732 delicatumque
1531 1689 1752 1733 adparatum
1778 1700 1866 1724 esse.
1913 1690 1982 1725 Re-

362 1744 543 1778 (entiores
569 1743 735 1778 dicerent
761 1744 838 1787 das?
862 1744 912 1778 sic
936 1744 1009 1779 sich
1033 1747 1096 1789 {sut
1114 1744 1410 1789 heramqebfflen,
1436 1745 1541 1779 einen
1559 1745 1720 1787 famosen
1734 1744 1820 1779 δαῖε
1834 1746 1984 1790 yeqeben

361 1801 493 1834 Ier'itten.

316 1868 395 1891 cum
420 1866 550 1901 mayno
574 1856 669 1900 how]
696 1855 906 1900 splendide,
932 1856 1050 1899 laute,
1077 1855 1289 1891 honorifice.

317 1913 414 1956 tunc]
442 1914 485 1946 cf.
504 1912 583 1946 [nd.
602 1912 703 1946 verb.
720 1912 755 1946 h.
775 1924 808 1946 v.

272 1973 313 2003 ’39
338 1969 565 2012 Ιιῖῖαγῐχῖεαΐῖ]
592 1967 734 2003 Lexicis
759 1968 855 2002 med.
872 1969 1071 2003 latinitatis
1100 1968 1312 2003 addendum
1336 1968 1580 2004 Hilarificare.

317 2025 575 2069 artificialiter]
602 2024 721 2067 docte,
749 2036 793 2058 ex
819 2025 908 2059 arte.
957 2024 1099 2059 scilicet
1121 2036 1222 2060 more
1249 2036 1313 2060 suo
1339 2025 1567 2060 scholastico.

274 2086 314 2116 30
343 2093 435 2115 cneus
460 2081 637 2125 qenes-frit]
664 2082 762 2115 einer
785 2081 886 2124 warf
904 2081 964 2116 die
989 2081 1112 2127 Frage
1136 2082 1214 2124 auf.

316 2137 603 2182 *mccyz‘sz‘mmlusl
629 2137 847 2181 Magistrare
872 2137 906 2171 11.
924 2137 947 2172 1.
967 2139 1023 2172 est
1046 2137 1265 2183 magistrum
1290 2138 1429 2182 facere,
1463 2138 1695 2173 academicos
1718 2139 1875 2174 honores
1900 2151 1984 2175 con-

362 2194 474 2235 ferre,
506 2203 579 2227 non
604 2193 824 2238 magistrum
849 2204 977 2239 agere,
1011 2195 1053 2228 ut
1077 2205 1135 2238 ap.
1153 2193 1248 2229 Fest.
1268 2195 1305 2229 et
1323 2194 1524 2239 Spartian.,
1557 2195 1656 2229 unde
1681 2195 1795 2229 etiam
1823 2195 1983 2238 ‘docere,

362 2260 502 2295 regere,
529 2249 731 2284 moderari’
757 2250 950 2295 significat.
1000 2249 1244 2295 „Magistrare
1271 2251 1326 2284 est
1342 2251 1537 2296 magistros
1555 2262 1679 2285 creare
1697 2251 1758 2286 vel
1775 2251 1907 2286 docere
1925 2252 1986 2287 vel

362 2308 522 2350 regere“
541 2304 696 2339 Gemma
714 2317 747 2350 g.
786 2305 837 2340 Cf.
851 2305 1027 2351 Ducange
1046 2317 1146 2341 voce.
1159 2306 1390 2351 Magistrare‚
1409 2306 1631 2352 Magistrari.
1664 2307 1769 2349 Quod
1786 2307 1832 2342 de
1845 2307 1984 2342 Vindo-

362 2362 586 2396 bonensibus
610 2362 795 2406 magistris
812 2361 956 2396 Aeneas
974 2362 1120 2405 Sylvius
1147 2373 1203 2406 ep.
1222 2366 1297 2397 365.
1314 2363 1461 2397 rettulit
1477 2362 1583 2406 (vide
1608 2362 1705 2396 infra
1729 2362 1777 2396 ad
1800 2375 1835 2407 p.
1856 2365 1982 2408 184¹⁰)‚

363 2418 463 2453 idem
489 2418 601 2452 etiam
619 2418 664 2452 de
682 2417 762 2451 aliis
780 2418 857 2451 eius
874 2418 1052 2462 temporis
1070 2418 1372 2453 universitatibus
1389 2429 1519 2453 verum
1545 2420 1611 2452 est.
1647 2418 1854 2453 Ludovicus
1871 2419 1984 2454 Vives

364 2474 409 2507 de
435 2474 552 2508 causis
577 2484 667 2508 corr.
686 2474 811 2508 scient.
828 2474 891 2508 lib.
909 2486 930 2507 1.
957 2473 1113 2516 „Sunt-‘⁴
1138 2474 1262 2518 inquit
1292 2475 1361 2517 „in
1384 2474 1543 2519 publicis
1561 2474 1759 2509 academiis
1784 2475 1985 2520 excogitati

364 2531 514 2574 quidam
539 2530 643 2564 velut
664 2530 845 2564 honorum
867 2529 1019 2575 gradus,
1053 2541 1126 2564 non
1156 2530 1254 2565 malo
1285 2531 1432 2575 utique,
1464 2531 1652 2565 sententia
1680 2542 1780 2573 mea,
1813 2531 1983 2566 consilio:

363 2598 449 2620 nam
472 2587 513 2620 ut
529 2586 654 2621 Romae
680 2586 746 2620 sub
766 2585 967 2621 Caesaribus
992 2597 1065 2620 non
1090 2586 1229 2620 licebat
1252 2587 1368 2621 cuivis
1393 2586 1438 2620 de
1462 2587 1541 2621 iure
1567 2586 1808 2632 respondere,
1835 2587 1901 2621 sed
1925 2587 1985 2621 cui

363 2644 431 2677 hoc
457 2643 553 2677 esset
577 2653 599 2676 a
622 2642 789 2687 principe
816 2654 1043 2685 concessum,
1070 2643 1124 2677 ita
1148 2642 1353 2677 rectoribus
1378 2642 1586 2676 scholarum
1611 2643 1731 2677 visum
1749 2644 1804 2677 est
1821 2653 1946 2678 arcere
1964 2653 1986 2677 a

364 2699 588 2743 professione
613 2699 748 2733 artium
772 2699 982 2744 imperitos3
1016 2709 1077 2733 eos
1102 2710 1190 2733 vero
1216 2710 1307 2743 quos
1332 2699 1378 2733 ad
1400 2699 1470 2733 hoc
1494 2709 1630 2744 magno
1655 2698 1822 2733 adhibito
1846 2699 1983 2733 iudicio

366 2757 402 2788 et
419 2766 546 2789 severo
565 2755 732 2789 examine
751 2755 882 2800 dignos
899 2755 1137 2798 censuissent,
1164 2755 1281 2800 gradu
1300 2755 1424 2799 aliquo
1449 2754 1599 2789 honoris
1623 2754 1854 2799 insignirent,
1881 2755 1984 2789 bata-

364 2811 474 2844 larios
500 2811 651 2854 [scilicet
670 2822 690 2844 a
713 2811 865 2854 batalia,
892 2812 1040 2846 bataille
1062 2811 1176 2845 Vives
1193 2811 1346 2845 deducit
1367 2811 1641 2854 baccalaureos]
1667 2810 1850 2853 dixerunt,
1877 2821 1983 2845 voca-

363 2866 451 2899 bulo
468 2867 594 2900 vetere
611 2867 741 2911 lingua
758 2866 900 2901 Gallica
922 2868 1098 2912 usurpato
1116 2867 1153 2900 in
1177 2867 1360 2910 tyrocinio
1377 2867 1518 2901 militiae
1537 2866 1582 2901 de
1606 2867 1650 2900 iis
1675 2866 1739 2910 qui
1754 2866 1830 2900 iam
1851 2866 1983 2910 proelio

364 2922 634 2964 interfuissent,
672 2923 756 2957 ideo
793 2923 903 2968 longe
944 2924 1016 2958 alio
1048 2934 1159 2967 quam
1189 2923 1303 2968 vulgo
1335 2922 1497 2957 ereditur
1529 2924 1675 2966 etymo:
1713 2921 1778 2956 sed
1807 2932 1881 2956 non
1914 2921 1983 2956 hoc

367 2977 524 3021 agimus:
554 2977 639 3011 hinc
663 2978 891 3013 Licenciatos
923 2979 1026 3023 quasi
1056 2979 1156 3013 facta
1179 2978 1287 3023 copia
1319 2978 1615 3022 quandocunque
1644 2977 1762 3011 velint
1789 2977 1984 3022 magistros

366 3033 457 3076 fieri,
483 3034 668 3077 postremo
686 3035 881 3079 magistros
906 3036 944 3069 et
960 3035 1139 3069 doctores.
1176 3034 1316 3068 Verum
1342 3034 1441 3078 quod
1459 3033 1590 3067 scholae
1608 3043 1874 3077 nonnunquam
1892 3044 1984 3078 opus
