2119 3522
330 210 421 254 706
839 227 1104 249 connexumvs
1127 227 1172 248 An
1197 228 1268 249 EPP.
1286 228 1317 249 ο.
1335 228 1367 249 v.
1390 228 1467 250 von.
1484 229 1521 250 11.

324 285 410 325 Pag.
430 284 521 319 235.

323 342 363 371 31
391 337 454 379 qui
477 337 622 380 recanat]
650 336 730 380 ‘qui
756 337 812 370 est
836 348 946 381 super
971 348 1097 371 omnes
1122 338 1161 371 et
1183 347 1251 382 per
1281 338 1404 372 omnia
1429 338 1467 372 et
1490 338 1527 371 in
1558 337 1728 371 omnibus
1751 338 1885 372 nobis'.
1926 339 2028 373 Paul.

412 392 458 425 ad
483 391 616 435 Ephes.
634 405 681 426 Π.
700 397 730 429 6.

319 494 407 535 Pag.
425 493 516 530 236.
626 492 861 526 EPISTOLA
880 495 944 530 29.
974 493 1222 528 ECBERTVS
1240 494 1512 529 VNGENANT
1531 493 1761 529 ORTVINO.
1791 545 1794 547 Δ

318 573 338 603 8
362 569 583 604 Valentinus
612 570 817 615 Engelhart
841 571 886 605 de
913 571 1158 605 Geltersheim
1189 572 1339 606 bursam
1362 572 1578 607 Montanam
1609 574 1715 607 rexit.
1751 573 1796 606 cf.
1814 573 1892 607 Ind.
1909 573 2025 618 biogr.

405 637 440 669 p.
459 629 534 659 377.
552 627 619 660 art.
634 625 898 661 Gelterssheim.

318 685 358 715 13
383 692 427 714 esc
445 682 617 724 partibus
641 682 879 724 inferioribus
901 683 956 717 ‘cel
979 684 1071 728 sup]
1098 695 1166 717 aus
1191 684 1269 718 dem
1293 684 1452 718 Nieder-
1477 685 1564 719 oder
1591 685 1810 719 oter-land.

317 741 357 770 14
381 738 494 782 intus]
522 738 618 779 driu,
645 738 668 772 i.
687 749 716 772 e.
734 738 771 771 in
796 738 962 772 navibus.

357 793 551 827 visitarent
579 794 618 827 in
652 794 760 827 bursa
790 795 876 839 sua]
902 794 925 828 i.
950 806 979 829 e.
1005 795 1093 829 eius.
1143 795 1280 830 Contra
1304 796 1381 830 eius
1406 796 1505 830 modi
1531 797 1782 840 cauponantes
1806 796 2024 830 manticula-

401 848 521 883 riosve
552 849 762 893 magistros,
798 862 879 893 quae
904 851 1046 894 species
1077 851 1270 885 carnivora
1298 851 1431 885 nostris
1465 862 1612 895 quoque
1642 851 1872 896 temporibus
1903 851 2022 892 durat,

403 903 550 938 Statuta
573 904 790 939 Basiliensia
815 917 846 939 a.
867 910 961 940 1477.
979 906 1201 950 praecipiunt
1225 907 1302 948 „cle
1328 908 1451 941 cetero
1481 907 1602 941 nullos
1625 906 1822 951 Magistros
1852 908 1918 941 aut
1946 918 2022 941 sco-

400 959 496 994 lares
520 960 707 994 facultatis
733 962 873 995 arcium
890 962 1025 996 debere
1050 973 1117 1006 per
1141 973 1178 996 se
1204 963 1269 996 aut
1293 962 1407 995 alium
1425 962 1563 996 directe
1581 962 1642 996 vel
1665 963 1846 997 indirecte
1871 963 2021 996 allicere

399 1017 603 1059 practicare
634 1016 695 1050 vel
725 1017 911 1051 attrahere
944 1017 1109 1051 Scolares
1141 1017 1382 1051 advenientes
1411 1017 1472 1051 vel
1503 1018 1566 1061 qui
1597 1018 1642 1051 de
1674 1028 1771 1051 novo
1803 1017 2024 1052 advenerint

400 1082 463 1105 sue
488 1071 547 1105 vie
573 1073 637 1105 aut
661 1072 769 1106 burse
788 1073 988 1116 applicare,
1015 1074 1080 1106 aut
1103 1072 1235 1106 iisdem
1261 1083 1453 1106 occurrere
1470 1073 1508 1106 in
1532 1074 1646 1116 ponte
1663 1073 1758 1107 Reni
1783 1074 1849 1107 aut
1871 1073 2021 1117 quibus-

397 1127 452 1160 vis
477 1126 558 1160 aliis
581 1127 671 1160 locis
696 1128 762 1160 sub
793 1139 891 1171 pena
916 1139 978 1162 sex
1009 1128 1232 1162 florenorum
1264 1128 1350 1162 fisco
1376 1128 1628 1162 universitatis
1657 1139 1725 1172 pro
1754 1128 1957 1162 medietate
1983 1129 2021 1162 et

396 1182 540 1226 reliqua
569 1182 744 1217 damnum
774 1195 882 1227 passo
912 1183 1191 1225 solvendorum,
1224 1184 1322 1218 unde
1355 1184 1510 1228 quisque
1542 1184 1667 1228 gracia
1696 1184 1809 1218 studii
1845 1184 1890 1218 de
1921 1195 2018 1218 novo

396 1237 596 1271 adveniens
621 1249 686 1272 suo
717 1238 981 1283 relinquendus
1007 1239 1159 1273 arbitrio
1183 1239 1431 1273 transferendi
1455 1250 1492 1273 se
1519 1239 1565 1273 ad
1589 1239 1760 1281 Bursam,
1792 1239 2018 1284 Regenciam

395 1295 459 1326 aut
483 1293 581 1327 viam
599 1304 711 1337 quam
735 1294 804 1327 sibi
828 1295 1018 1339 putaverit
1033 1295 1116 1339 plus
1133 1295 1372 1339 proficua111.“
1404 1294 1558 1329 Vischer
1576 1294 1704 1329 Gesch.
1723 1295 1757 1329 d.
1774 1295 1882 1330 Univ.
1899 1295 2017 1329 Basel.

396 1352 493 1384 1860.
517 1361 553 1394 p.
573 1354 648 1385 153.

306 1409 346 1439 15
371 1405 456 1440 bene
473 1406 624 1450 portavi
649 1407 682 1441 ez?
704 1407 787 1451 riq]
815 1406 953 1440 adduxi
979 1407 1013 1440 ei
1037 1408 1137 1441 certe
1162 1417 1236 1441 non
1260 1406 1381 1440 minus
1406 1417 1517 1450 quam
1542 1419 1598 1441 xx.

305 1464 345 1494 1ss
369 1461 498 1502 fuisset
591 1464 757 1507 tempore]
785 1462 878 1496 Sane
896 1462 1116 1507 prudentius
1141 1462 1275 1496 asellus
1300 1462 1377 1496 sine
1402 1462 1550 1496 nomine
1577 1462 1726 1507 egisset,
1753 1462 1783 1496 si
1806 1463 1953 1507 tempus
1976 1463 2014 1496 in

391 1517 600 1551 litterarum
625 1518 788 1551 studium
813 1529 924 1562 quam
948 1519 986 1552 in
1010 1518 1213 1553 beanorum
1238 1518 1475 1552 venationem
1499 1518 1715 1562 impendere
1740 1518 1941 1553 maluisset.

304 1576 344 1607 18
369 1573 534 1607 burscdz'a
560 1575 634 1618 eta]
662 1574 705 1608 cf.
723 1586 757 1618 p.
773 1578 826 1609 68.
844 1587 896 1607 vv.
913 1585 937 1611 1.
953 1587 1029 1618 sqq.

341 1629 493 1671 potestis
511 1656 518 1663 .
535 1657 541 1662 .
556 1657 563 1664 .
585 1630 714 1674 dicere]
741 1630 840 1664 dicas
866 1630 899 1664 ei
925 1641 1057 1674 quaeso.

304 1688 344 1718 19
368 1684 571 1729 recordare]
598 1685 641 1719 cf.
661 1685 708 1719 ad
734 1690 797 1720 207
807 1687 845 1719 ²².

345 1740 423 1784 L0.]
449 1740 571 1774 Etiam
595 1753 692 1775 nunc
717 1741 786 1775 1100
811 1741 1012 1776 Lovaniam
1037 1742 1113 1776 sive
1137 1742 1341 1776 Lovanium
1366 1742 1572 1787 significare
1597 1744 1699 1787 puto.

579 1830 812 1865 EPISTOLA
840 1832 902 1870 30.
943 1831 1233 1866 BALTHASAR
1258 1831 1475 1867 SCLAVCH
1503 1831 1731 1866 ORTVINO.

300 1912 340 1942 21
366 1909 532 1954 Sclaucle]
557 1910 580 1944 i.
599 1921 629 1944 e.
648 1909 841 1952 Schlauch,
867 1911 961 1952 uter,
987 1910 1090 1944 utris.
1141 1910 1256 1954 Saepe,
1283 1910 1347 1944 sed
1371 1921 1444 1945 non
1469 1911 1504 1945 h.
1520 1910 1562 1953 l.‚
1581 1910 1766 1955 significat
1787 1911 2008 1954 potatorem,

387 1965 643 2008 multibibum,
669 1964 901 2011 πολυπότην.

298 2024 338 2054 ⁴22
365 2021 497 2055 baceul.
515 2022 562 2055 th.
580 2022 698 2067 form]
725 2022 768 2056 cf.
787 2022 866 2056 Ind.
884 2023 1000 2067 biogr.
1018 2034 1053 2067 p.
1071 2026 1145 2057 302.
1164 2035 1215 2067 sq.
1235 2024 1302 2057 art.
1316 2022 1594 2058 Baccalaureus.

297 2080 337 2110 <27
365 2078 428 2120 (11ιὶ
452 2077 518 2110 int.
537 2077 623 2120 Des.
641 2079 674 2112 Ι,
692 2078 769 2123 Pfi]
797 2078 842 2112 cf.
860 2078 906 2112 ad
924 2080 1034 2113 230²&

295 2136 338 2165 30
361 2132 488 2167 Ezech.
504 2134 561 2177 ιι]
581 2138 612 2168 3.

294 2190 380 2230 Pag.
400 2190 491 2226 237.

298 2248 312 2276 1
340 2254 476 2287 semper
492 2245 595 2280 habet
612 2248 756 2292 atram]
780 2246 947 2291 Peperic.
966 2246 1114 2282 Defens.
1132 2259 1168 2292 p.
1184 2251 1258 2289 145,
1278 2257 1318 2281 17.
1334 2259 1409 2291 sqq.
1435 2247 1537 2292 „Ego
1555 2247 1619 2291 qui
1636 2257 1781 2280 mecum
1798 2246 1876 2280 fero
1894 2247 1932 2280 et
1948 2257 2005 2280 ca-

383 2300 523 2334 lamum
549 2302 587 2335 et
610 2302 851 2346 pugillarem,
885 2313 929 2337 ea
953 2314 1101 2347 possum
1127 2304 1303 2338 adnotare
1329 2314 1410 2346 quae
1442 2303 1502 2337 vel
1526 2303 1564 2335 in
1596 2302 1824 2336 sermonibus
1848 2301 2006 2345 publicis

383 2356 444 2390 vel
467 2357 505 2390 in
531 2358 799 2392 conventiculis
824 2358 933 2392 audio
960 2359 1189 2393 eruditorum
1204 2387 1211 2394 .
1228 2362 1265 2392 .“

294 2415 313 2445 ‘2
339 2413 574 2447 auctoritates
598 2417 630 2447 et
654 2414 845 2459 notabilia]
873 2414 917 2448 ef.
936 2414 983 2448 ad
1008 2416 1120 2449 21822.

292 2471 312 2500 4
343 2467 503 2512 Viennoe]
530 2468 834 2504 Vindobonensia
856 2471 984 2504 narrat
1008 2470 1120 2505 etiam
1144 2470 1317 2504 Krabacii
1343 2470 1500 2514 epistola
1522 2469 1549 2503 I.
1570 2473 1636 2512 14.,
1662 2469 1708 2503 de
1725 2468 1903 2511 Hutteno,
1928 2479 2002 2503 non

382 2524 427 2557 ab
452 2523 635 2567 Hutteno,
669 2526 707 2559 et
738 2527 823 2560 ante
853 2525 1092 2570 Pepericorm'
1116 2526 1380 2561 Defensionem
1411 2526 1549 2560 editam
1579 2525 1727 2569 scripta.
1751 2525 1846 2559 hanc
1876 2526 2002 2559 autem

381 2578 551 2613 Sclauchi
577 2581 771 2625 epistolam
795 2582 833 2614 in
859 2593 996 2616 annum
1021 2586 1115 2616 1516.
1133 2582 1296 2616 incidere
1322 2581 1560 2616 manifestum
1585 2582 1651 2615 est.
1690 2580 1851 2615 Maxime
1876 2581 2001 2615 autem

379 2635 493 2670 bilem
522 2636 754 2681 theologistis
784 2637 942 2672 movisse
968 2638 1142 2672 videntur
1174 2637 1339 2682 epistolae
1365 2648 1396 2672 a.
1416 2642 1512 2672 1512.
1536 2648 1558 2671 a
1581 2636 1928 2671 Vindobonensibus
1953 2636 2000 2669 ad

378 2691 627 2725 Reuchlinum
652 2692 748 2727 datae
771 2693 954 2738 huiusque
980 2694 1026 2728 ad
1049 2694 1132 2728 illos
1155 2694 1396 2738 responsoriae
1422 2694 1480 2737 (cf.
1499 2693 1629 2737 Consp.
1647 2692 1808 2727 chronol.
1825 2703 1909 2737 pag.
1927 2696 1999 2727 123.

380 2748 615 2791 Api-,1512.),
643 2760 662 2783 e
689 2749 821 2793 quibus
846 2760 976 2792 unam,
1002 2749 1120 2793 Lazii,
1146 2750 1359 2794 repetimus,

805 2805 931 2839 Simon
954 2805 1086 2840 Lazius
1110 2805 1290 2850 Capnioni
1314 2806 1483 2840 salutem.

378 2857 520 2893 Literas
544 2861 626 2893 tuas
652 2860 708 2894 vir
731 2861 994 2895 humanissime
1021 2863 1059 2896 et
1081 2861 1305 2906 Apologiam
1331 2862 1471 2906 optimo
1497 2861 1575 2896 viro
1601 2861 1751 2896 Thomae
1781 2860 1901 2895 Resch
1926 2860 1997 2895 col-

377 2914 470 2959 legae
495 2915 692 2960 theologiae
716 2917 950 2952 baccalaurio
975 2917 1112 2952 oratori
1137 2928 1179 2951 ac
1202 2919 1323 2962 poetae
1338 2917 1506 2952 laureato
1523 2917 1672 2951 nomine
1696 2918 1761 2951 tuo
1779 2916 1908 2958 obtuli,
1933 2915 1997 2959 qui

379 2971 650 3004 osculabundus
685 2972 812 3006 literas
848 2974 886 3007 et
915 2973 1139 3017 Apologiam
1176 2985 1259 3007 cum
1298 2973 1460 3008 maximo
1497 2973 1611 3006 animi
1646 2972 1782 3017 gaudio
1823 2971 1994 3015 suscepit,

378 3025 516 3069 quippe
542 3026 598 3059 cui
626 3028 682 3069 (ut
706 3038 829 3062 coram
855 3028 1017 3072 dicebat)
1044 3029 1089 3062 ad
1114 3028 1152 3062 id
1176 3029 1355 3073 temporis
1379 3030 1520 3073 gratius
1545 3028 1713 3062 accidere
1737 3027 1919 3072 potuisset
1942 3027 1994 3060 ni-
