2119 3522
313 241 406 286 642
750 253 1014 277 commmufflvs
1038 253 1084 274 AD
1109 253 1180 275 EPP.
1198 253 1228 275 ο.
1246 253 1279 275 v.
1303 253 1380 275 vor„
1398 252 1421 275 1.
1445 250 1588 276 Afrum).

308 315 573 412 Pagn‘ssgsstro
604 366 727 399 nostro
754 364 941 399 Conrado‘
975 363 1117 407 [Kollin
1149 363 1194 398 de
1219 364 1347 409 Ulma]
1373 363 1543 409 Agrippa
1565 364 1612 398 ab
1636 363 1869 399 Nettesheim
1900 364 1938 399 in
1963 376 2022 409 ep.

396 434 491 467 saepe
517 422 577 456 cit.
603 421 719 465 (Opp.
738 421 782 454 II.
800 432 836 464 p.
856 424 952 455 1038.
971 419 1027 453 ed.
1045 418 1181 464 Lugd.)
1215 420 1265 454 sic
1291 419 1452 464 scripsit:
1496 418 1602 461 „Sed
1629 419 1751 453 solent
1772 419 1834 453 isti
1857 422 1960 464 porci
1985 422 2023 454 et

394 479 523 512 lutosae
554 487 652 517 sueS,
685 476 831 519 quoties
862 477 917 510 est
948 475 1090 519 aliquid
1120 475 1220 519 quod
1252 475 1440 519 displicet,
1473 474 1572 519 quod
1596 485 1670 509 non
1693 475 1926 520 intelligunt,
1959 477 2021 510 ob-

394 534 570 579 grunnire
596 532 770 574 haereses,
796 531 986 573 scandala,
1013 530 1252 572 offendicula,
1277 530 1574 574 superstitiones,
1600 530 1784 565 maleficia
1809 531 1921 575 atque
1946 542 2021 565 om-

392 601 478 623 nem
515 588 702 622 ethnicam
738 587 1029 632 philosophiam,
1068 587 1206 631 praeter
1240 598 1346 620 suum
1381 586 1620 630 pestilentem
1649 586 1889 621 Aristotelem
1926 587 2021 631 [sive

394 645 531 680 rectius
560 644 715 678 Petrum
741 643 948 688 Hispanum
979 654 1062 676 cum
1094 653 1160 676 sua
1189 643 1525 677 commentatorum
1549 642 1731 686 cohorte],
1762 643 2022 687 paganismum

395 702 434 735 et
456 700 653 745 perfidiam
683 700 914 743 exponunt‘a

306 762 344 792 17
369 758 446 801 ipse
470 784 478 791 .
493 784 500 790 .
515 783 522 790 .
546 756 673 800 cutem]
701 756 805 790 datm
831 754 980 798 [Crotus
1005 756 1130 789 ‘tunc'
1155 766 1230 789 non
1255 754 1454 799 omisisset]
1479 755 1546 790 soll
1571 766 1608 790 er
1630 756 1733 797 selm,
1766 755 1844 798 dass
1866 755 1925 789 ich
1947 755 2021 790 ihm

393 813 480 847 iiber
503 813 574 847 (len
598 812 687 846 Pelz
709 812 803 853 will,
835 811 1048 855 experietur
1077 811 1228 845 ultrices
1258 821 1360 844 meas
1391 821 1532 844 manus.
1584 810 1813 845 Reuchlinus
1843 810 2021 852 Questen-

392 869 522 913 bergio
547 867 693 912 scripsit
717 867 752 901 d.
772 871 824 901 21.
842 866 937 901 Nov.
955 878 986 901 a.
1006 871 1101 901 1514.
1125 866 1308 908 „Lovanii
1338 866 1457 901 fertur
1486 867 1555 901 hoc
1586 866 1805 901 adversariis
1834 877 1912 901 esse
1937 877 2020 901 con-

392 924 579 965 stitutum,
606 925 648 957 ut
672 924 702 957 si
726 934 785 957 me
813 923 1082 967 oppresserint,
1108 922 1301 956 Erasmum
1318 922 1608 957 Roterodamum
1633 923 1708 957 sint
1731 922 1956 968 aggressuri,
1983 924 2022 957 et

390 982 444 1015 ita
467 980 684 1025 singillatim
709 990 836 1013 omnes
863 990 901 1014 se
926 979 1023 1013 velle
1048 979 1179 1023 poetas
1204 978 1268 1021 (sic
1293 978 1391 1012 enim
1416 978 1597 1012 bonarum
1620 977 1814 1013 literarum
1839 978 2021 1012 studiosos

391 1036 596 1081 appellant)
623 1035 832 1077 eradicare,
862 1034 926 1069 sed
953 1035 1005 1068 dii
1029 1034 1226 1069 meliora“.

303 1098 343 1128 19
368 1103 441 1128 non
468 1092 604 1136 G›·oecc']
645 1091 887 1126 Notissimum
919 1092 975 1125 est
1008 1102 1120 1134 quam
1151 1090 1349 1124 ridiculum
1379 1090 1613 1134 theologistae
1642 1090 1681 1124 in
1706 1090 1852 1126 Graecas
1875 1090 2021 1125 litteras

391 1149 517 1183 odium
542 1159 617 1192 prae
643 1158 680 1181 se
705 1146 878 1188 tulerint,
906 1146 1005 1190 quod
1030 1147 1155 1180 tamen
1175 1157 1302 1180 eorum
1320 1145 1531 1190 ignorantia
1547 1146 1802 1190 superabatur.
1841 1147 1884 1180 In
1900 1146 2020 1181 Hoch-

391 1206 494 1239 strat.
513 1215 568 1238 ον.
587 1207 616 1243 ξ.
635 1208 688 1238 28.
719 1202 962 1236 Hochstratus
994 1201 1166 1236 Eduardo
1197 1202 1271 1236 Leo
1302 1202 1629 1246 Aristophanicum
1660 1213 1808 1236 versum
1847 1203 2022 1237 recitanti

390 1260 591 1304 respondet
616 1258 725 1301 „Hoc
750 1258 901 1292 nomine
927 1257 1019 1291 mihi
1044 1257 1165 1291 minus
1190 1269 1295 1292 carus
1321 1269 1374 1300 es,
1401 1258 1501 1302 quod
1529 1258 1676 1293 Graecus
1702 1261 1782 1293 es“.
1822 1258 2021 1293 Thomistae

390 1316 451 1350 vel
474 1316 558 1349 ideo
585 1315 729 1349 Graecas
752 1314 898 1349 litteras
930 1314 1172 1358 spernebant,
1205 1314 1305 1358 quod
1329 1314 1489 1349 Thomas
1513 1314 1678 1358 Aquinas
1711 1315 1857 1349 ‘contra
1881 1325 2022 1349 errores

391 1372 620 1407 Graecorum⁷
648 1370 853 1415 scripserat.

300 1433 343 1464 20
366 1429 543 1463 Italicum
568 1429 648 1472 eta]
688 1426 838 1461 Scilicet
872 1428 1007 1471 praet-er
1043 1426 1236 1471 vulgarem
1267 1426 1502 1461 Neerlandiae
1532 1426 1674 1461 nullam
1703 1427 1871 1472 linguam
1900 1426 2021 1461 Hoch-

389 1485 526 1519 stratus
550 1483 748 1518 didicerat:
775 1494 865 1517 nam
891 1483 929 1516 et
953 1482 1083 1516 Latine
1110 1484 1149 1517 et
1173 1482 1393 1517 Germanice
1418 1484 1598 1517 barbarus
1623 1484 1713 1517 erat.

298 1546 338 1575 :21
364 1542 406 1575 1η
429 1568 436 1574 .
451 1568 480 1574 ..
505 1540 650 1584 chabol]
678 1539 798 1573 Hodie
824 1539 961 1573 usitata
985 1539 1162 1580 formula,
1190 1539 1231 1573 in
1254 1542 1347 1573 1000
1366 1540 1399 1573 T
1399 1540 1512 1582 echels
1527 1539 1683 1574 Numen.
1710 1541 1919 1583 (centorum
1944 1539 2020 1575 dia-

389 1597 504 1631 bolor.
525 1598 627 1639 78²3.)

301 1658 342 1687 ‘22
366 1664 432 1696 per
460 1653 590 1687 Utrum
615 1653 689 1696 ete]
722 1651 778 1686 Ita
808 1652 1006 1696 scripserat
1038 1652 1152 1686 etiam
1183 1651 1409 1685 Reuchlinus
1439 1651 1477 1685 in
1503 1652 1661 1697 Speculo
1690 1652 1846 1696 oculari,
1878 1653 1943 1697 qui
1966 1653 2019 1687 in-

393 1708 543 1753 elegans
569 1719 669 1742 error
693 1719 766 1742 non
792 1707 944 1742 minima
969 1718 1079 1742 causa
1102 1708 1188 1750 fuit,
1216 1707 1315 1751 quod
1339 1708 1572 1753 theologistae
1596 1710 1701 1743 tanto
1724 1709 1848 1744 furore
1872 1709 1911 1743 in
1934 1720 2019 1743 eum

392 1765 668 1799 inveherentur.

300 1825 343 1855 ‘24
367 1832 481 1855 meam
505 1824 676 1864 paupert.
702 1822 782 1865 etc]
825 1821 871 1854 ad
904 1822 1081 1864 quantam
1112 1821 1278 1865 inopiam
1307 1832 1405 1855 nunc
1435 1821 1608 1856 redactus
1638 1821 1717 1856 sim.
1743 1822 2019 1867 „Hogostratus

389 1876 696 1921 theologistarum
714 1877 837 1921 Alpha
854 1877 999 1921 ingenti
1015 1877 1171 1912 decocta
1186 1876 1346 1921 pecunia
1364 1905 1371 1912 .
1388 1905 1394 1911 .
1411 1905 1418 1912 .
1436 1878 1574 1912 fractus
1591 1878 1714 1912 animo
1731 1879 1788 1912 est
1804 1877 2017 1912 destitutus-

390 1943 462 1976 que
480 1932 590 1977 lupus
606 1932 711 1967 hians
729 1932 929 1967 discedit“.
969 1933 1123 1968 Hutten.
1140 1933 1315 1967 Bononiae
1333 1933 1366 1966 d.
1385 1938 1437 1968 31.
1456 1933 1523 1967 Iul.
1542 1945 1573 1968 a.
1593 1937 1688 1968 1516.
1707 1933 1815 1978 (Opp.
1833 1933 1860 1968 I.
1877 1946 1913 1978 p.
1930 1936 2017 1976 106.)

389 1988 484 2023 Vide
511 1988 624 2023 etiam
648 1989 745 2023 infra
768 1989 813 2023 ΙΙ.
832 2000 889 2033 ep.
908 1993 961 2023 53.
980 1989 1269 2034 descriptionem
1292 1990 1526 2033 paupertatis
1550 1989 1780 2032 Hochstrati,
1806 2001 1888 2034 quae
1912 1991 2019 2024 tanta

389 2046 469 2078 tum
499 2045 585 2087 fuit,
625 2046 667 2079 ut
698 2045 843 2087 „debet
877 2045 1068 2079 ambulare
1098 2046 1258 2089 pedibus
1289 2045 1363 2079 suis
1392 2057 1460 2090 per
1489 2046 1656 2080 merdam
1688 2047 1727 2080 et
1755 2057 1823 2090 per
1851 2046 2016 2080 lutum“.

390 2102 508 2142 Quam
533 2101 668 2136 acerba
691 2101 934 2136 Hochstratus
959 2101 1087 2146 inopia
1109 2103 1190 2135 tum
1214 2101 1418 2144 laboraret,
1457 2101 1503 2136 ad
1528 2102 1654 2136 vivum
1679 2102 1859 2147 magister
1883 2101 2017 2137 Corne-

387 2157 459 2191 lius
484 2156 621 2191 Storati
647 2157 756 2200 (infra
780 2157 824 2191 lI.
845 2169 902 2202 ep.
919 2160 965 2201 6.)
992 2157 1172 2202 depinxit.

301 2216 344 2247 ‘25
368 2215 552 2258 apostata]
589 2215 813 2258 apostatam,
850 2225 924 2248 non
950 2225 1035 2248 eum
1060 2214 1124 2258 qui
1148 2225 1170 2247 a
1194 2213 1402 2248 Christiana
1425 2214 1515 2256 fide,
1548 2214 1612 2248 sed
1637 2215 1702 2258 qui
1725 2214 1772 2248 ab
1797 2214 1926 2248 ordine
1950 2225 2016 2249 suo

392 2269 557 2304 descivit.
605 2270 738 2304 Nescio
763 2271 914 2315 quidem
939 2270 1087 2314 quando
1105 2269 1349 2304 Hochstratus
1372 2270 1418 2304 ab
1444 2269 1565 2304 officio
1589 2270 1817 2313 inquisitoris
1842 2271 1882 2304 et
1902 2270 2015 2305 hono·
2080 2283 2085 2296 ·

389 2325 490 2359 ribus
515 2325 686 2360 omnibus
711 2326 900 2370 depositus
925 2326 1054 2367 fuerit,
1087 2325 1152 2360 sed
1175 2326 1245 2360 hoc
1270 2326 1410 2360 factum
1434 2326 1562 2368 fuisse,
1595 2326 1768 2360 discimus
1797 2337 1842 2361 ex
1865 2326 1910 2360 iis
1934 2338 2015 2370 quae

388 2381 426 2414 in
445 2380 575 2426 Consp.
594 2381 755 2416 chronol.
773 2394 809 2426 p.
825 2386 898 2416 151.
914 2394 965 2426 sq.
980 2392 1010 2415 a.
1028 2385 1123 2416 1520.
1138 2382 1171 2415 d.
1186 2385 1238 2416 23.
1253 2381 1320 2415 Iul.
1339 2383 1378 2416 et
1393 2393 1424 2416 a.
1441 2385 1537 2416 1521.
1555 2381 1588 2416 d.
1604 2386 1634 2416 8.
1648 2382 1743 2427 Aug.
1761 2382 2014 2427 repetivimus.

299 2441 340 2471 27
366 2437 504 2482 DIeyer]
531 2437 574 2471 cf.
592 2437 672 2471 Ind.
690 2437 807 2483 biogr.
826 2450 860 2482 p.
879 2442 955 2472 415.
973 2438 1008 2472 h.
1027 2439 1093 2472 art.

342 2494 398 2527 ita
422 2493 507 2527 bene
529 2494 623 2528 sicut
645 2495 711 2538 me]
742 2504 817 2528 non
840 2494 962 2528 minus
987 2505 1099 2538 quam
1122 2505 1193 2528 me.

298 2552 341 2583 28
365 2549 468 2583 habet
491 2549 582 2594 mel]
612 2549 744 2584 melior
770 2551 826 2584 est
850 2550 928 2584 eius
954 2549 1121 2584 condicio
1147 2560 1258 2594 quam
1284 2550 1517 2593 (tristissima)
1542 2562 1635 2586 mea.

299 2608 341 2638 29
366 2605 589 2650 capellanus]
621 2605 665 2640 cf.
684 2605 731 2640 ad
747 2607 836 2640 542³.
871 2605 1050 2651 Ducange
1075 2606 1110 2640 h.
1128 2618 1161 2640 v.
1187 2634 1226 2649 „.
1248 2634 1254 2640 .
1279 2606 1471 2651 Capeliani
1501 2607 1663 2652 denique
1694 2607 1926 2652 sequioribus
1952 2619 2015 2643 sae-

388 2661 480 2695 culis
503 2661 626 2696 vocati
650 2661 714 2706 qui
739 2661 911 2707 capellis,
938 2662 1082 2697 sacellis
1106 2673 1171 2697 seu
1196 2662 1360 2697 aediculis
1384 2663 1495 2698 sacris
1518 2663 1686 2708 praefecti
1710 2663 1831 2698 sunt.“

345 2716 404 2750 clei
428 2718 527 2762 ayro]
557 2717 797 2761 Gottesacker,
826 2719 1050 2754 coemeterio.

299 2776 341 2806 30
364 2773 596 2819 vilissimum]
622 2774 818 2809 minimum
835 2775 1009 2810 salarium
1026 2775 1164 2818 ferens,
1188 2775 1412 2810 beneficium
1436 2775 1727 2810 ecclesiasticum
1743 2775 2012 2811 tenuissimum.

345 2839 422 2871 quae
522 2831 603 2874 esse]
633 2829 760 2865 Romae
785 2831 1034 2866 conferuntur.

299 2887 340 2917 31
365 2883 428 2917 hoc
450 2884 548 2918 mihil
570 2888 683 2931 vocet]
711 2887 778 2922 das
801 2888 927 2922 sehaclt
950 2888 1085 2930 m'chts,
1109 2887 1218 2922 nihili
1240 2888 1310 2923 hoc
1334 2888 1439 2923 facio.

300 2942 342 2973 32
365 2939 469 2973 habet
491 2967 520 2974 ..
534 2968 542 2974 .
564 2941 640 2986 hoc]
670 2942 790 2977 victus
815 2944 1038 2978 cottidianus
1063 2944 1098 2978 ei
1123 2954 1168 2978 ex
1190 2944 1260 2978 hoc
1284 2944 1466 2979 beneficio
1490 2945 1598 2980 redit.

342 2995 461 3029 nutrit
474 3006 509 3029 se
522 2999 544 3029 t.
554 2997 598 3041 q.]
609 2997 723 3032 habet
735 2998 875 3033 victum
886 3000 1038 3043 quidem
1047 3011 1122 3034 non
1131 3000 1241 3033 nimis
1250 3011 1414 3043 parcum.
1425 3001 1505 3035 und
1518 3013 1556 3036 er
1568 3001 1716 3036 erm'ihn
1727 3001 1803 3035 sich
1814 3001 1903 3035 doch
1913 3011 1951 3035 so
1963 3009 2011 3035 so·

299 3054 342 3085 33
365 3062 466 3085 suam
493 3054 650 3097 causam]
678 3055 822 3088 ‘contra
847 3056 1040 3090 canonicos
1057 3055 1424 3090 Franckfordienses⁷
1450 3069 1485 3100 p.
1503 3061 1568 3092 238
1577 3059 1605 3079 ³²
1623 3058 1661 3091 et
1677 3058 1788 3091 25023.
1814 3058 1846 3091 Ι.
1865 3056 1910 3090 Β.
1929 3056 2010 3091 Rit-
