2119 3522
624 203 676 224 ΕΡ.
693 200 736 224 42.
754 191 841 234 (APP.
859 192 897 233 1.)
930 201 1096 224 ANTomvs
1119 201 1150 223 N.
1175 201 1333 224 onrvmo.
1738 181 1830 226 621

120 259 204 300 Pag.
221 258 284 294 64.
1434 259 1523 299 Pag.
1538 259 1591 289 64.
1605 268 1658 289 vv.
1672 264 1703 290 12
1721 282 1728 288 .
1744 282 1751 288 .
1766 282 1773 289 .
1790 264 1833 289 34.

209 312 382 346 rentium.
420 312 464 346 cf.
488 312 631 347 Erasmi
654 313 748 357 Epp.
765 313 804 348 L.
822 313 862 348 B.
884 317 979 349 1706.
998 313 1080 348 coll.
1100 316 1196 348 1498.
1214 313 1285 357 sq.]
1312 311 1473 355 scripsit,
1505 310 1604 354 quod
1629 311 1753 355 coegit
1775 310 1843 355 1¹11

209 367 300 400 lium
333 368 443 402 aliam
475 369 681 403 orationem
712 369 888 411 scribere,
922 380 996 413 qua
1019 380 1056 403 se
1087 368 1220 413 prioris
1250 368 1438 402 auctorem
1470 366 1613 409 asserit,
1647 378 1728 411 quae
1759 377 1834 399 una

210 434 293 456 cum
327 424 484 468 epistola
512 425 578 458 illa
607 424 764 459 Lutetiae
797 425 896 469 apud
926 425 1136 459 Vidoveum
1167 423 1269 458 edita
1299 425 1364 458 est.
1418 423 1491 457 Sed
1520 422 1692 456 Erasmus
1722 421 1832 455 homo

209 480 431 514 vaferrimus
461 491 529 524 per
560 480 766 514 emissarios
796 492 879 514 suos
910 481 1035 514 omnia
1070 479 1296 524 exemplaria
1330 478 1475 524 magnis
1505 478 1713 522 sumptibus
1749 488 1832 511 con-

210 535 347 578 quisita
383 535 540 570 flammis
571 536 711 570 aboleri
742 537 895 571 curavit.
921 548 1036 570 unum
1069 535 1260 579 exemplar
1296 535 1474 578 Iosephus
1510 534 1661 578 reliquit
1694 533 1833 577 Aginni

211 591 357 636 [Ayenp
394 602 516 635 neque
552 592 669 626 ullum
701 594 837 636 praeter
871 592 964 626 illud
994 592 1156 626 nancisci
1192 592 1256 625 aut
1285 590 1412 624 videre
1445 590 1585 634 potuit:
1621 590 1728 623 tanta
1761 589 1834 622 fuit

209 647 483 681 emissariorum
501 647 643 692 Erasmi
669 648 873 693 diligentia.
912 648 1058 692 [Postea
1082 647 1222 692 prodiit
1237 646 1378 681 Tolosae
1404 657 1436 680 a.
1454 649 1549 680 1620.
1566 656 1649 679 cum
1667 645 1747 679 aliis
1764 644 1831 678 Iul.

210 702 297 737 Caes.
316 702 494 748 Scaligeri
512 704 720 748 opusculis]
770 703 890 745 Quum
916 704 1042 737 autem
1066 704 1197 747 postea
1219 703 1257 735 in
1276 702 1349 736 alia
1366 701 1524 745 epistola
1548 712 1631 735 eum
1656 712 1724 745 per
1748 712 1831 734 con-

208 758 401 792 tumeliam
426 759 584 793 militem
610 760 769 801 vocaret,
798 761 836 793 et
858 759 928 793 hoc
953 758 1030 792 solo
1047 759 1164 793 vellet
1187 758 1268 791 aliis
1292 757 1514 800 persuadere
1539 758 1686 790 tantum
1711 757 1850 791 erudi—'

207 814 318 847 tionis
342 815 398 848 illi
422 825 496 848 non
520 815 649 857 fuisse,
682 816 724 848 ut
749 814 930 849 eiusmodi
961 814 1146 848 orationes
1176 813 1350 847 meditari
1373 814 1512 856 posset,
1546 813 1591 846 ob
1623 823 1705 846 eam
1730 824 1831 846 caus-

207 880 285 903 sam
317 869 432 903 Iulius
463 870 510 904 ad
541 870 692 904 tertiam
725 870 931 904 orationem
968 869 1293 904 commentandam
1329 868 1493 901 animum
1530 868 1691 912 appulit,
1729 868 1831 902 cuius

209 925 411 960 editionem
443 937 540 960 mors
573 926 714 960 Erasmi
750 926 1008 970 interpellavit
1038 926 1076 959 et
1105 936 1189 959 cum
1219 924 1373 968 reliquis
1398 924 1572 968 operibus
1602 924 1680 957 eius
1709 923 1747 956 in
1778 924 1830 956 di-

206 982 376 1026 reptione
401 981 643 1026 supellectilis
668 982 787 1027 primo
812 982 912 1016 bello
938 981 1038 1015 civili
1062 981 1175 1025 periit
1192 1008 1199 1014 .
1216 979 1309 1013 nihil
1334 989 1422 1013 vero
1439 978 1610 1012 Erasmus
1633 980 1711 1012 tam
1736 980 1831 1013 serio

207 1037 397 1072 affectavit
421 1049 533 1082 quam
566 1049 610 1072 ex
640 1038 776 1072 militia
806 1038 884 1072 eius
910 1049 995 1072 eum
1026 1037 1236 1070 litterarum
1268 1035 1483 1078 imperitum
1508 1034 1683 1078 probare,
1716 1046 1831 1078 quum

207 1095 333 1128 tamen
358 1094 467 1128 aliter
490 1105 527 1128 se
546 1095 682 1128 sentire
708 1093 807 1138 apud
832 1093 967 1127 amicos
985 1092 1216 1126 dissimulare
1241 1102 1314 1125 non
1338 1090 1519 1135 potuerit3
1546 1091 1645 1134 quod
1670 1090 1831 1134 quadam

208 1150 254 1183 ad
281 1149 490 1184 Conradum
517 1149 735 1184 Goclenium
763 1150 921 1194 epistola
953 1149 1062 1193 [Edit.
1079 1146 1117 1181 L.
1136 1147 1176 1180 B.
1197 1151 1292 1182 1706.
1310 1147 1392 1180 coll.
1412 1151 1507 1180 1421.
1525 1158 1604 1190 sqq.
1622 1159 1721 1181 num.
1739 1148 1830 1191 mcc]

205 1207 380 1239 testatur:
410 1206 528 1239 ‘Iulii’
554 1206 677 1249 inquit
703 1205 900 1250 ‘Scaligeri
924 1204 1094 1238 libellum
1112 1205 1189 1238 tam
1214 1203 1288 1237 scio
1313 1203 1412 1236 illius
1430 1214 1518 1245 esse,
1545 1214 1655 1246 quam
1673 1203 1747 1237 scio
1771 1214 1830 1237 me

206 1262 332 1295 vivere
352 1261 417 1295 :id
442 1263 568 1296 tamen
594 1261 900 1296 dissimulandum
919 1261 984 1303 est,
1010 1271 1056 1294 ne
1082 1259 1200 1304 magis
1216 1259 1378 1293 insaniat
1400 1258 1548 1302 prodito
1573 1259 1687 1293 fuco'.
1716 1258 1832 1293 Vides

206 1317 403 1351 credidisse
431 1318 469 1351 et
493 1317 751 1351 dissimulasse.
799 1317 854 1351 De
879 1317 948 1351 hac
973 1316 1085 1350 tertia
1108 1316 1274 1350 oratione
1300 1315 1462 1349 monitus
1487 1315 1532 1348 ab
1559 1314 1755 1349 emissariis
1778 1314 1832 1349 ita

205 1373 334 1407 scribit
359 1373 405 1407 ad
430 1372 653 1407 Damianum
685 1384 707 1407 a
733 1373 829 1407 Goes
855 1384 950 1407 anno
976 1385 1106 1406 Mnxxv.
1157 1371 1210 1415 [In
1235 1371 1327 1415 Epp.
1347 1371 1402 1405 ed.
1420 1369 1460 1408 L,
1479 1370 1519 1404 B.
1539 1375 1633 1405 1706.
1651 1370 1729 1404 haec
1755 1371 1830 1414 epi-

206 1428 304 1462 stula
328 1429 456 1472 deest]
500 1428 633 1463 ‘Aiunt
649 1429 825 1463 Doletum
844 1429 1030 1473 quendam
1048 1428 1085 1461 in
1103 1438 1162 1461 me
1180 1427 1352 1461 scribere.
1381 1426 1577 1460 Minitatur
1600 1427 1723 1460 nescio
1742 1426 1830 1470 quid

207 1486 245 1519 et
268 1484 382 1518 lulius
409 1485 604 1530 Scaliger'.
629 1485 759 1529 Itaque
778 1485 949 1519 Erasmus
975 1485 1039 1528 qui
1064 1484 1109 1517 de
1136 1484 1213 1517 eius
1237 1483 1373 1517 militia
1394 1483 1440 1516 ab
1465 1483 1508 1516 iis
1534 1482 1686 1516 edoctus
1710 1482 1833 1516 fuerat

206 1541 270 1585 qui
295 1552 380 1575 eum
404 1541 442 1574 in
472 1541 582 1575 Italia
605 1541 793 1584 viderant,
829 1552 1020 1585 nunquam
1046 1540 1091 1573 ab
1117 1539 1161 1573 iis
1186 1539 1330 1573 audivit
1354 1540 1419 1573 aut
1442 1538 1573 1573 didicit
1595 1538 1716 1582 ipsum
1741 1538 1831 1572 Bur-

205 1597 342 1631 donem
367 1598 542 1631 vocatum
566 1597 721 1632 inisse“.
1163 1587 1166 1589 ⁵
1477 1596 1485 1605 “

115 1657 157 1687 29
182 1663 256 1687 non
274 1654 399 1696 potuit
425 1664 495 1687 esse
519 1654 644 1688 doctus
668 1654 722 1688 vel
748 1654 809 1687 lat.
829 1653 931 1697 disc]
964 1653 1014 1687 Ut
1039 1664 1151 1697 quam
1180 1652 1348 1696 lepidum
1380 1651 1428 1685 sit
1456 1651 1525 1685 hoc
1556 1652 1829 1696 argumentum,

205 1709 369 1753 apertius
395 1709 476 1752 fiat,
502 1710 640 1744 referre
666 1710 840 1752 lectores,
866 1721 913 1743 ne
939 1709 1061 1743 dicam
1086 1709 1133 1743 ad
1157 1709 1256 1753 ipsos
1281 1707 1431 1742 Caesaris
1456 1707 1757 1749 commentarios,
1784 1706 1831 1740 ad

204 1776 278 1798 non
302 1765 405 1799 nulla
429 1766 599 1799 veterum
624 1766 669 1800 de
696 1766 747 1800 eis
771 1765 910 1799 iudicia
933 1765 1073 1807 licebit,
1099 1766 1142 1798 ut
1159 1764 1344 1799 Ciceronis
1368 1765 1405 1798 in
1430 1764 1533 1798 Brut.
1552 1768 1604 1805 72,
1624 1768 1688 1798 252
1706 1776 1757 1807 sq.
1777 1768 1829 1806 75,

204 1824 280 1854 261.
298 1832 366 1864 sq.,
402 1833 484 1865 quae
515 1822 659 1866 recepit
690 1821 888 1856 Suetonius
917 1822 955 1855 in
986 1821 1052 1854 Iul.
1071 1832 1100 1854 c.
1119 1825 1172 1855 55.
1190 1832 1264 1864 sq.,
1296 1820 1342 1854 ad
1376 1820 1595 1862 Quintiliani
1618 1820 1660 1854 X.
1681 1824 1716 1862 1,
1744 1824 1830 1862 114„

204 1877 396 1911 Plutarchi
420 1878 457 1911 in
476 1877 563 1912 Caes.
582 1883 613 1914 3.
633 1882 682 1920 4.,
706 1878 864 1912 aliorum
882 1905 889 1912 .
907 1878 1030 1912 Unum
1049 1876 1269 1919 Quintiliani
1292 1878 1335 1910 ut
1351 1876 1608 1910 brevissimum
1626 1876 1830 1920 adponam:

205 1933 273 1976 ‚,C.
291 1945 378 1968 vero
405 1933 524 1968 Caesar
549 1934 578 1968 si
603 1934 682 1969 foro
707 1936 855 1968 tantum
880 1934 1063 1975 vacasset,
1090 1944 1164 1967 non
1189 1932 1282 1966 alius
1308 1943 1351 1966 ex
1376 1932 1509 1966 nostris
1534 1933 1663 1966 contra
1688 1931 1829 1966 Cicero-

204 2001 289 2024 nem
320 1990 575 2024 nominaretur
593 2017 600 2024 .
618 1991 725 2024 tanta
748 1991 785 2024 in
812 2001 854 2025 eo
880 1990 934 2024 vis
961 1991 1032 2032 est,
1064 1989 1102 2022 id
1127 2000 1300 2031 acumen,
1336 1999 1381 2022 ea
1405 1988 1620 2029 concitatio,
1654 1989 1696 2022 ut
1723 1988 1829 2021 illum

206 2046 337 2080 eodem
364 2047 486 2081 animo
505 2047 638 2081 dixisse
664 2058 737 2090 quo
760 2046 919 2081 bellavit
942 2046 1138 2090 appareat3
1166 2046 1320 2079 exornat
1342 2047 1468 2079 tamen
1485 2045 1562 2078 haec
1588 2044 1713 2078 omnia
1736 2045 1830 2078 mira

205 2102 393 2144 sermonis,
420 2103 523 2136 cuius
546 2103 695 2147 proprie
721 2102 904 2136 studiosus
929 2101 1010 2143 fuit,
1037 2101 1260 2145 elegantia.“
1779 2141 1782 2143 Α

115 2162 157 2192 30
182 2157 379 2192 Suetonius
401 2159 482 2202 scr]
509 2158 565 2192 Ne
591 2159 673 2202 quis
697 2160 807 2203 putet
833 2158 1029 2192 Nicolaum
1055 2157 1281 2191 confundere
1307 2157 1392 2190 Iulii
1418 2156 1569 2191 Caesaris
1593 2157 1721 2199 vitam,
1748 2169 1829 2200 quae

204 2214 302 2247 inter
319 2213 486 2249 Suetonii
512 2215 607 2248 vitas
625 2214 808 2249 Caesarum
833 2215 955 2258 prima
979 2214 1044 2256 est,
1071 2225 1155 2247 cum
1174 2213 1324 2248 Caesaris
1348 2214 1411 2257 qui
1435 2213 1621 2247 ferrentur
1645 2223 1829 2247 commen-

205 2270 326 2312 tariis,
358 2270 438 2314 ipse
469 2270 507 2304 in
537 2270 614 2304 stili
645 2270 943 2312 similitudinem,
977 2281 1089 2313 quam
1113 2271 1312 2314 utrumque
1345 2280 1436 2313 opus
1466 2268 1657 2313 proderet,
1690 2269 1830 2302 innisus

206 2327 271 2360 est.
297 2327 335 2360 et
351 2337 438 2361 sane
463 2328 621 2371 uterque
647 2327 803 2370 scriptor
829 2330 919 2360 ‘non
936 2326 1051 2360 habet
1067 2327 1205 2370 ubique
1222 2326 1359 2360 bonam
1375 2325 1675 2367 latinis-ationem,
1702 2324 1763 2359 sed
1790 2324 1828 2358 in

204 2382 330 2416 multis
361 2383 528 2427 passibus
559 2395 665 2416 suum
695 2382 854 2416 latinum
880 2382 931 2416 sic
966 2382 1126 2426 crispum
1153 2383 1224 2424 est,
1257 2383 1299 2415 ut
1323 2381 1455 2425 aliquis
1489 2392 1561 2415 non
1586 2382 1710 2424 potest
1733 2381 1828 2414 bene

204 2438 415 2484 intelligere
435 2439 587 2483 ,itaque
620 2449 708 2483 ergo
741 2438 919 2473 debemus
950 2439 1100 2473 credere
1132 2438 1232 2482 quod
1257 2437 1454 2472 Suetonius
1484 2448 1558 2471 non
1591 2436 1678 2470 satis
1703 2436 1828 2469 studu-

207 2496 287 2529 erat
316 2495 353 2528 in
384 2494 588 2529 Alexandri
617 2495 787 2539 partibus
818 2496 856 2529 et
885 2495 924 2528 in
954 2494 1133 2537 Parvu103
1166 2496 1355 2529 enimvero
1387 2493 1505 2528 Caesar
1535 2492 1649 2526 Iulius
1680 2492 1828 2526 omnino

205 2551 434 2595 nonpotuit
462 2551 621 2585 latinum
653 2551 825 2593 discere’,
863 2550 1046 2594 quidquid
1077 2551 1140 2585 ifle
1173 2550 1323 2595 gentilis
1352 2549 1498 2583 Atticus
1529 2560 1586 2592 ap.
1605 2547 1677 2582 Cic.
1694 2548 1718 2581 1.
1736 2560 1764 2581 c.
1782 2548 1828 2581 de

205 2607 346 2641 Caesare
370 2607 521 2649 iudicet,
547 2607 653 2640 illurn
671 2607 836 2641 omnium
860 2607 937 2640 fere
963 2608 1151 2640 oratorum
1167 2605 1298 2639 Latine
1322 2605 1425 2649 loqui
1450 2604 1735 2649 elegantissime,
1760 2615 1829 2637 nec

204 2663 242 2695 id
268 2662 385 2696 solum
403 2663 608 2697 domestica
624 2662 902 2704 consuetudine,
929 2662 993 2696 sed
1018 2662 1144 2695 multis
1167 2661 1312 2703 litteris,
1340 2662 1378 2694 et
1401 2661 1444 2693 iis
1461 2660 1612 2704 quidem
1630 2660 1829 2694 reconditis

206 2720 243 2752 et
267 2719 469 2762 exquisitis,
495 2729 712 2762 summoque
738 2718 859 2752 studio
886 2720 923 2752 et
948 2718 1161 2761 eloquentia
1186 2728 1262 2751 esse
1288 2718 1537 2751 consecutum.

116 2779 154 2808 31
182 2775 300 2818 massis
325 2801 358 2808 ..
384 2775 673 2818 consz'miliorem]
700 2775 805 2818 quasi
831 2774 1050 2808 Germanice
1077 2773 1217 2807 diceres
1243 2774 1348 2807 einen
1370 2773 1468 2806 mehr
1492 2772 1732 2807 cclzozlfa'ehereoz.
1751 2773 1827 2806 tam

204 2830 373 2864 similem.

115 2892 158 2921 33
182 2887 296 2930 antiq.
316 2887 454 2931 diacon]
481 2885 525 2920 cf.
544 2886 591 2919 ad
616 2888 706 2921 56³¹.

115 2946 158 2976 34
181 2943 283 2986 risit]
310 2942 416 2977 ‘Und
441 2954 479 2976 er
503 2942 618 2976 {acme
643 2943 705 2987 (ut
735 2943 980 2977 recentiorem
1005 2943 1223 2988 magistrum
1255 2954 1350 2987 saepe
1377 2942 1499 2976 dicere
1530 2942 1703 2987 memini)
1728 2942 1828 2977 'nicht

204 2999 292 3032 aber
316 2999 383 3032 defu
416 2998 524 3040 Wite,
549 2999 707 3032 sandei-n
729 2999 817 3033 iiber
841 2999 923 3042 den,
950 3000 1014 3033 der
1038 3000 1107 3033 den
1138 2999 1236 3033 Witz
1260 2999 1419 3043 yemacht
1443 2999 1569 3033 hatte’.
