2119 3522
308 217 404 261 334
798 229 905 252 INDEX
928 227 1181 249 BIOGRAPHICVS
1205 227 1247 248 ET
1270 226 1513 249 ONOMASTICVS.

307 348 487 385 comitem
508 344 775 390 Nuenarium,
810 341 1077 387 Glareanum,
1108 341 1273 378 Petrum
1292 340 1582 388 Mosellanum;
1615 353 1722 377 anno
1750 341 1870 379 1516.
1894 341 2011 391 ‘legit

306 404 360 440 ibi
388 401 563 438 Plinius'
589 396 641 449 (p.
658 395 907 446 203.v-177-)²‚
950 403 990 435 et
1019 404 1257 447 personatus
1290 394 1485 433 Ortvinus
1514 394 1672 441 1125715
1698 396 1894 434 lectiones
1928 396 2011 435 Cae-

305 458 399 495 sarii
430 457 536 493 inter
565 460 775 505 poetarum
806 453 1066 491 detestandas
1103 452 1403 503 suppositorum
1433 452 1687 490 seductiones
1717 459 1927 499 memorat,
1967 459 2012 490 ut

304 527 338 558 p.
356 510 442 547 258⁹
472 516 567 558 „est
596 510 778 561 querela,
812 509 921 559 quod
952 508 1149 546 Buschius
1181 514 1219 546 et
1242 507 1438 546 Caesarius
1467 507 1635 545 trahunt
1663 508 1778 545 vobis
1802 506 2009 558 (Ortvino)

303 567 504 605 scholares
536 572 576 604 et
604 566 814 616 supposita
845 564 1044 602 abinde“.
1102 564 1424 601 Reuchlinistam
1454 564 1575 601 fuisse
1609 563 1843 610 Caesarium,
1882 565 1949 601 vel
1977 565 2012 601 si

304 637 385 661 non
416 624 522 660 inter
553 621 777 672 Capnionis
818 621 1052 658 defensores
1090 621 1302 658 acerrimos
1341 617 1665 666 recenseretur-³,
1707 625 1845 670 aperte
1875 625 2012 672 tamen

305 680 466 717 doceret
494 684 578 716 tum
608 678 651 715 id
681 676 790 728 quod
820 677 928 714 infra
959 683 1033 714 art.
1057 675 1298 725 Groningen
1330 675 1526 721 dicemus,
1558 681 1644 712 tum
1673 675 1798 726 ipsius
1820 675 1872 712 ad
1891 676 2010 712 Eras-

303 749 408 772 mum
431 734 600 784 epistola
623 729 1140 771 (13011113.15171131114
1163 738 1202 769 et
1225 732 1382 769 Erasmi
1404 731 1456 769 ad
1483 731 1594 768 illum
1617 731 1737 778 datae,
1762 744 1862 782 quas
1883 732 2013 781 repeti

303 789 560 828 eu1·avimus²‘’.
621 790 684 827 De
708 788 880 827 Caesario
901 786 1210 825 Η311Ζ11011111136
1235 801 1360 834 ,,011111
1379 787 1496 824 novis
1519 786 1718 824 erroribus
1740 787 1878 825 favere
1900 787 2010 824 vide-

303 853 430 893 retur,
464 851 623 884 coactus
645 846 724 883 fuit
743 845 872 883 solum
892 843 1085 890 vertere7,
1118 844 1227 894 apud
1250 843 1511 881 Guilielmum
1530 843 1808 881 Neuenarium
1830 849 1869 880 ct
1893 843 2010 880 Moer-

301 915 460 940 sensem
491 902 675 940 comitem
711 901 910 938 benevolo
946 900 1123 950 hospitio
1166 905 1356 949 exceptus
1390 896 1500 948 [tum
1528 904 1742 949 postquam
1773 898 2011 937 Monasterii

302 960 343 995 in
378 957 586 1008 Rudolphi
624 958 769 1007 Langii
808 956 960 994 aedibus
996 956 1186 993 habitans
1226 956 1268 992 in
1301 954 1514 993 Cameneri
1550 955 1838 1005 Mur-mellique
1876 954 2013 992 schola

304 1014 465 1052 Graecas
486 1014 640 1051 litteras
661 1012 911 1063 aliquamdiu
932 1011 1210 1062 prodocuerat,
1239 1010 1450 1048 Coloniam
1470 1007 1670 1061 reversus]
1692 1010 1855 1047 videtur
1875 1016 2012 1048 tamen

302 1070 517 1120 resipuisse
555 1069 604 1106 ab
644 1082 777 1106 errore
817 1074 856 1105 et
892 1068 945 1105 ad
982 1067 1190 1104 catholicae
1221 1066 1398 1104 ecclesiae
1435 1066 1630 1115 gremium
1659 1066 1841 1105 rediisse.
1901 1064 2014 1103 Obiit

303 1122 461 1175 [caelebs
493 1126 535 1162 in
566 1138 717 1162 summa
749 1120 941 1173 egestate]
976 1122 1173 1169 Coloniae,
1213 1121 1283 1159 ubi
1320 1121 1520 1159 medicum
1557 1134 1718 1172 quoque
1750 1122 1879 1172 egisse
1908 1121 2012 1159 Des-

301 1181 423 1218 selius
460 1181 634 1226 rettulit,
674 1195 710 1218 a.
731 1180 858 1227 15513
908 1179 1229 1228 nonagenarium
1266 1183 1436 1215 testatur
1464 1177 1610 1215 Petrus
1641 1174 1849 1224 Mersaeus,
1894 1183 1933 1215 et
1968 1178 2011 1214 in

302 1237 471 1286 collegio
502 1236 670 1273 fratrum
692 1235 732 1273 S.
753 1235 996 1285 Hieronymi
1026 1248 1086 1271 am
1110 1236 1375 1282 Weyclenbacle
1408 1264 1416 1271 .
1435 1264 1442 1270 .
1462 1263 1470 1271 .
1499 1233 1703 1284 sepultum
1731 1246 1838 1280 esse,
1871 1233 2010 1271 addito

299 1292 375 1330 hoc
397 1292 603 1343 epitaphio
628 1322 659 1329 ..
677 1322 684 1329 .

714 1346 745 1377 A
770 1355 881 1386 puero
907 1344 1004 1376 colui
1029 1354 1149 1376 musas
1173 1344 1356 1376 studiosus
1380 1344 1554 1376 honestas
1574 1369 1580 1375 .
1598 1369 1627 1376 ..

300 1415 405 1453 Vide
435 1415 547 1465 praef.
570 1414 654 1452 Ioa.
678 1414 842 1452 Sturmii
873 1413 925 1451 ad
954 1413 1179 1451 Hermann.
1210 1413 1388 1463 archiep.
1415 1411 1558 1450 Colon.
1587 1413 1629 1449 in
1660 1417 1809 1450 tomum
1837 1413 1893 1450 II.
1924 1426 2010 1450 ora-

299 1472 454 1508 tionum
486 1470 710 1516 Ciceronis,
745 1483 822 1520 quo
852 1470 940 1506 loco
971 1469 1088 1520 plura
1118 1469 1167 1507 de
1198 1469 1386 1507 Caesario.
1409 1469 1473 1506 ..“
1533 1468 1634 1518 Quae
1667 1469 1716 1506 de
1748 1482 1794 1506 eo
1815 1468 2009 1507 Ioa.Pie-

299 1533 515 1565 montanus
553 1528 595 1564 in
624 1526 710 1565 MS.
740 1526 934 1564 Auctario
964 1525 1156 1576 Scriptor.
1188 1525 1492 1563 ecclesiasticor.
1521 1525 1591 1562 fol.
1618 1522 1717 1562 151¹]
1746 1524 1888 1572 habet,
1925 1525 2011 1563 haec

298 1589 414 1621 sunt:

301 1660 514 1701 „Iohannes
539 1660 698 1692 cesarius
723 1659 874 1691 natione
900 1668 1089 1700 germanus
1107 1658 1226 1700 patria
1242 1657 1454 1699 juliacensis
1473 1658 1530 1689 vir
1553 1658 1591 1689 in
1612 1657 1748 1689 litteris
1772 1657 2011 1690 humanitatis

300 1719 409 1756 atque
436 1717 471 1747 in
497 1715 630 1747 diuinis
655 1715 843 1757 scripturis
868 1714 1053 1747 studiosus
1077 1715 1225 1757 ingenio
1250 1713 1390 1756 pollens
1416 1716 1452 1745 et
1475 1714 1651 1746 sermonis
1679 1713 1897 1745 claritudine
1923 1714 2010 1745 scri-

298 1772 415 1812 psisse
441 1772 554 1802 fertur
579 1771 734 1812 quedam
760 1773 888 1803 exacte
913 1770 1113 1802 latinitatis
1138 1770 1313 1812 opuscula
1338 1773 1451 1802 metro
1476 1779 1656 1812 prosaque
1674 1769 1862 1802 elaborata
1880 1770 2010 1812 quibus

299 1828 470 1858 noticiam
496 1828 550 1858 sui
575 1828 730 1858 nominis
763 1827 936 1858 studiosis
967 1826 1190 1868 significauit
1219 1826 1294 1868 legi
1326 1826 1403 1857 eius
1433 1835 1579 1857 carmen
1603 1825 1641 1856 in
1666 1825 1932 1868 stychologiam
1952 1825 2009 1867 ja-

298 1883 379 1914 cobi
403 1882 597 1924 gaudensis
631 1880 687 1925 [in
710 1893 834 1925 many:
867 1886 904 1914 et
935 1882 1126 1924 epistolam
1152 1885 1188 1914 et
1217 1885 1431 1924 argumenta
1455 1882 1491 1913 in
1518 1881 1693 1923 epistolas
1718 1882 1825 1914 flacci
1849 1879 2006 1924 horatij]

301 1943 423 1970 cetera
449 1940 602 1970 nondum
628 1939 705 1971 vidi
729 1939 830 1970 Viuit
855 1938 973 1970 adhue
999 1938 1266 1970 ‹lauentriensis
1292 1936 1511 1970 litterator.“

298 2008 433 2045 Vitam
451 2007 614 2045 Caesarii
636 2007 935 2058 descripserunt
957 2008 1077 2045 etiam
1094 2007 1242 2044 Baelius
1266 2006 1305 2044 h.
1322 2021 1361 2044 v.
1381 2012 1421 2044 et
1441 2008 1601 2043 Erlzard
1616 2008 1749 2043 Gesch.
1769 2009 1803 2043 (Ζ.
1823 2009 1879 2047 W,
1895 2009 1929 2046 cl.
1950 2008 2008 2045 JV.

298 2064 376 2101 III.
399 2078 438 2114 p.
458 2064 694 2101 292...296.
755 2063 914 2114 Scripta
936 2063 1101 2101 Caesarii
1130 2063 1353 2101 secundum
1373 2062 1697 2109 Hartzhemium,
1731 2064 1800 2114 qui
1828 2076 1900 2100 sua
1927 2077 2008 2101 ma-

298 2120 403 2157 xime
426 2133 447 2156 e
467 2120 701 2170 Foppensio
724 2120 762 2156 h.
778 2134 816 2156 v.
837 2120 1075 2170 desumpsit,
1099 2119 1184 2156 haec
1205 2125 1318 2157 sunt:
1341 2119 1594 2156 Introductio
1616 2119 1756 2156 Iacobi
1773 2119 1897 2156 Fabri
1919 2119 2006 2157 Sta-

298 2176 379 2225 pul.
404 2177 446 2212 in
468 2176 667 2213 arithmet.
689 2176 864 2215 Boethii.
889 2175 1032 2213 Colon.
1057 2177 1196 2222 1513.,
1227 2175 1306 2212 Ars
1336 2175 1586 2226 supputandi
1610 2206 1617 2212 .
1638 2206 1645 2212 .
1665 2204 1692 2222 .,
1725 2175 1766 2214 S.
1787 2175 2008 2225 Augustini

300 2232 350 2268 de
380 2232 663 2281 progressione
693 2245 966 2278 numerorum,
1000 2231 1226 2269 Dialectica
1256 2245 1292 2269 a.
1318 2232 1436 2269 1532.
1460 2237 1499 2269 et
1520 2231 1665 2282 saepius
1688 2231 1815 2278 edita,
1847 2231 2009 2269 Horatii

299 2287 492 2337 epistolae.
517 2287 659 2325 Colon.
676 2302 711 2327 a.
730 2289 849 2325 1522.
872 2289 913 2325 111
931 2289 1002 2335 80„
1023 2287 1148 2325 Plinii
1169 2287 1263 2325 hist.
1286 2293 1369 2325 nat.
1389 2286 1531 2325 Colon.
1551 2301 1586 2324 a.
1608 2287 1727 2324 1524.
1749 2284 1814 2337 [cf.
1831 2293 1916 2325 not.
1935 2284 2004 2337 2.]‚

298 2343 423 2380 Plinii
442 2342 535 2380 libri
554 2343 599 2380 II
621 2343 670 2381 de
692 2344 892 2381 medicina
913 2344 1096 2394 piscium.
1117 2343 1217 2393 Arg.
1240 2343 1381 2390 1534„
1412 2343 1578 2381 Boetius
1602 2343 1651 2380 de
1673 2343 1824 2380 consol.
1847 2343 2005 2393 philos.,

297 2398 513 2436 Rhetorica
540 2399 582 2435 in
611 2399 693 2436 VII
721 2399 818 2436 libb.
843 2400 1016 2450 digesta,
1062 2400 1234 2451 primum
1262 2398 1402 2437 Colon.
1427 2412 1462 2437 a.
1487 2399 1608 2437 1535.
1640 2395 1786 2449 [etiam
1812 2399 1946 2448 Lugd.
1969 2414 2005 2437 a.

300 2455 419 2491 1546.
443 2451 515 2504 80]
549 2454 678 2502 edita,
709 2455 929 2494 Diomedes
961 2456 1255 2507 grammaticus.
1280 2454 1422 2493 Colon.
1448 2456 1567 2492 1536.

298 2529 386 2561 Cum
411 2530 456 2562 ad
482 2530 572 2562 alios
598 2541 734 2573 quoque
760 2532 849 2574 Epp,
868 2531 910 2563 O.
929 2533 970 2563 V.
988 2532 1088 2564 locos
1114 2531 1351 2564 illustrandos
1377 2531 1563 2564 commode
1588 2531 1721 2572 faciat,
1753 2531 2006 2574 subiungimus

297 2587 465 2628 Agrippae
497 2597 518 2618 a
549 2587 777 2620 Nettesheim
810 2587 875 2627 (ad
907 2587 1122 2629 Caesarium,
1157 2598 1260 2621 suum
1291 2587 1470 2628 quondam
1501 2587 1783 2629 praeceptorem)
1814 2587 2005 2629 epistolam

385 2699 418 2739 2)
437 2698 619 2731 Caesarius
643 2710 675 2733 a.
695 2700 791 2732 1524.
810 2699 923 2732 edidit
940 2700 1053 2732 Plinii
1070 2700 1260 2733 historiam
1284 2700 1505 2741 naturalem,
1532 2698 1693 2732 Coloniae
1716 2700 1754 2731 in
1777 2699 1917 2732 aedibus
1933 2701 2003 2732 Eu-

388 2754 501 2786 charii
527 2754 754 2795 Cervicorni,
781 2756 819 2787 in
844 2755 906 2788 fol.
932 2759 968 2788 et
988 2756 1037 2791 4⁰.
1064 2756 1133 2796 (cf.
1152 2757 1294 2788 Panzer
1315 2756 1406 2787 Ann.
1424 2759 1500 2798 typ.
1519 2756 1578 2788 VI.
1598 2767 1632 2798 p.
1648 2758 1724 2789 390.
1742 2760 1791 2790 n0.
1809 2757 1886 2788 396.
1905 2756 2004 2797 397.)

387 2810 596 2842 emendavit
618 2811 694 2843 sive
718 2812 873 2843 mutavit
893 2811 1083 2844 Hermolai
1100 2812 1256 2844 Barbari
1282 2812 1483 2854 exemplum
1506 2812 1627 2844 multis
1650 2812 1755 2844 locis.
1802 2812 2003 2844 Huttenum

389 2868 498 2897 antea
517 2866 560 2897 de
574 2866 693 2899 Plinio
713 2867 850 2900 edendo
871 2867 1226 2911 cogitasse-vidimus
1244 2869 1345 2900 Hutt.
1361 2868 1451 2910 Opp.
1466 2869 1512 2902 ΙΙ.
1526 2879 1559 2910 p.
1572 2869 1649 2900 446.
1740 2868 1774 2909 3)
1790 2868 1894 2901 Hutt.
1909 2867 2002 2910 Opp.

386 2921 414 2954 Ι.
429 2931 462 2962 p.
478 2920 583 2953 13117.
675 2922 710 2964 4)
725 2923 869 2955 Erasmi
881 2924 975 2965 Epp.
989 2923 1030 2954 L.
1044 2925 1085 2955 B.
1101 2925 1197 2959 1706.
1215 2924 1276 2957 fol.
1291 2924 1457 2967 Append.
1475 2929 1524 2959 n0,
1539 2934 1652 2958 eLvn.
1745 2923 1780 2964 5)
1795 2924 1897 2958 Hutt.
1912 2923 2002 2965 Opp.

385 2976 417 3009 I.
429 2986 461 3017 p.
478 2977 551 3011 149.
567 2987 617 3018 sq.
635 2983 684 3012 n0.
700 2989 774 3012 LXI.
796 2982 832 3011 et
848 2990 880 3020 p.
897 2981 971 3012 169.
990 2990 1042 3021 sq.
1060 2985 1109 3011 n0.
1127 2990 1269 3013 Lxxvn.
1361 2978 1398 3020 6)
1415 2979 1511 3012 Bibl.
1530 2979 1653 3014 001011.
1671 2990 1707 3021 p.
1726 2979 1800 3011 165.
1894 2979 1927 3019 7)
1947 2979 2003 3011 Cf.

383 3031 483 3063 infra
507 3033 698 3074 repetitam
724 3035 913 3075 epistolam
937 3036 1107 3077 Agrippae
1133 3047 1154 3068 3
1177 3035 1414 3068 Nettesheim.
