2119 3522
696 185 834 207 SIBVTVS
867 204 872 210 ,
889 204 894 210 ,
911 203 917 210 .
942 186 1123 208 SILVESTER
1149 186 1316 208 I‘RIERIAS.
1763 170 1856 213 471

147 296 236 335 aliis
268 297 449 334 eiusdem
480 298 572 335 libri
594 300 701 336 infra
732 300 969 337 adnotat-um
1001 299 1109 338 est¹².
1158 300 1271 338 Alios
1295 301 1426 339 Sibuti
1457 301 1618 339 libellos
1650 302 1746 339 mihi
1778 316 1860 339 non

146 353 252 390 visos
292 360 476 391 recenset
512 355 689 401 Panzcr,
731 356 804 393 sed
843 357 928 405 ipse
967 370 1015 393 ex
1046 357 1135 394 aliis
1175 358 1260 395 fere
1298 357 1490 395 librorum
1530 358 1747 409 catalogis,
1787 359 1859 396 lios

147 414 355 458 quattuor:
390 408 430 457 1)
457 410 625 448 Carmen
652 411 701 448 de
722 411 861 449 Musca
884 411 1119 458 Chilianaffi,
1154 412 1194 462 2)
1221 413 1405 460 Carmen,
1438 420 1481 451 ut
1510 414 1682 461 videtur,
1706 415 1859 453 fescen-

146 461 338 510 ninumff,
373 463 414 513 3)
439 467 627 504 saxoniae
658 467 884 517 principum
916 469 1188 506 torniamenta
1220 468 1482 516 decantata¹⁷·‚
1515 470 1558 514 4)
1582 471 1860 522 Panegyricus

146 520 198 558 ad
230 521 535 559 Ferdinandum
558 523 779 572 Hungarirc
811 522 993 573 regemffi.
1054 525 1198 563 Plures
1229 526 1384 564 indicat
1412 526 1580 564 Ioannis
1602 527 1861 565 Piemontani

145 576 230 615 MS.
253 577 487 614 Auctarium
518 592 612 615 scrr.
638 579 941 617 ecclesiasticor.
963 594 997 625 p.
1015 577 1089 618 9''.:

145 653 354 694 „Georgius
380 653 515 686 sibutus
540 656 687 687 natione
713 657 918 687 teutonicus
950 660 1061 698 poeta
1086 658 1208 699 regius
1234 658 1302 689 iam
1330 658 1467 700 pridem
1493 660 1538 691 ab
1565 659 1693 691 inclito
1719 660 1861 692 rhoma-

144 719 267 740 norum
300 719 385 751 rege
411 711 662 743 Maximiliano
694 711 820 743 laurea
853 717 1046 744 coronatus
1079 714 1136 744 vir
1167 714 1280 745 latine
1313 714 1435 756 lingue
1469 715 1726 747 cruditissinuis
1759 719 1796 748 et
1824 717 1860 747 in

145 765 318 796 cudendis
344 765 547 806 omnifarijs
574 767 795 798 carminibus
822 770 895 798 tum
924 768 1120 800 facillimus
1147 772 1220 800 tum
1248 770 1563 802 exercitatissimus
1586 774 1673 812 puta
1697 782 1740 802 ex
1760 772 1861 803 cuius

143 821 391 861 promptuario
422 822 517 853 muse
549 832 680 854 canore
714 826 908 853 eructuant
939 834 981 854 ac
1013 828 1207 866 propterea
1239 826 1382 857 nominc
1416 828 1452 856 et
1478 826 1577 858 fama
1602 827 1755 859 celebris
1780 827 1861 859 seri-

142 876 218 917 psit
248 876 362 908 multa
395 880 467 908 tam
501 878 664 909 oratione
699 878 814 910 soluta
847 889 953 919 quam
985 879 1078 920 varij
1112 881 1257 921 generis
1290 882 1446 913 carmine
1480 892 1498 912 e
1532 882 1661 923 quibus
1688 884 1861 924 precipue

143 934 270 964 extant
299 933 341 963 In
368 932 502 964 domini
526 933 767 965 Maximiliani
801 934 933 966 cesaris
966 935 1161 967 aduentum
1188 937 1223 967 in
1249 937 1373 968 urbem
1400 938 1630 978 agrippinam
1657 942 1693 970 et
1718 939 1862 980 poetica

143 988 354 1020 coniectura
379 989 422 1020 de
449 989 539 1020 iride
566 1000 634 1031 quc
661 991 695 1021 in
724 991 852 1022 eadem
879 991 1049 1033 apparuit
1073 991 1161 1023 hora
1188 1003 1251 1033 per
1278 1003 1383 1034 quam
1412 993 1536 1025 caesar
1561 993 1607 1025 ad
1626 994 1759 1026 bellum
1779 1005 1860 1026 con-

142 1047 199 1075 tra
226 1044 352 1076 ducem
378 1044 566 1078 sicambrie
594 1045 786 1077 descendit

141 1101 410 1142 Pannigiricum
436 1101 618 1133 heroicum
950 1103 976 1135 li
997 1113 1011 1143 J
1107 1104 1215 1136 Arma
1239 1105 1427 1137 tremenda
1455 1116 1546 1138 cano

144 1157 197 1189 Dc
224 1157 347 1188 eodem
375 1157 559 1199 saphicum
916 1170 978 1191 car
997 1169 1013 1200 J
1108 1162 1184 1192 Iam
1210 1161 1307 1192 suum
1334 1162 1470 1193 flaccus
1498 1161 1579 1194 dffin

142 1213 194 1244 Ad
220 1213 403 1254 georgium
430 1213 556 1245 ducem
584 1214 726 1246 saxonie
948 1216 973 1246 li
993 1225 1007 1256 J
1103 1217 1155 1248 Te
1181 1218 1349 1259 princeps
1381 1219 1485 1250 fortis

140 1269 192 1300 Ad
219 1269 414 1300 tritemium
911 1282 1008 1312 carJ
1104 1273 1292 1304 Tantalus
1310 1273 1459 1306 etherea
1488 1285 1643 1316 pransus

141 1326 329 1356 Variorum
356 1326 552 1357 carminum
950 1328 975 1358 li
995 1337 1010 1367 J
1106 1330 1213 1360 Hunc
1238 1329 1304 1361 tibi
1329 1331 1398 1361 iam
1431 1331 1560 1362 librum

140 1382 193 1413 Ad
219 1381 477 1413 Theodericum
502 1382 692 1414 Vlceniuni
910 1395 973 1414 car
993 1393 1008 1423 J
1103 1385 1233 1416 Vlceni
1256 1387 1392 1418 nostris
1423 1387 1554 1418 charus
1587 1398 1681 1419 nunc
1716 1387 1859 1419 aduena

140 1438 195 1469 Ad
219 1438 362 1469 Petrum
386 1438 580 1470 bononium
607 1436 831 1481 [bonomum]
915 1451 976 1470 car
997 1449 1012 1480 J
1108 1440 1195 1472 Cum
1222 1445 1344 1483 potum
1371 1443 1487 1484 presul
1518 1443 1686 1476 celestem

140 1493 301 1536 Epistole
328 1494 438 1526 multe
465 1498 500 1526 et
526 1494 713 1536 elegantes
949 1496 974 1527 li
994 1505 1010 1535 J

140 1551 331 1583 Orationes
356 1551 456 1582 varie
948 1552 1008 1591 liJ

139 1608 187 1638 Et
212 1606 287 1638 alia
314 1606 425 1638 multa
475 1607 575 1638 Viuit
601 1607 717 1639 adhuc
743 1608 779 1638 in
806 1609 907 1639 curia
932 1608 1119 1650 imperiali
1147 1613 1182 1640 ct
1206 1611 1307 1641 varia
1335 1612 1527 1652 componit.

138 1674 299 1726 Agmen
320 1676 483 1714 claudat
505 1676 711 1714 Gerardus
732 1676 908 1714 Faustus
932 1676 1263 1725 Confluentinus,
1297 1680 1365 1730 qui
1400 1681 1469 1718 ‘dc
1493 1680 1670 1732 Georgio
1695 1681 1857 1719 Sibuto'

140 1733 181 1769 in
212 1733 427 1770 Periandri
460 1732 681 1771 Germania
711 1738 842 1778 1³:236.
866 1733 941 1771 hoc
973 1733 1137 1772 dubium
1170 1735 1348 1786 elogium
1378 1737 1557 1786 scripsit:

541 1804 685 1836 Adiecit
708 1804 806 1835 vatis
831 1804 898 1835 tibi
923 1804 1194 1838 Maximilianus
1219 1807 1407 1849 honorem,

611 1860 680 1900 Qui
705 1870 786 1891 raro
813 1860 972 1902 indignis
998 1863 1146 1903 praemia
1171 1866 1277 1895 tanta
1304 1863 1413 1896 dedit.

230 1929 284 1968 13)
312 1928 460 1969 Georgii
486 1928 604 1959 Sibuti
630 1928 800 1969 Daripini
819 1927 973 1960 Carmen
999 1928 1043 1960 de
1067 1930 1196 1961 Musca
1214 1930 1403 1971 Chiliana,
1432 1935 1466 1963 et
1493 1932 1567 1964 alia
1593 1933 1752 1965 eiusdem
1781 1944 1856 1964 car-

228 1985 326 2016 mina
342 1984 501 2026 Liptzgk
522 1994 581 2026 per
596 1983 793 2015 Martinam
811 1984 1122 2026 Herbipolensem.
1143 1987 1240 2018 1507.
1258 1986 1305 2020 40.
1353 1987 1462 2019 Panz.
1480 1989 1558 2020 VII.
1580 2000 1612 2031 p.
1628 1990 1856 2023 159.110.208.

230 2041 285 2081 14)
310 2040 489 2082 Georgius
514 2040 662 2082 Siputus
686 2041 887 2082 Daripinus
909 2041 1024 2072 Poeta
1048 2045 1084 2073 et
1108 2041 1241 2074 Orator
1262 2043 1498 2085 Imperatoris
1522 2046 1688 2077 manibus
1713 2045 1856 2078 laurea-

229 2100 287 2128 tus
314 2096 536 2138 astipulatur
560 2096 700 2138 puelle,
728 2108 794 2138 que
821 2097 993 2129 hesterna
1017 2097 1098 2129 luce
1125 2108 1300 2130 summam
1326 2099 1541 2132 felicitatem
1565 2102 1601 2132 in
1625 2102 1855 2134 matrimonio

229 2153 341 2184 dixit:
368 2153 539 2194 gaudium
567 2162 654 2184 vero
680 2153 716 2183 in
742 2152 993 2187 Studentibus.
1051 2154 1094 2185 In
1120 2154 1208 2186 fine:
1239 2156 1340 2188 Finit
1366 2156 1522 2188 Carmen
1548 2158 1697 2199 Georgii
1723 2158 1854 2190 Sibuti.

228 2210 521 2251 Impressumqne
547 2208 682 2251 Liptzk
708 2219 772 2251 per
797 2210 1089 2242 Baccalaureum
1112 2211 1309 2243 Martinum
1333 2211 1531 2255 Lanssberg
1555 2214 1856 2256 Herbipolensem

227 2266 330 2298 Anno
359 2276 379 2296 a
404 2265 524 2297 natali
542 2265 743 2298 christiano
763 2267 859 2299 1507.
886 2266 1035 2307 Insigne
1050 2267 1195 2309 'typogn
1215 2267 1262 2301 40.
1303 2269 1446 2300 Panzer
1462 2270 1525 2302 IX.
1544 2281 1577 2312 p.
1594 2271 1670 2304 486,
1690 2276 1739 2303 11⁰.
1753 2270 1854 2306 208¹),

229 2322 284 2363 15)
311 2321 490 2353 Friderici
508 2325 543 2353 et
561 2322 725 2363 Ioannis,
752 2322 933 2357 Illustriss.
953 2323 1120 2355 Saxoniae
1139 2324 1361 2365 principum,
1380 2325 1643 2367 torniamenta,
1663 2337 1727 2368 per
1744 2327 1855 2359 Geor-

227 2379 325 2421 gium
347 2378 530 2418 Sibutum,
556 2378 708 2411 Poetam
736 2382 772 2410 et
790 2378 996 2419 Oratorem,
1023 2379 1171 2412 heroica
1197 2380 1414 2413 celebritate
1440 2380 1651 2416 decantata.
1691 2383 1855 2425 Insignia

226 2437 317 2467 Duc.
337 2434 468 2469 Saxon.
515 2435 557 2467 In
575 2434 663 2467 fine:
689 2436 907 2477 Impressnm
925 2436 1178 2479 XVittenberge
1203 2447 1268 2478 per
1288 2438 1457 2469 Ioannem
1475 2436 1724 2480 Gronenberg.
1750 2440 1853 2471 Anno

227 2491 288 2522 dni
305 2501 409 2522 MDXI.
442 2490 595 2533 Effigies
611 2490 652 2523 G.
668 2490 789 2524 Sibuti
807 2491 906 2533 ligno
923 2491 1049 2524 incisa.
1067 2492 1114 2524 4⁰.
1155 2493 1298 2525 Panzer
1315 2494 1377 2525 IX.
1397 2505 1430 2535 p.
1445 2494 1499 2526 68.
1517 2499 1567 2526 110.
1583 2495 1632 2526 16.
1727 2496 1781 2534 16)
1799 2495 1853 2526 Ad

226 2547 521 2579 Potentissimum
553 2550 660 2588 atque
692 2548 975 2580 Invictissimum
999 2548 1270 2580 Ferdinandum
1295 2549 1515 2591 Hungariae,
1548 2548 1577 2580 Sc
1602 2550 1784 2582 Bohemiae
1809 2569 1852 2573 —

226 2604 364 2645 Regem
377 2620 420 2626 —-
433 2603 582 2645 Georgii
600 2603 720 2635 Sibuti
735 2603 872 2636 Medici
892 2607 929 2635 et
947 2604 1113 2636 Oratoris
1129 2606 1379 2647 Panegyricus
1395 2606 1544 2647 Insigne
1561 2606 1649 2648 Reg.
1680 2606 1851 2638 Eiusdem

226 2659 443 2691 Exhortatio
467 2659 505 2690 in
525 2659 717 2694 Thnrcum.
764 2660 935 2691 Eiusdem
961 2660 1166 2692 confutatio
1188 2661 1225 2692 in
1250 2660 1526 2702 Anabaptistas.
1574 2662 1746 2694 Eiusdem
1770 2662 1852 2694 illn-

226 2715 356 2747 stratio
381 2715 418 2746 in
437 2714 647 2749 Olomuncz.
697 2716 785 2747 Hcec
810 2719 843 2747 ia
865 2717 980 2756 fronte
1001 2716 1062 2756 fol.
1081 2716 1112 2750 I.
1127 2727 1158 2747 (ι.
1206 2716 1248 2747 In
1266 2716 1352 2748 fine:
1377 2717 1595 2758 Impressnm
1612 2718 1765 2750 Viennae
1780 2718 1852 2751 Au·

226 2772 324 2803 striae
349 2781 413 2812 per
429 2772 481 2803 Io.
502 2771 750 2812 Singrenium,
776 2772 880 2803 Anno
905 2775 973 2803 etc.
992 2781 1205 2805 M.D.xxvnl.
1227 2783 1247 2803 a
1264 2772 1503 2805 reconciliata
1527 2773 1733 2808 divinitate.
1780 2776 1850 2807 De-

225 2828 318 2860 cima
344 2827 444 2859 sexta
470 2826 526 2860 die
551 2827 688 2861 Martii.
713 2827 787 2862 4⁰.“
836 2828 976 2860 Panzer
993 2828 1054 2860 IX.
1074 2838 1105 2870 p.
1125 2830 1179 2862 51.
1198 2834 1246 2860 n0.
1266 2830 1344 2861 290.

136 2916 368 2947 SICAMBER
399 2911 471 2946 vid.
492 2908 657 2958 Rotger.

136 3006 389 3038 SILVESTER
419 3005 652 3046 PRIERIAS,
696 2999 906 3050 ‘magister
943 2999 1047 3037 sacri
1076 2999 1238 3049 palatii,
1280 3000 1349 3050 qui
1387 3006 1447 3038 est
1484 3001 1546 3038 vir
1583 3001 1775 3039 notabilis
1810 3008 1850 3040 et
