2119 3522
304 193 397 239 806
703 207 867 229 1111161161
891 208 932 228 Er
956 207 1167 229 EMENDANDA
1192 208 1237 229 AD
1262 209 1359 230 HvTT.
1378 209 1449 230 orr.
1474 209 1550 231 VOL.
1568 210 1605 232 11.

302 325 391 364 Pag.
409 323 462 356 55.
484 325 570 353 ante
596 319 841 352 CCXXXXII.
862 320 1070 352 inserantur
1094 319 1190 352 haec:

303 388 583 426 (enssnussvnor.)
1031 383 1239 418 CCXXXXI
1250 385 1280 419 '³'.
1547 388 1651 426 (MED.
1671 399 1707 422 M.
1727 399 1849 424 APmL.
1866 400 1898 421 A.
1918 389 2008 429 1521.)

926 451 1152 505 [BVCERVS
1188 439 1218 493 .’
1222 486 1360 494 .....
1374 454 1384 506 ]

391 563 564 572 ......
595 532 821 571 Tracluctas
852 533 942 570 illas
974 533 1163 583 epistolas
1194 546 1316 583 quum
1346 547 1441 572 nieae
1473 541 1567 572 sunt
1595 540 1633 573 et
1661 535 1843 574 nondum
1871 536 2011 574 revisae

304 591 353 630 ab
384 590 586 635 Hutteno,
634 589 704 638 qui
743 589 949 626 excusioni
986 602 1052 626 eas
1083 594 1218 639 parat,
1264 590 1307 626 in
1345 603 1465 627 manu
1502 604 1589 629 mea
1628 604 1711 629 non
1751 598 1810 630 est
1839 593 2012 631 mittere.

307 648 426 685 Verto
457 657 566 683 nunc
595 644 704 682 illam
735 645 786 682 ad
817 642 1080 682 sacerdotes'.
1139 644 1379 695 Aegrotavit
1403 645 1608 684 Huttenus
1640 647 1704 685 die
1736 660 1814 698 quo
1846 661 2011 698 congre-

305 702 499 741 diendum
530 706 616 739 erat
637 714 725 738 cum
748 698 1011 739 confessor&
1042 714 1113 751 pro
1135 700 1332 748 Luthero,
1366 702 1460 752 quia
1489 702 1558 740 1116
1588 703 1691 740 1111111
1720 704 1864 755 Quaerit
1892 716 2013 754 quam

304 765 348 796 ut
367 758 569 795 Lutherus
600 763 737 807 posset
768 756 934 794 defendi
966 785 1140 796 ......
1174 755 1283 795 Cave
1314 763 1448 795 autem
1478 757 1527 795 de
1557 758 1736 796 adventu
1766 759 1819 796 ad
1839 772 1912 796 nos
1930 759 2010 796 Lu-

302 814 408 852 theri
438 812 658 864 quidquam
689 812 821 850 adhue
850 812 1055 862 invulges,
1088 812 1264 850 levitatis
1296 814 1402 851 enim
1423 826 1506 851 non
1527 814 1645 852 modo
1667 814 1911 862 Huttenum,
1944 815 2013 865 qui

306 870 355 908 de
385 883 431 908 eo
448 869 507 913 ¹acl
527 874 567 906 te
588 868 764 919 scripsit,
797 868 869 906 sed
891 874 930 906 et
949 868 1226 915 Franciscum,
1259 875 1303 906 ut
1325 869 1374 907 de
1395 883 1457 908 me
1477 875 1644 917 taceam,
1677 871 1894 909 infamares
1917 899 1925 908 .
1946 901 1953 908 .
1975 901 1983 908 .
2003 901 2011 908 .

394 943 427 987 1)
458 945 561 976 illam
593 944 637 976 ad
675 942 833 987 sacerd.]
883 945 1110 977 Invectivam
1148 956 1182 976 11.
1208 955 1352 976 ccxxm.
1383 946 1453 978 vol.
1478 946 1526 978 II.
1559 957 1592 987 p.
1611 948 1664 982 21,
1689 956 1766 988 sqq.
1800 947 2011 980 exhibitam.

394 1000 427 1041 2)
455 998 696 1042 Confessore]
726 1000 901 1040 Caesaris,
929 1000 1145 1042 Glapionem
1171 1004 1262 1031 recte
1288 1001 1403 1032 adnot.
1421 1000 1538 1032 Baum.

306 1099 558 1133 CCXXXX1*.
595 1101 726 1142 „Inter
742 1102 826 1133 Mss.
845 1101 941 1134 Bibl.
958 1101 1069 1135 Basil.
1089 1101 1183 1142 publ.
1210 1100 1385 1133 schedula
1408 1101 1547 1143 absque
1571 1102 1828 1145 inscriptione,
1855 1103 2014 1135 subscri-

304 1158 444 1199 ptione,
471 1157 530 1188 die
555 1159 590 1188 et
614 1157 779 1197 consule,
804 1156 867 1188 sed
885 1157 1089 1188 certissima
1108 1157 1238 1188 Buceri
1262 1167 1370 1188 manu
1394 1158 1601 1200 conscripta
1626 1161 1663 1190 et
1680 1158 1724 1189 ad
1743 1158 1833 1192 med.
1852 1157 1963 1201 April.
1982 1169 2015 1192 a.

304 1214 400 1245 1521.
419 1212 612 1245 referenda
638 1213 733 1244 inter
757 1211 831 1244 alia
856 1212 935 1244 haec
960 1212 1107 1246 habet.“
1148 1222 1261 1244 BAUM.

1028 1355 1237 1390 CCXXXXI
1247 1357 1287 1377 **
1621 1359 1754 1396 (mirre
1779 1369 1859 1390 APR.
1878 1360 1999 1398 1521.‘?)

485 1425 733 1477 [SPALATIN
764 1434 825 1463 AN
857 1434 952 1462 1111)*
984 1433 1146 1466 CHL'RF.
1180 1434 1432 1465 FRIEDmcH
1464 1435 1557 1465 vox
1590 1425 1834 1478 SACHSEN.]

306 1509 408 1544 Hem
446 1509 511 1543 leat
542 1509 613 1542 mir
644 1509 700 1542 ein
733 1507 914 1542 Drzccltet·
945 1518 1014 1542 von
1047 1506 1258 1553 Strafbm'gy
1289 1508 1354 1542 (les
1391 1507 1570 1543 Ulriclzen
1603 1519 1671 1543 von
1704 1508 1849 1543 Hulten
1878 1508 2014 1543 handl-

306 1564 464 1611 s‘ffll'l‘ffl
499 1563 650 1610 yefcern
691 1563 875 1609 yefcheen
917 1574 964 1598 :u
996 1562 1223 1609 Ebernbury
1259 1565 1419 1609 yelzez'yt
1460 1564 1559 1610 difes
1594 1564 1707 1598 Zauts.
1776 1560 1907 1610 Grizfss
1947 1574 2015 1599 von

308 1629 462 1666 meyner
502 1628 626 1665 weyen
664 1619 737 1653 den
776 1618 1016 1664 Spcclalimcm
1054 1620 1132 1653 med
1168 1619 1239 1665 fas]
1276 1620 1340 1662 im,
1388 1619 1448 1653 ich
1488 1620 1592 1654 welle
1629 1621 1677 1654 im
1713 1619 1916 1666 schreiben
1953 1620 2017 1654 mit

307 1677 387 1711 (lem
414 1674 716 1721 fzcrderlz'chsten
750 1676 861 1717 alles,
894 1675 964 1709 das
996 1684 1038 1709 er
1070 1676 1162 1719 mill,
1194 1675 1273 1710 und
1301 1675 1370 1709 clas
1400 1676 1470 1709 mir
1500 1676 1559 1710 ein
1590 1674 1812 1721 Botschafft
1851 1685 1901 1710 an
1940 1675 2019 1710 und

309 1743 355 1766 εει
386 1732 518 1767 doctor
548 1730 740 1765 Martinus
770 1730 912 1766 Lutlzer
943 1731 1172 1776 (mqebolen,
1197 1730 1273 1776 jlca
1305 1729 1499 1777 (cchyelegst
1528 1731 1603 1777 ist,
1635 1731 1714 1766 und
1741 1731 1811 1766 (las
1840 1731 1901 1766 ich
1929 1735 2016 1777 glute

308 1787 508 1833 Hoffmmy
538 1787 648 1822 habe.

308 1843 484 1889 Darazef,
505 1843 723 1889 ynesliglfter
743 1842 830 1886 lter,
862 1842 922 1877 ich
945 1844 980 1877 2'72
1003 1843 1190 1889 Ieoffnuny
1212 1842 1271 1877 bin
1293 1842 1382 1877 Izezct
1404 1846 1522 1878 elmas
1543 1853 1623 1878 mer
1644 1854 1691 1878 zu
1713 1844 1916 1889 erlccnyen,
1947 1843 2018 1877 das

310 1899 355 1933 E.
380 1898 416 1934 C.
442 1900 483 1933 G.
508 1899 608 1933 auch
629 1898 878 1934 unverlcalten
907 1898 979 1944 foll
1009 1898 1163 1933 bleiben.
1212 1897 1403 1933 Berzerler
1423 1898 1606 1934 Druck-er
1627 1899 1773 1934 berich!
1796 1898 1893 1933 mich
1916 1898 2016 1934 auch

309 1955 379 1989 (las
410 1953 552 1990 Hzcllen
584 1955 655 2000 soll
686 1954 815 1989 Izallcn
848 1955 916 1989 wie
947 1956 1006 1989 ein
1038 1963 1171 1989 maner

310 2060 586 2095 CCxxxxlssss.
620 2062 673 2094 Ex
693 2065 830 2104 autogr.
850 2063 967 2095 archii
984 2062 1254 2102 &Vimaricnsiffi
1274 2073 1303 2094 s.
1325 2062 1347 2094 l.
1369 2065 1405 2094 et
1423 2074 1453 2094 a.
1473 2063 1567 2094 edid.
1584 2063 1620 2095 0.
1642 2064 1771 2101 W'altz,
1789 2063 1861 2094 Der
1883 2062 2016 2094 Worm-

308 2129 365 2150 ser
390 2119 567 2160 Heiclzstagy
595 2120 636 2150 im
660 2119 690 2150 J.
711 2121 809 2151 1521.
830 2122 901 2153 etc.
918 2120 972 2151 in:
1014 2119 1251 2159 For-sehunqen
1277 2128 1336 2149 :ur
1365 2119 1543 2150 deutschen
1571 2120 1686 2151 Gesclz.
1720 2118 1909 2152 v01.V111.
1937 2117 2016 2149 Εὔε-

310 2175 421 2216 tz‘nyen
448 2175 544 2209 1868,
585 2184 668 2215 pag,
686 2177 739 2207 37.
758 2178 832 2209 not.
854 2176 883 2207 1.

311 2286 398 2327 Pag.
417 2286 469 2319 58.
488 2296 521 2319 n.
542 2285 828 2318 CCXXXXIIII.
863 2287 980 2318 Huius
1006 2285 1151 2317 inclutae
1177 2285 1342 2327 epistolae
1362 2285 1609 2328 apographum
1628 2285 1811 2327 Spalatini
1828 2296 1937 2317 mauu
1963 2286 2016 2317 fa-
2059 2270 2069 2275 -

401 2345 496 2372 etum
522 2344 623 2372 extat
640 2342 676 2372 in
693 2341 816 2373 Archii
836 2342 1030 2374 Ber-nensis
1048 2341 1122 2372 MS.
1140 2341 1320 2381 volumine
1339 2365 1359 2381 „
1371 2342 1460 2383 Epp.
1478 2342 1600 2392 variae·
1610 2341 1726 2374 XVII.
1742 2341 1788 2376 4⁰.
1807 2342 1848 2373 76
1868 2341 1890 2373 f.
1909 2342 1981 2373 20³-
1994 2341 2014 2356 ⁴⁴

400 2396 494 2437 quod
520 2408 540 2428 a
566 2396 774 2428 doctissimo
806 2398 1012 2439 professore
1038 2397 1340 2438 Argentoratensi
1365 2397 1516 2428 Baumio
1548 2407 1687 2429 mecum
1712 2397 2016 2429 communicatum

400 2456 513 2484 totum
543 2456 709 2494 repetere
743 2462 850 2493 quam
883 2453 1086 2485 variantem
1113 2456 1252 2484 tantum
1279 2453 1495 2493 scripturam
1526 2452 1690 2485 indicare
1722 2452 1943 2485 commodius
1967 2453 2017 2484 vi-

400 2518 477 2538 sum
507 2511 573 2540 est.
623 2508 745 2540 Habet
770 2512 892 2540 autem
918 2509 986 2540 sic:

367 2594 574 2625 MARTINO
597 2595 813 2626 LVTHERO
836 2595 1090 2626 THEOLOGO
1114 2595 1449 2625 EVANGELISTAE
1473 2595 1786 2627 INVICTISSIMO
1809 2595 1952 2625 AMICO

837 2651 1012 2681 SANCTO
1034 2652 1137 2681 VLR.
1161 2652 1404 2682 HVTTENVS
1426 2652 1500 2690 EQ.

314 2717 501 2758 Salutem
533 2719 576 2758 in
608 2718 780 2760 Christo
812 2719 1055 2760 Seruatorc.
1107 2719 1213 2770 Quis
1244 2726 1475 2773 consurget
1505 2719 1608 2760 mihi
1639 2719 1871 2760 aduersum
1899 2718 2018 2760 mali-

310 2774 521 2826 gnantes?
554 2774 710 2829 etquis
741 2775 875 2816 stabit
903 2790 1070 2816 mecum
1092 2774 1298 2815 aduersus
1321 2780 1546 2830 operantes
1575 2775 1876 2830 iniquitatem?
1922 2775 2016 2816 Ser-

311 2834 434 2869 uator
465 2828 654 2881 Christe,
695 2831 880 2872 coelestis
917 2838 1040 2886 pater
1070 2837 1113 2872 et
1150 2845 1318 2871 sacrum
1349 2832 1541 2883 πνεῦμα;
1581 2846 1675 2886 quae
1706 2845 1834 2886 quam
1855 2832 2018 2872 atrocia

313 2884 455 2925 audio!
515 2885 645 2925 Furia
680 2900 764 2927 non
802 2893 866 2927 est
901 2886 1016 2928 furia
1045 2901 1132 2942 prae
1169 2888 1348 2928 istorum
1386 2886 1546 2927 furore.
1607 2887 1726 2941 Opus
1767 2901 1859 2927 esse
1889 2885 2015 2928 video

312 2938 467 2992 gladiis
499 2947 542 2980 ct
572 2941 777 2993 arcubus,
817 2943 988 2996 sagittis
1021 2950 1062 2984 et
1099 2942 1369 2994 bombardis,
1408 2949 1455 2983 vt
1492 2942 1728 2984 obsistatur
1758 2942 2015 2984 cacodaemo-

316 3009 415 3035 num
445 2997 644 3037 vesaniae.
703 2997 763 3038 At
793 3004 861 3050 tu,
894 2999 1051 3052 optime
1082 3004 1225 3053 pater,
1264 2999 1405 3039 animo
1435 2998 1699 3049 confortare,
1738 3013 1817 3039 nec
1846 3005 1889 3040 te
1918 3012 2013 3039 con-
