2119 3522
209 220 280 242 EPP.
298 218 340 243 13.
358 217 399 242 14.
427 218 605 241 CONRADVS
621 218 666 239 DE
683 216 868 240 ZVICCAVIA
884 217 1042 239 ORTVINO.
1061 229 1102 232 -—
1120 214 1265 238 IOANNES
1281 214 1474 237 KRABACIVS
1490 214 1649 236 ORTVINO.
1753 195 1849 240 555

135 279 219 319 Pag.
239 278 301 313 22.
1254 273 1341 316 Pag.
1356 274 1408 304 21.
1428 285 1457 305 v.
1471 280 1504 304 34
1521 297 1528 304 .
1544 297 1551 304 .
1567 297 1574 305 .
1592 273 1678 313 Pag.
1692 273 1745 303 22.
1764 283 1793 303 v.
1807 279 1849 303 30.

224 358 264 373 „.
282 358 289 365 .
309 330 547 365 eruditissimi
565 330 634 364 viri
657 329 894 374 reperiuntur
916 329 1014 362 inter
1038 327 1245 362 modernos.
1261 337 1383 361 nonne
1408 326 1543 361 audisti
1566 326 1603 359 iu
1629 325 1851 370 quibusdam

224 386 332 421 terris
357 398 418 421 eos
443 386 631 430 possidere
656 385 822 429 integras
840 385 962 429 [totas]
981 383 1261 425 universitates,
1285 383 1328 416 ut
1344 382 1516 424 Viennae,
1541 381 1719 416 Erfordiae
1737 381 1849 425 atque

224 442 412 486 quondam
435 442 495 476 hic
521 441 750 486 [Heidelb.?]
780 441 909 475 erat?“

135 502 175 534 13
199 498 403 543 supposita]
429 498 452 531 i.
470 509 503 540 q.
522 496 712 541 suppositi,
739 497 803 530 sed
826 496 1058 540 frequentius
1081 496 1200 529 neutr.
1218 506 1314 539 gen„
1348 494 1461 528 etiam
1485 494 1524 527 in
1548 494 1693 538 legibus
1717 493 1847 527 acade—

223 554 327 588 micis
343 554 587 596 ordinumque
606 553 770 595 statutis,
796 552 997 594 scholares,
1023 551 1211 595 discipuli,
1233 550 1403 592 bursarii,
1431 550 1676 585 academische
1692 549 1847 594 Bibryer.

224 609 403 643 Similiter
425 619 490 643 nos
514 609 681 643 subditos
701 608 994 652 (Uozterclmnen)
1013 618 1188 643 vocamus
1213 617 1304 650 quos
1321 606 1478 640 Romani
1501 606 1616 648 cives,
1643 605 1849 640 Staatsmit-

222 665 370 709 ylieder.

134 726 174 755 16
199 722 316 756 socius
340 732 383 756 ex
407 721 592 765 Moravia]
619 722 641 755 i.
660 733 689 755 e.
708 721 854 756 Ulricus
878 720 1077 754 Huttenus.
1109 719 1154 753 cf.
1173 719 1256 752 artt.
1276 718 1469 752 Heckman
1495 719 1534 752 et
1556 717 1758 754 Vadianus.

135 781 174 811 17
200 777 299 811 (lebet
324 778 406 821 esse]
432 778 511 811 sein
534 780 636 820 mzffl,
662 777 735 820 qui,
762 777 791 810 si
816 777 916 810 recte
941 776 1026 817 scio,
1055 775 1119 809 est.

176 833 321 876 scripsit
340 860 346 867 .
370 861 376 867 .
395 833 521 876 metra]
548 833 685 876 praeter
709 832 853 865 minora
870 832 1034 865 carmina
1051 830 1268 875 prodierant
1285 829 1464 872 Querelae,
1484 829 1552 863 Ars
1570 829 1846 871 versificatoria,

222 899 370 923 carmen
397 887 690 922 exhortatorium
713 887 759 921 ad
776 887 1072 921 Maximilianum
1090 886 1283 921 Caesarem.
1331 884 1383 919 Cf.
1402 885 1480 918 Ind.
1498 885 1670 929 bibliogr.
1690 885 1844 919 Hutten.

134 948 174 979 18
199 945 404 989 intitulare]
432 944 469 977 in
493 955 691 978 numerum
716 943 852 977 civium
877 942 1173 976 academicorum
1198 942 1376 986 recipere,
1400 940 1439 974 in
1464 940 1698 974 matriculam
1722 941 1847 974 inscri-

221 1001 326 1042 bere;
353 999 452 1044 quod
477 1000 591 1034 etiam
608 1000 687 1033 tum
710 1009 990 1043 nonnumquam
1009 997 1348 1032 ‘immatriculare'.
1390 996 1458 1031 Cit.
1476 996 1574 1030 Man.
1593 995 1747 1030 scholar.
1766 1008 1794 1030 c.
1815 1001 1844 1033 1.

221 1083 259 1099 „.
278 1083 284 1090 .
303 1058 345 1090 ut
361 1057 398 1090 in
417 1056 652 1091 matriculam
670 1056 776 1090 almae
794 1055 903 1089 liuius
919 1054 1171 1089 universitatis
1188 1053 1359 1087 intituler
1376 1079 1382 1086 .
1402 1079 1409 1086 .
1420 1055 1441 1070 “
1477 1052 1599 1086 Etiam
1617 1052 1846 1096 singularum

219 1113 453 1147 facultatium
477 1113 618 1146 statuta
641 1113 865 1157 praecipiunt
888 1112 962 1154 „ut
977 1110 1147 1156 Magistri
1169 1110 1326 1144 aliarum
1349 1108 1633 1143 universitatum
1658 1119 1731 1142 non
1757 1108 1846 1142 reci-

218 1169 369 1213 piantur
394 1169 441 1202 ad
463 1169 646 1213 gremium
669 1180 734 1203 seu
757 1168 925 1203 ordinem
948 1167 1212 1212 Magistrorum
1236 1166 1370 1199 nostrae
1394 1164 1598 1206 facultatis,
1630 1163 1846 1208 priusquam

219 1224 358 1259 fuerint
387 1236 454 1269 per
477 1225 716 1270 magnificum
739 1224 930 1259 dominum
954 1223 1151 1258 Rectorem
1180 1222 1297 1256 solitis
1325 1220 1543 1255 iuramentis
1570 1219 1770 1262 intitulati,
1810 1221 1848 1254 et

217 1281 460 1325 probaverint
486 1281 639 1315 titulum
671 1281 726 1314 sui
756 1280 892 1325 gradus
917 1306 924 1314 .
944 1308 951 1315 .
971 1282 1026 1321 .“,
1063 1280 1105 1313 ut
1128 1279 1184 1313 est
1206 1278 1243 1311 in
1269 1277 1360 1312 Stat.
1380 1277 1526 1314 reform,
1546 1276 1613 1310 fac.
1632 1277 1699 1311 art.
1717 1276 1845 1311 Ubior.

218 1348 247 1371 c.
266 1341 295 1371 7.
343 1336 521 1371 Similiter
543 1337 680 1381 passim
710 1337 785 1371 Die
813 1336 1114 1371 Statutenbfz'celzfer
1144 1335 1207 1369 cler
1234 1334 1301 1368 Un.
1321 1333 1445 1376 chsspz,
1465 1333 1518 1367 ecl.
1537 1333 1713 1367 Zarncke.
1740 1333 1843 1376 Lips.

219 1396 315 1428 1861.
335 1396 387 1427 8⁰.
408 1404 504 1427 max.
523 1392 754 1437 aliarumque
779 1392 904 1426 univv.
921 1392 1070 1426 statuta.

129 1453 181 1485 19,
198 1453 251 1484 20.
271 1450 459 1492 prohibuit
485 1450 529 1494 ei]
554 1450 674 1484 verbot
700 1460 734 1484 es
757 1449 841 1483 ihm.
859 1449 901 1482 ut
925 1460 957 1482 v.
976 1452 1028 1482 20.
1050 1446 1288 1491 ‘suppositis'
1316 1446 1354 1480 ct
1378 1456 1407 1479 c.

131 1509 181 1541 19.
202 1509 255 1539 21.
278 1506 483 1549 pretensus]
511 1505 555 1539 cf.
575 1505 621 1539 ad
647 1506 714 1539 0¹⁶.

128 1565 172 1595 21
199 1561 378 1606 ribaldus]
405 1562 449 1596 cf.
469 1561 515 1596 ad
540 1563 607 1596 5¹⁰.

173 1618 333 1662 accessit]
358 1629 433 1652 non
458 1618 637 1652 invitatus
662 1618 727 1653 aut
751 1619 885 1653 citatus
910 1618 1014 1652 venit
1038 1616 1096 1651 ad.

126 1677 169 1708 22
193 1674 293 1708 misit
311 1684 381 1718 pro
406 1674 493 1717 fam.
511 1675 589 1719 ew]
623 1674 818 1709 accersivit
838 1674 996 1709 famulos
1019 1673 1088 1709 civ.
1115 1671 1403 1716 (Stadtcliefnmy,
1434 1669 1601 1712 lictores,
1634 1680 1672 1704 er
1695 1670 1846 1705 schiclcte

218 1730 313 1764 mech
337 1730 643 1765 Polizeidienern.

170 1786 324 1829 simplem
342 1813 349 1820 .
369 1814 375 1820 .
396 1817 402 1823 .
421 1787 640 1831 yraduatus]
668 1787 720 1822 Cf.
738 1787 785 1822 ad
810 1789 877 1822 9³5.

127 1846 169 1877 23
194 1843 355 1887 tibisare]
382 1855 407 1877 6.
425 1843 575 1886 tuisare,
601 1844 763 1878 secunda
780 1855 939 1888 persona
955 1844 993 1877 in
1011 1844 1247 1879 adlocutione
1266 1847 1331 1889 uti,
1358 1858 1425 1891 per
1444 1847 1501 1880 ‘tu
1513 1852 1535 1894 ’‚
1560 1861 1634 1884 non
1652 1859 1719 1893 per
1744 1845 1844 1880 ‘vos'

216 1898 385 1943 adloqui3
412 1900 454 1933 ut
477 1910 543 1933 nos
561 1900 690 1942 (lmen,
715 1910 829 1942 creon,
854 1901 988 1943 Nomen,
1013 1901 1139 1935 siezen.
1181 1901 1331 1937 Scilicet
1347 1904 1534 1940 Huttenus
1552 1906 1682 1940 Latine
1699 1903 1845 1938 locutus

218 1956 288 1997 est,
322 1956 387 1989 sed
416 1955 594 2000 magister
625 1957 750 1991 noster
774 1956 893 1991 voluit
915 1957 1094 1991 vobissari
1116 1959 1425 1995 revel-entialiter.
1473 1962 1700 1997 Reuchlinus
1722 1960 1760 1994 111
1787 1970 1844 2002 ep.

217 2011 264 2045 ad
288 2011 479 2045 Kollinum
504 2012 537 2046 d.
557 2012 590 2046 d.
608 2016 661 2046 27.
678 2012 755 2047 Ian.
774 2024 804 2047 a.
826 2017 921 2047 1512.
970 2013 1073 2055 „Oro
1098 2015 1254 2048 autem“
1285 2015 1338 2050 ait
1369 2019 1676 2063 „quamprimum
1699 2028 1745 2051 ne
1769 2027 1844 2050 mo-

217 2068 310 2102 leste
337 2068 449 2110 feras,
483 2067 583 2112 quod
608 2068 655 2102 ad
679 2069 716 2102 te
742 2069 900 2103 latinum
931 2069 1121 2104 hominem
1143 2070 1260 2105 latino
1284 2083 1386 2107 more
1406 2085 1475 2118 per
1499 2085 1695 2109 numerum
1720 2073 1843 2117 singu-

216 2123 332 2157 larem
356 2124 491 2166 scribo,
526 2125 563 2158 et
587 2135 660 2159 non
686 2125 727 2159 ut
748 2126 789 2159 tu
814 2125 977 2159 vicissim
1002 2126 1048 2159 ad
1072 2137 1131 2160 me
1157 2127 1354 2171 plurative.
1392 2129 1469 2163 Iam
1496 2131 1594 2165 enim
1620 2130 1713 2164 illud
1736 2131 1843 2164 tuum

216 2180 331 2214 ferme
362 2181 482 2214 totum
508 2180 619 2214 desiit
649 2181 687 2214 et
711 2181 876 2215 abolevit
906 2181 944 2215 111
970 2182 1137 2216 Romana
1166 2182 1313 2228 lingua,
1348 2186 1386 2219 et
1408 2197 1505 2220 nunc
1529 2188 1664 2231 quotus
1687 2186 1843 2230 quisque

215 2236 373 2270 maiores
397 2237 540 2270 nostros
556 2236 756 2271 imitamur.
798 2237 909 2272 Secus
928 2240 984 2272 est
999 2239 1028 2272 si
1045 2240 1245 2274 vernacule
1271 2241 1484 2276 scribamus.
1525 2244 1645 2285 Quare
1664 2243 1844 2287 deprecor

213 2293 316 2326 tuam
347 2293 533 2327 scribendi
563 2293 887 2336 consuetudinem,
930 2295 972 2328 ut
1001 2295 1156 2339 posthac
1180 2297 1557 2340 quamhumanissime
1581 2299 1760 2344 singulari
1783 2310 1841 2333 mc

215 2359 370 2383 numero
396 2349 573 2393 appelleS,
601 2361 685 2383 cum
710 2350 852 2393 aliquid
878 2350 925 2385 ad
948 2362 1008 2385 me
1032 2351 1227 2386 literarum
1253 2353 1393 2388 dabis.“

124 2408 166 2439 26
192 2404 367 2447 bellator,
395 2406 454 2440 em
478 2409 620 2450 stryter.
655 2405 812 2440 Gemma
836 2419 888 2451 g.,
915 2407 1038 2450 miles,
1065 2408 1103 2441 in
1128 2420 1301 2443 numeros
1326 2411 1400 2444 iam
1425 2411 1574 2445 relatus.

169 2461 234 2504 qui
257 2461 334 2495 vult
358 2462 448 2496 amb.
466 2462 541 2506 ([6]
567 2462 605 2496 111
629 2473 802 2497 numeros
826 2463 987 2497 militum
1012 2464 1238 2500 referendus.
1287 2465 1382 2500 Satis
1407 2468 1537 2501 notum
1563 2468 1618 2501 est
1634 2467 1842 2501 Huttenum

215 2527 253 2550 re
279 2527 367 2551 vera
390 2528 464 2552 non
488 2518 599 2562 longe
625 2520 709 2562 post
725 2519 986 2554 Vindobonam
1004 2520 1174 2555 relictam
1200 2521 1265 2556 ‘ad
1281 2522 1422 2556 bellum
1446 2523 1653 2557 ambulasse
1666 2525 1686 2566 ',
1712 2524 1750 2557 in
1768 2534 1841 2567 quo

214 2573 415 2607 maximam
441 2573 754 2618 epigrammatum
779 2576 925 2620 partem
951 2577 1155 2620 conposuit.

124 2633 166 2663 28
191 2629 304 2672 notos]
330 2629 538 2672 Belcamzte,
564 2631 701 2665 amicos
724 2642 791 2675 pro
817 2642 860 2665 60
885 2631 1176 2676 intercedentes,
1202 2633 1431 2677 Vadianum,
1458 2634 1716 2670 Abhauserum
1734 2635 1841 2670 alios-

214 2695 285 2728 que
311 2684 471 2719 Vadiani
495 2686 790 2721 contubernales.
833 2686 884 2722 Of.
904 2687 1007 2722 Hutt.
1027 2688 1120 2733 Opp.
1139 2689 1166 2723 I.
1185 2701 1219 2733 p.
1238 2693 1290 2723 22.
1310 2702 1362 2734 sq.

125 2746 169 2776 ⁶29
194 2741 257 2775 ille
280 2741 349 2784 vir]
376 2741 650 2776 Heckmannus.

122 2801 256 2832 30...37
282 2797 361 2831 Hoc
386 2797 618 2842 epitaphium
644 2799 690 2833 ad
716 2800 928 2843 exemplum
955 2801 1032 2834 eius
1057 2801 1289 2846 conpositum
1316 2813 1393 2836 esse
1419 2802 1584 2846 videtur,
1610 2805 1710 2848 quod
1736 2806 1840 2849 „qui-

213 2853 299 2887 dam
324 2854 490 2887 occultus
514 2855 626 2898 poeta
654 2855 700 2889 de
729 2854 1000 2898 Elfersskehoff,
1026 2868 1124 2901 pago
1153 2868 1227 2892 non
1256 2858 1386 2902 procul
1411 2859 1457 2893 ab
1475 2858 1717 2904 Erphurdia“
1754 2862 1838 2896 scri-

213 2909 340 2953 pserat
365 2909 432 2951 „in
458 2921 563 2945 muro
588 2910 690 2945 luteo
716 2922 801 2945 cum
826 2912 1047 2946 carbonibus
1073 2913 1315 2957 desolatoriis,
1342 2914 1384 2949 In
1409 2915 1507 2950 hunc
1531 2917 1700 2951 modum:

235 2968 305 3000 Hic
321 2968 419 2999 iacet
436 2968 516 3011 ille,
612 2969 673 3012 qui
691 2970 762 3002 fuit
779 2981 872 3003 unus
888 2971 986 3003 inter
1005 2971 1119 3012 mille,

236 3023 385 3068 Semper
402 3035 504 3059 mane
525 3027 562 3057 et
578 3035 659 3058 sero
678 3024 711 3070 [l.
732 3025 827 3070 sera]
923 3038 1003 3060 cum
1021 3038 1084 3060 sua
1101 3028 1312 3073 plenissima
1331 3040 1428 3074 pera.
