2119 3522
624 217 676 240 ΕΡ.
690 215 731 240 12.
764 217 972 240 WILHELMVS
996 216 1088 239 LAMP
1111 217 1269 240 ORTVINO.
1710 199 1803 245 68].

91 273 177 316 Pag.
193 273 284 310 209.
1161 275 1247 316 Pag.
1265 276 1341 307 208.
1359 286 1389 306 v.
1405 282 1435 307 16
1454 299 1461 307 .
1477 300 1483 306 .
1500 299 1506 306 .
1524 276 1610 316 Pag.
1625 276 1700 307 209.
1719 286 1749 307 v.
1763 281 1805 307 38.

181 327 309 362 fordiae
327 338 358 361 a.
378 332 475 362 1494.
491 327 620 362 habita
644 328 820 372 (repetita
844 339 866 361 a
881 328 1060 363 Zarnckio
1078 328 1115 361 in
1140 328 1233 363 ‘Dee
1251 328 1458 363 Dentsehen
1480 328 1607 363 Univv.
1627 329 1675 363 im
1692 328 1745 363 M.
1759 329 1805 362 A.

183 383 270 426 Lpa
292 387 387 418 1857.
406 388 452 418 8⁰.
470 396 504 428 p.
525 385 613 427 105.)
639 411 678 426 „.
694 411 722 419 ..
743 383 838 418 sicut
862 384 908 418 de
932 384 1109 429 Ruperto,
1137 385 1234 429 regis
1260 383 1397 419 Cecioli
1421 384 1513 427 filio,
1539 384 1715 429 legimus,
1742 385 1806 428 qui

181 439 294 473 tantae
319 440 442 474 fuerat
465 439 687 480 obtusitatiS,
713 440 756 473 ut
779 439 856 474 fere
883 450 1009 474 omnes
1034 440 1144 474 amici
1168 440 1214 474 de
1240 451 1283 474 eo
1309 440 1568 484 desperarent3
1595 440 1659 474 sed
1683 440 1805 484 paeda-

181 505 299 539 gogus
324 495 402 529 eius
427 495 554 529 sollers
578 494 690 539 Esopi
719 495 863 529 fabulas
889 495 1025 530 obtulit
1050 496 1084 530 ei
1114 495 1309 540 legendas,
1342 496 1476 540 quibus
1500 496 1538 529 in
1562 497 1639 530 tam
1664 496 1804 541 grande

181 550 321 585 sciendi
346 550 571 585 desiderium
595 551 735 584 tractus
759 550 839 592 fuit,
866 552 908 585 ut
930 551 1036 585 brevi
1060 562 1133 585 non
1157 551 1268 586 modo
1294 551 1515 586 domesticas
1540 552 1648 593 artes,
1674 562 1804 585 verum

181 606 227 641 ad
264 617 374 640 sacrae
411 605 609 651 theologiae
643 607 852 650 penetralia
895 607 990 641 mira
1029 607 1296 652 perspicuitate
1335 607 1563 649 convolavit,
1601 608 1643 641 ut
1678 607 1723 641 de
1761 618 1803 641 eo

179 662 339 697 testatur
369 661 548 706 magister
577 663 845 697 sententiarum
877 662 958 697 dist.
979 667 1029 697 13.
1048 663 1106 697 6152*
1134 662 1221 696 libri
1247 662 1343 707 ‘Ipse
1374 663 1446 697 fuit
1475 662 1718 705 doctissimus,
1751 663 1804 696 in-

181 718 321 762 quiens,
348 719 543 762 poetarum
567 719 628 752 vel
653 719 814 763 optimus
837 718 998 762 plebis“.

129 774 264 818 plebis]
291 774 352 809 des
380 774 504 816 Volks,
533 775 651 808 seiner
680 784 819 818 ,qanzen
842 774 1004 817 Nation,
1034 785 1124 817 non,
1158 775 1200 808 ut
1223 775 1260 808 in
1286 775 1344 809 ed.
1365 785 1395 809 a.
1417 777 1511 810 1858.
1532 777 1598 808 160.
1623 774 1804 809 coniecta-

180 840 308 863 veram
326 830 458 873 philos.
476 830 498 863 i.
518 840 547 864 e.
566 830 818 874 philosophus.

92 889 142 920 18.
164 889 203 920 19
229 889 279 920 est
302 896 412 929 super
431 913 437 919 .
453 913 460 919 .
475 912 483 920 .
501 887 677 930 momnis]
705 885 756 920 Cf.
775 886 834 920 cit.
854 887 920 920 art.
938 885 1109 930 Baptista
1125 885 1360 921 Mantuanus.

90 945 133 976 20
157 942 368 976 Bononiam
393 943 467 986 etc]
492 941 548 976 De
574 941 797 976 Bononiensi
822 942 1007 976 conventu
1031 942 1164 977 Leonis
1180 942 1223 976 X.
1250 943 1288 976 et
1311 941 1496 976 Francisci
1513 941 1539 975 I.
1565 942 1609 976 cf.
1628 942 1675 976 ad
1695 945 1756 976 197
1766 943 1805 976 ²³.

178 997 248 1032 Hic
273 1008 421 1042 quoque
445 998 548 1032 locus
573 998 699 1041 docet,
733 998 914 1043 Lampum
946 1009 1048 1033 more
1081 998 1228 1043 poetico
1253 1009 1328 1032 non
1357 998 1569 1032 accuratam
1594 999 1805 1042 temporum

180 1054 364 1088 rationem
388 1054 544 1097 habere,
571 1066 657 1088 nam
682 1055 809 1099 paucis
834 1055 964 1089 diebus
981 1056 1067 1089 ante
1086 1065 1197 1098 quam
1215 1053 1420 1088 Bononiam
1438 1053 1617 1096 venisset,
1643 1053 1805 1088 Mantuae

180 1110 356 1154 Baptistae
380 1111 539 1145 mortem
567 1111 686 1153 (mart.
706 1121 736 1144 a.
757 1113 868 1154 1516.)
894 1111 1107 1155 acceperat3
1139 1109 1314 1145 Bononiae
1347 1110 1471 1144 autem
1496 1121 1596 1154 papa
1620 1111 1658 1144 et
1683 1109 1805 1145 Gallo-

179 1178 260 1199 rum
286 1177 350 1201 rex
374 1167 508 1201 morati
533 1167 619 1201 sunt
642 1166 808 1200 triduum
834 1178 855 1200 a
879 1166 938 1201 die
966 1171 1016 1201 10.
1034 1166 1122 1201 Dec.
1140 1178 1175 1200 a.
1192 1170 1287 1201 1515.

89 1226 132 1257 23
156 1222 231 1264 fuit
251 1249 258 1257 .
275 1250 280 1256 .
299 1250 304 1255 .
323 1223 505 1266 Hoehstr.]
531 1223 565 1256 Is
590 1233 724 1267 agmen
750 1222 884 1267 papale
909 1223 1056 1257 secutus
1081 1233 1158 1257 esse
1184 1222 1343 1256 videtur.
1376 1222 1420 1256 cf.
1440 1221 1486 1256 ad
1506 1225 1569 1257 198
1580 1225 1602 1256 ⁵.

89 1282 131 1313 27
156 1278 241 1321 imp.
260 1288 329 1321 per
352 1289 422 1323 rey.
447 1278 526 1323 Fra]
561 1278 604 1312 cf.
622 1290 656 1322 p.
675 1280 787 1313 21:3¹⁸.
806 1279 920 1313 22915.
952 1279 1030 1312 Iam
1054 1277 1262 1312 Ludovicus
1286 1278 1365 1312 XII.
1389 1278 1495 1312 binas
1521 1277 1597 1312 eius
1620 1278 1723 1312 modi
1747 1278 1805 1312 lit-

179 1334 277 1368 teras
308 1334 355 1368 ad
385 1334 602 1368 facultatem
635 1334 748 1369 theol.
766 1334 882 1368 Paris.
906 1320 1174 1379 subscripserat
1205 1334 1238 1368 d.
1264 1338 1316 1368 ⁶22.
1341 1333 1426 1367 Mai.
1446 1334 1484 1368 et
1507 1338 1540 1369 6.
1560 1333 1639 1367 Iun.
1657 1344 1688 1368 a.
1709 1337 1805 1369 1514.

180 1390 238 1433 (cf.
258 1389 388 1434 Consp.
407 1390 567 1424 chronol.
585 1402 619 1434 p.
640 1391 739 1431 132).
787 1390 970 1424 Francisci
997 1390 1023 1424 Ι.
1047 1390 1094 1424 ad
1125 1389 1287 1424 Leonem
1312 1389 1355 1423 X.
1379 1389 1575 1433 epistolam
1606 1391 1736 1424 contra
1762 1389 1805 1423 li-

178 1446 264 1480 bros
295 1446 492 1480 Reuchlini
518 1446 729 1490 (scriptam,
763 1447 804 1479 ut
828 1446 992 1487 videtur,
1025 1458 1072 1482 m.
1091 1446 1176 1479 Mai.
1197 1456 1228 1479 a.
1248 1447 1358 1488 1515.)
1384 1445 1536 1489 repetiit
1565 1444 1806 1490 Pepericorni

179 1500 326 1536 Defens.
344 1513 378 1546 p.
400 1506 473 1536 149.
498 1522 541 1526 —
565 1501 669 1535 Hanc
694 1501 823 1545 pati-ize
848 1502 1099 1546 proditionem
1116 1501 1413 1535 Hochstraticam
1438 1500 1626 1535 Huttenus
1651 1500 1760 1545 (opp.
1778 1501 1806 1538 I.

178 1570 213 1602 p.
234 1562 307 1592 140.
325 1570 384 1592 vv.
400 1561 452 1592 65.
467 1559 559 1602 sqq.)
586 1557 698 1591 etiam
724 1558 761 1591 in
787 1569 852 1592 sua
876 1568 942 1602 pro
962 1557 1151 1601 Capnione
1176 1556 1439 1590 intercessione
1458 1569 1492 1594 v,
1507 1560 1559 1591 65.
1574 1568 1626 1600 sq.
1644 1556 1804 1591 incusat:

404 1616 496 1656 Quid
521 1616 615 1658 quod
639 1616 883 1657 Hogostratus
909 1619 1033 1648 contra
1057 1617 1210 1658 patriam
1234 1615 1492 1657 imperiumque

469 1673 565 1704 Proh
589 1672 738 1713 facinus,
765 1671 859 1704 Galli
883 1673 1024 1713 flagitat
1048 1672 1164 1703 hostis
1190 1681 1301 1712 opem.

89 1729 129 1760 31
162 1724 270 1760 Wilh.
289 1726 421 1771 Parvi]
447 1726 491 1760 cf.
509 1726 588 1759 lnd.
605 1726 723 1771 biogr.
748 1738 782 1770 p.
800 1729 875 1760 432.
895 1727 960 1760 art.
979 1725 1118 1760 Parvus
1144 1727 1182 1760 et
1206 1736 1317 1769 supra
1342 1725 1388 1759 ad
1412 1729 1454 1759 53
1467 1727 1500 1758 ¹³.
1520 1725 1565 1759 de
1584 1725 1804 1768 Hackincto,

179 1781 201 1815 i.
221 1792 251 1815 e.
270 1781 350 1826 ipso
368 1781 487 1816 Parvo
511 1783 635 1817 adnot.

89 1841 132 1872 37
156 1837 290 1872 Senmn
315 1838 389 1882 etc]
415 1838 538 1872 Siena.
571 1838 626 1871 lbi
653 1838 771 1873 adhuc
798 1839 854 1872 est
878 1838 1098 1872 universitas
1124 1838 1289 1881 (condita
1313 1848 1344 1871 a.
1365 1839 1494 1880 1321),
1528 1838 1592 1872 sed
1623 1840 1709 1872 sunt
1732 1849 1805 1873 non

179 1893 299 1927 solum
322 1895 433 1938 pauci
449 1894 627 1939 theologi,
654 1895 718 1928 sed
736 1894 845 1938 pauci
863 1894 1027 1928 omnium
1045 1894 1216 1928 ordinum
1234 1893 1399 1928 studiosi.
1432 1893 1641 1928 Memoratu
1660 1894 1807 1939 dignior

179 1950 260 1984 erat
284 1950 497 1984 cathedrale
523 1950 717 1995 templum.

90 2008 133 2040 38
151 2016 279 2050 parvm
302 2006 428 2050 eivitt]
454 2005 510 2040 Ne
536 2006 631 2040 Urbs
657 2006 808 2050 quidem
834 2007 941 2041 vetus
967 2007 1143 2049 (Orvieto)
1169 2007 1407 2047 memoratur,
1434 2007 1579 2040 tantum
1604 2017 1805 2051 properare

179 2061 355 2096 videntur
377 2063 495 2096 nostri
519 2062 712 2105 curtisani,
746 2063 787 2096 ut
811 2062 965 2096 veniant
987 2062 1315 2097 Monteflasconem
1341 2062 1671 2105 (Illontefiascone),
1703 2063 1805 2107 oppi-

181 2118 269 2152 dum
295 2118 505 2162 episcopale
530 2118 709 2152 territorii
733 2117 995 2161 Viterbiensis,
1027 2119 1092 2152 ubi
1117 2119 1249 2153 crescit
1280 2118 1462 2163 optimum
1494 2118 1637 2159 vinum,
1669 2129 1743 2152 non
1768 2118 1806 2151 id

179 2174 330 2218 quidem
348 2174 448 2218 quod
472 2175 621 2218 proprie
649 2174 857 2217 ‘lachryma
874 2173 1026 2208 Christi’
1053 2174 1265 2219 appellatur
1290 2176 1389 2215 (nam
1406 2173 1445 2207 id
1458 2173 1641 2207 Vesuvius
1658 2174 1805 2219 gignit),

180 2229 244 2263 sed
270 2240 314 2263 ex
340 2229 475 2273 apiana
497 2241 571 2264 uva
597 2230 1015 2274 (Muscatollens-azaben)
1041 2242 1225 2274 pressum,
1257 2229 1357 2273 quod
1381 2229 1451 2264 Est
1473 2229 1543 2263 Est
1567 2229 1636 2264 Est
1660 2231 1805 2272 vocant,

180 2285 225 2319 de
260 2296 333 2329 quo
365 2286 524 2320 nominis
555 2286 697 2331 origine
722 2286 801 2320 haec
836 2297 880 2320 ex
904 2286 1049 2321 Bruzen
1075 2286 1119 2320 de
1151 2286 1189 2320 la
1218 2285 1434 2319 Mai-tiniere
1462 2285 1662 2330 Geogyraple.
1681 2286 1805 2321 Leceie.

179 2341 259 2375 VII.
282 2345 378 2376 1338.
397 2353 448 2385 sq.
467 2342 685 2376 subicimus:
721 2342 1058 2384 „Montefiascone,
1096 2342 1174 2376 Lat.
1197 2341 1425 2375 Faliscorum
1456 2352 1561 2375 mons
1592 2341 1678 2376 oder
1701 2341 1807 2376 Mons

178 2397 336 2432 Phiscon
355 2397 410 2442 [5³]
436 2398 553 2432 kleine
577 2398 628 2432 St.
650 2399 699 2432 im
723 2399 1022 2440 Kz'rehenstaarte5
1053 2398 1129 2440 auf
1146 2398 1260 2432 einem
1284 2397 1407 2441 szyez
1438 2397 1514 2441 [am
1539 2396 1604 2431 See
1627 2408 1697 2431 von
1721 2398 1806 2431 Boz-

178 2454 292 2498 sena],
317 2458 337 2488 3
362 2453 500 2488 Metlen
524 2464 594 2488 von
620 2454 775 2489 Orvieto.
825 2455 904 2489 Der
927 2454 966 2488 P.
984 2454 1104 2488 Labat
1129 2454 1242 2498 (Voy.
1261 2453 1406 2487 d'Italie
1424 2453 1488 2487 ΙΙΙ.
1506 2454 1574 2492 36.)
1598 2457 1696 2498 sayt:
1720 2464 1807 2487 man

178 2513 292 2544 nennt
327 2509 437 2544 fiasco
467 2510 509 2544 in
538 2510 678 2544 Rodien
708 2511 788 2544 eine
820 2511 937 2545 rande
968 2511 1150 2544 Bontee'lle
1185 2520 1254 2544 von
1289 2509 1488 2554 ohnyefc'ihr
1525 2509 1624 2543 einer
1653 2509 1807 2543 Pariser

178 2566 327 2608 Kanne,
352 2566 432 2600 nnd
456 2566 614 2600 flascone
641 2567 720 2601 eine
744 2587 788 2591 —
812 2567 873 2601 die
897 2567 1041 2610 doppelt
1065 2576 1102 2601 so
1127 2567 1197 2600 viel
1221 2566 1308 2600 halt.
1340 2565 1420 2599 Der
1441 2564 1549 2599 Wein
1575 2565 1689 2599 dieses
1706 2565 1807 2599 Lan-

179 2623 241 2656 des
264 2622 312 2656 ist
335 2622 575 2665 vortrefflich:
605 2634 640 2657 es
666 2623 712 2657 ist
742 2623 806 2656 der
828 2622 1015 2656 Muscater
1044 2623 1130 2656 oder
1154 2621 1405 2662 Muscatelzer,
1436 2631 1506 2654 ron
1535 2621 1697 2654 welehem
1720 2632 1808 2654 man

179 2678 350 2722 vorqz'ebt,
375 2678 454 2720 άαβ
478 2679 538 2712 ein
556 2678 757 2713 Deutscher
782 2678 960 2712 desselben
983 2688 1021 2712 so
1045 2678 1116 2712 viel
1138 2678 1254 2711 trion-t
1280 2677 1333 2711 bis
1358 2688 1395 2710 er
1419 2677 1539 2710 davon
1563 2677 1678 2710 stirbt.
1704 2701 1746 2704 -
1763 2697 1806 2701 —

179 2753 222 2757 —
252 2732 446 2778 Uebriyens
468 2734 562 2768 wird
587 2734 680 2768 anch
703 2744 773 2768 von
798 2734 876 2768 dem
901 2734 1139 2778 obgyedaehten
1155 2733 1389 2767 Museatelleo·
1411 2732 1461 2766 W
1460 2733 1519 2766 ein
1544 2733 1703 2775 evrzemet,
1729 2733 1807 2776 dass

179 2790 255 2824 sich
279 2789 343 2823 der
366 2793 586 2834 soqenannte
610 2789 690 2832 Est,
714 2790 796 2831 Est,
820 2790 889 2824 Est
915 2790 1100 2824 darinnen
1123 2799 1168 2823 zu
1194 2789 1291 2823 Tode
1315 2789 1470 2833 yesoffen
1498 2789 1596 2822 habe.
1650 2787 1808 2823 Welches

179 2846 256 2879 sich
278 2855 316 2879 so
339 2846 496 2880 verhc'ilt:
526 2845 605 2879 Ein
634 2846 798 2889 9ewisser
822 2846 1041 2887 Dentseher,
1074 2846 1138 2879 der
1167 2845 1262 2879 nach
1285 2845 1425 2878 Italion
1455 2844 1605 2888 yerez'set
1635 2844 1700 2886 ist,
1731 2845 1806 2885 hat,

178 2901 245 2935 wie
268 2912 355 2934 man
380 2901 540 2943 erzehlet,
565 2901 698 2936 seinem
715 2901 856 2935 Diener
881 2901 1054 2944 befohlen,
1080 2912 1117 2935 er
1141 2901 1276 2936 meelate
1292 2901 1432 2934 allezeit
1447 2901 1703 2945 vorausyehen,
1728 2901 1808 2934 und

179 2957 221 2990 in
247 2957 363 2991 denen
392 2956 705 2992 Wein-Hdusern
735 2961 843 2992 ατηεν
872 2957 998 3002 Weyes
1022 2958 1092 2992 den
1122 2957 1240 2992 besten
1270 2956 1378 2991 Wein
1408 2957 1620 3000 auskosten,
1651 2957 1730 2992 und
1754 2968 1806 2992 wo

181 3023 219 3047 er
244 3012 469 3057 deo·9leiehen
493 3013 654 3056 antrc'ife,
680 3014 747 3048 das
776 3013 827 3047 W
824 3016 880 3048 ort
902 3013 969 3047 Est
992 3013 1078 3048 iiber
1102 3013 1161 3048 die
1187 3013 1306 3048 Thai-re
1330 3013 1532 3055 schrez'ben;
1557 3013 1606 3047 da
1629 3014 1703 3048 ihm
1726 3025 1807 3048 nnn
