2119 3522
249 279 321 300 EPI’.
333 276 375 300 27.
391 275 432 300 28.
458 277 526 299 ΙΟΔ.
545 277 752 300 STABLERIVS
769 277 926 299 ORTVINO.
947 289 987 293 ———-
1006 276 1183 299 CONRADVS
1200 277 1502 299 DOLLENKOPFFIVS
1518 276 1676 299 ORTVINO.
1781 257 1842 302 58
1853 258 1875 301 l

164 337 250 379 Pag.
269 335 333 371 42.
1283 335 1372 376 Pag.
1386 336 1438 366 41.
1454 345 1484 366 v.
1500 342 1532 366 11
1548 358 1555 366 .
1570 358 1578 366 .
1594 359 1601 366 .
1618 334 1705 375 Pag.
1718 335 1772 366 42.
1790 344 1821 365 v.
1836 341 1878 365 14.

164 393 184 425 3
207 391 289 434 met]
315 390 406 434 ipse.
447 389 498 424 Of.
516 389 594 423 Ind.
613 389 757 423 verbor.
775 389 810 423 h.
824 401 858 423 v.

208 445 308 490 Eryo
334 445 406 480 deb.
423 446 526 490 seire]
552 445 620 479 1702·
643 444 726 479 sont
749 445 824 479 also
847 446 986 489 wissen,
1012 445 1112 479 Scias
1137 445 1273 489 itaque.

161 506 182 536 4
206 501 382 546 studium]
407 501 618 535 litterarum
642 500 880 542 universitas,
912 501 1146 535 Uozz'versz'vteit.

162 562 181 592 5
209 558 425 602 notabiliter]
453 556 644 591 ‘notabilis
668 556 883 590 merelclz'ch’.
915 556 1072 591 Gemma
1095 569 1128 602 g.
1176 557 1354 602 Egregie,
1383 558 1526 591 eximie.

161 617 180 647 6
209 613 313 648 Oricl.
331 613 370 646 in
389 612 716 656 metamorphoseos]
737 611 795 646 Sic
812 612 924 657 vulgo
942 613 1074 647 omisso
1092 625 1124 647 v,
1143 613 1246 646 libris
1263 624 1287 647 3.
1306 613 1411 647 libro.
1448 613 1774 658 ‘Metamorphosis
1793 612 1878 647 Oui-

250 669 378 703 diana'
399 669 454 702 est
470 667 660 712 inscriptio
677 668 774 710 libri,
794 679 812 702 e
832 679 904 712 quo
925 680 990 703 sua
1003 668 1300 712 Dollenkopffius
1317 669 1482 713 sumpsit.
1518 669 1570 704 Cf.
1585 669 1664 703 Ind.
1678 669 1796 714 biogr.
1811 669 1878 703 art.

249 724 414 759 Walleis.
456 723 511 758 Ne
531 723 764 758 Colonienses
788 724 939 768 quidem
962 725 1049 768 ipsi,
1075 735 1197 768 neque
1221 724 1459 768 Pepericorni
1482 725 1665 770 interpres
1691 724 1877 766 Ortvinus,

250 780 419 825 quamvis
442 780 479 813 in
503 780 672 814 omnibus
691 779 880 814 scibilibus
898 779 1049 813 doctum
1068 791 1104 813 se
1122 781 1293 822 haberet,
1320 780 1667 815 animadverterunt
1682 780 1879 824 sequentia

249 848 294 871 ex
323 837 379 870 sui
402 836 526 870 fratris
548 835 782 870 Dominicani
806 846 918 879 opere
942 835 1029 868 satis
1052 835 1214 869 fideliter
1237 837 1414 879 excerpta
1437 847 1514 870 esse
1539 836 1604 879 (cf.
1623 835 1788 880 Peperic.
1807 835 1878 870 De-

248 893 337 926 fens.
355 904 389 935 p.
409 895 482 925 161.
503 891 559 925 ed.
577 902 623 924 m.
643 892 681 924 et
698 890 844 924 Ortvini
862 902 918 934 ep.
938 891 1084 935 apolog.
1102 903 1137 935 p.
1152 895 1226 925 414.
1247 903 1298 934 sq.
1319 891 1375 925 ed.
1393 892 1479 934 nr),
1506 892 1633 935 itaque
1651 902 1725 925 non
1743 891 1878 925 mirum

249 949 305 982 est
321 947 546 982 recentiores
563 957 710 990 quoque
730 958 773 981 ea
790 957 856 991 pro
874 946 1015 980 lusibus
1033 946 1078 980 ab
1097 946 1189 990 Epp.
1205 946 1245 981 O.
1260 946 1303 980 V.
1322 947 1532 980 auctoribus
1550 947 1712 981 inventis
1729 947 1877 981 habere.

159 1008 176 1038 7
203 1004 399 1048 (lumb-apl.
423 1003 518 1048 scil]
561 1002 769 1047 „Prologus
805 1003 843 1036 in
880 1002 1208 1046 metamorphosim
1240 1002 1453 1038 moralisata
1484 1002 1601 1037 F01.1.
1635 1003 1740 1047 [edit.
1765 1002 1879 1037 Paris.

249 1060 360 1104 1509]
388 1059 421 1095 (l
438 1059 599 1104 Incipisit
620 1059 851 1093 moralitates
870 1058 996 1092 Ouidii
1019 1058 1359 1103 metamorphoseos
1376 1060 1379 1102 1
1397 1058 1511 1092 etiam
1529 1058 1575 1092 de
1600 1058 1728 1092 formis
1752 1058 1879 1103 figuris

248 1117 277 1150 &r
301 1115 525 1160 imaginibus
551 1115 665 1159 (1001ςῖ.
685 1126 765 1158 quae
791 1115 902 1148 variis
926 1114 1045 1149 modis
1066 1116 1068 1158 i
1089 1114 1266 1149 videlicet
1290 1114 1526 1149 litteraliter:
1541 1114 1732 1149 moraliter
1748 1129 1754 1148 :
1769 1114 1879 1148 histo-

247 1172 389 1206 riah'ter
407 1186 414 1206 :
434 1183 501 1206 nec
532 1171 580 1206 116
602 1170 845 1215 spiritualiter
871 1173 872 1178 ’
900 1160 1104 1215 exponunt.
1125 1170 1225 1216 edite
1244 1182 1265 1204 a
1282 1170 1457 1215 magistro
1475 1170 1618 1204 Thoma
1635 1170 1767 1214 maleys
1791 1180 1878 1215 ang-

246 1229 317 1263 lico
341 1243 348 1262 :
368 1229 466 1274 sacre
491 1227 639 1272 pagiffne
668 1226 818 1261 doctore
845 1227 890 1261 de
917 1226 1045 1261 ordine
1075 1226 1338 1272 predicatoing‘

156 1290 174 1319 9
202 1285 318 1329 derit]
350 1283 460 1318 Forte
493 1294 537 1317 ex
563 1283 752 1318 Catholico
783 1283 1047 1327 responderat:
1074 1281 1232 1317 Mauors.
1265 1293 1286 1316 a
1318 1293 1414 1316 mars
1449 1282 1583 1317 dicitur
1612 1283 1672 1317 hic
1700 1281 1878 1317 mauortis

247 1340 291 1374 .i.
317 1350 413 1374 mars
432 1366 439 1372 .
458 1339 554 1374 vnde
580 1339 784 1373 mauortius
804 1367 808 1372 .
827 1367 832 1372 .

159 1401 198 1432 10
223 1396 372 1431 BIavors
394 1396 480 1440 dic]
513 1395 579 1429 Th.
598 1395 642 1429 de
662 1394 720 1428 W.
740 1396 795 1429 ed.
814 1395 874 1429 cit.
893 1395 954 1429 fol.
974 1408 1005 1429 v.
1031 1394 1116 1437 „De
1141 1394 1261 1429 Marte
1281 1424 1286 1428 .
1304 1424 1308 1428 .
1333 1395 1474 1439 Capl'm
1497 1395 1637 1429 Tertiu.
1684 1394 1782 1428 Mars
1806 1396 1877 1429 ter-

244 1452 318 1487 tius
343 1452 497 1486 deorum
516 1479 521 1485 .
619 1451 690 1485 Iste
717 1451 816 1485 enim
841 1462 988 1485 mauors
1014 1451 1057 1484 .i.
1084 1462 1204 1485 mares
1233 1462 1365 1485 vorans
1391 1451 1420 1485 85
1445 1451 1535 1485 deus
1565 1452 1749 1486 bellorum
1779 1451 1876 1485 dice—

245 1509 355 1543 batur
380 1519 402 1542 a
426 1507 601 1553 gentibus
619 1535 625 1540 .
642 1535 647 1540 .
665 1535 692 1540 ..
726 1506 909 1541 Dicuntur
933 1507 1047 1541 etiam
1074 1507 1144 1550 [dii
1169 1507 1373 1550 bellorum]
1405 1508 1591 1541 mauortes
1623 1507 1726 1551 quasi
1756 1518 1876 1541 mares

247 1565 289 1599 .i.
316 1564 414 1598 viros
438 1564 552 1598 bonos
578 1563 607 1597 ὣ
632 1563 810 1597 virtuosos
841 1564 1017 1597 vocantes
1042 1563 1131 1607 quia
1154 1574 1219 1607 pro
1251 1563 1351 1597 certo
1381 1563 1439 1597 isti
1467 1564 1585 1607 magis
1617 1563 1734 1597 solent
1757 1574 1877 1597 mares

246 1631 357 1665 quam
382 1620 537 1654 feminas
557 1620 698 1654 :bonos
723 1630 835 1663 quam
860 1620 976 1653 malos
1000 1619 1164 1653 lacerare
1184 1647 1189 1652 .
1206 1647 1211 1652 .
1229 1647 1257 1652 ..
1289 1618 1437 1652 Mauors
1468 1618 1603 1652 dicitur
1633 1618 1720 1662 quia
1746 1618 1792 1652 ad
1816 1618 1875 1652 lit-

244 1678 364 1711 tera-m
389 1686 508 1710 mares
532 1676 570 1709 in
595 1675 722 1721 preliis
747 1686 814 1719 per
838 1675 954 1719 ipsam
981 1675 1228 1719 [discordiam]
1256 1675 1519 1709 deuorantur.“

158 1738 197 1768 12
223 1734 422 1778 allegyorice]
455 1732 589 1776 „quasi
613 1731 754 1776 grande
780 1731 827 1765 sit
855 1732 985 1774 <verba
1007 1733 1092 1765 sunt
1115 1743 1139 1765 s.
1158 1731 1377 1774 Hieronymi
1401 1743 1458 1775 ep.
1477 1744 1549 1764 Lm.
1571 1736 1599 1766 7.
1617 1731 1643 1765 Ι.
1661 1743 1696 1775 p.
1715 1735 1790 1765 275.
1809 1733 1875 1775 sq.)

246 1790 284 1823 et
307 1800 381 1823 non
406 1787 682 1822 vitiosissimum
714 1787 872 1821 docendi
903 1798 1020 1832 genus
1049 1788 1255 1832 depravare
1281 1788 1484 1821 sententias
1510 1789 1547 1821 et
1572 1788 1618 1822 ad
1643 1787 1875 1821 voluntatem

245 1856 349 1879 suam
374 1844 602 1889 Scripturam
627 1844 774 1878 trahere
806 1844 1095 1888 repugnantem3
1128 1844 1232 1887 quasi
1264 1855 1337 1877 non
1362 1844 1562 1888 legerimus
1586 1843 1875 1877 Homerocento-

244 1912 309 1935 nas
341 1901 380 1935 et
402 1900 757 1945 Virgiliocentonas,
791 1911 832 1933 ac
865 1910 937 1933 non
969 1899 1018 1933 sic
1051 1901 1164 1934 etiam
1188 1899 1381 1933 Maronem
1413 1900 1489 1933 sine
1521 1899 1664 1934 Christo
1695 1898 1875 1943 possimus

246 1957 368 1992 dicere
391 1956 639 1991 Christianum
665 1956 728 2000 qui
753 1955 941 2000 scripserit
956 1956 1039 1989 Iam
1065 1956 1160 1990 redit
1185 1959 1216 1990 et
1240 1955 1349 2000 Vlryo
1375 1957 1460 1997 etc,
1488 1957 1526 1989 et
1550 1956 1697 1999 patrem
1720 1955 1875 1998 loquen-

244 2015 321 2048 tem
353 2013 399 2047 ad
431 2012 549 2046 filium
579 2012 695 2054 Nate,
724 2023 808 2046 mecc
838 2013 949 2054 vires,
980 2023 1058 2046 meo.
1089 2023 1220 2056 maana
1240 2013 1409 2055 potentia
1433 2012 1546 2054 solus,
1578 2012 1615 2045 et
1644 2012 1729 2055 post
1761 2011 1876 2045 verba

245 2069 446 2103 Salvatoris
470 2069 508 2102 in
526 2080 632 2103 cruce
652 2069 760 2102 Talia
779 2069 968 2111 perstabat
992 2079 1193 2103 memorans
1210 2070 1376 2112 fixusque
1393 2068 1569 2102 manebat.
1610 2067 1772 2101 Puer-ilia
1790 2067 1875 2100 sunt

244 2126 321 2160 haec
347 2126 385 2159 et
409 2125 670 2159 circulatorum
694 2125 783 2158 ludo
809 2124 943 2158 similia
962 2153 967 2158 .
983 2152 989 2157 .
1006 2128 1043 2157 .“
1070 2149 1111 2151 —
1138 2124 1201 2158 sed
1226 2125 1444 2168 pervetusta
1468 2134 1589 2167 neque
1616 2134 1637 2157 a
1662 2122 1874 2168 praefigura-

244 2180 406 2215 tionibus
437 2180 674 2224 mysticisque
706 2181 1077 2224 interpretationilms
1109 2192 1190 2224 quie
1221 2191 1304 2214 suos
1335 2180 1449 2214 etiam
1481 2179 1691 2213 defensores
1721 2179 1872 2221 habent,

243 2247 391 2282 prorsus
415 2236 547 2270 aliena.

157 2298 196 2329 13
221 2297 352 2337 septem
377 2294 440 2338 cla]
466 2292 605 2337 Aperte
630 2293 803 2327 Dollenk.
822 2294 997 2327 emendat
1014 2293 1194 2328 Thoniam
1221 2294 1265 2327 de
1284 2292 1360 2335 W.,
1387 2293 1451 2336 qui
1476 2293 1673 2336 postquam
1698 2291 1875 2325 docuerat

245 2349 437 2393 (f01.v1b.)
476 2349 620 2391 „Musae
651 2361 732 2393 quae
763 2350 937 2384 dicuntur
967 2360 989 2383 a
1018 2349 1159 2383 musica
1188 2349 1399 2393 significant
1430 2349 1582 2383 clericos
1614 2349 1651 2382 et
1681 2348 1874 2392 religiosos

245 2405 378 2439 divinis
401 2405 574 2439 laudibus
600 2406 637 2439 et
653 2406 934 2440 iubilationibus
957 2405 1189 2447 cleclicatos“,
1216 2405 1276 2439 fol.
1295 2412 1387 2439 visst.
1407 2404 1552 2448 scripsit
1577 2404 1705 2446 „viros
1730 2404 1873 2448 sapien-

242 2463 299 2496 tes
325 2462 364 2496 et
394 2462 506 2495 deum
537 2461 732 2495 laudantes
763 2462 976 2506 specialiter
1001 2462 1117 2507 elegit
1142 2462 1294 2506 [Apollo
1325 2462 1363 2495 id
1389 2463 1444 2495 est
1468 2460 1666 2504 Praelatus]
1691 2461 1873 2504 tanquam

243 2529 366 2552 musas
387 2532 393 2551 :
416 2518 477 2551 vel
499 2530 534 2551 ix
558 2528 680 2551 musas
699 2518 740 2551 .i.
759 2531 797 2551 1x
819 2518 966 2552 ordines
989 2518 1252 2563 angelorum“.
1304 2517 1410 2552 Certe
1436 2516 1663 2561 spiritualior
1687 2517 1744 2550 est
1760 2516 1872 2550 inter-

242 2574 420 2618 pretatio,
454 2584 590 2608 novem
615 2585 737 2608 musas
761 2573 970 2619 significare
997 2576 1141 2618 septem
1166 2574 1312 2616 choros,
1345 2585 1419 2608 non
1444 2583 1589 2607 novem.
1619 2592 1662 2596 —
1693 2571 1874 2606 Similiter

241 2630 499 2674 ludimagistro
525 2630 707 2673 quaerenti
731 2632 823 2674 quot
847 2631 970 2664 essent
994 2629 1191 2664 duodecim
1215 2630 1321 2674 signa
1345 2629 1522 2669 caelestia,
1556 2627 1758 2672 discipulus
1791 2628 1874 2671 ‘qui

244 2685 408 2719 habebat
435 2685 576 2719 bonum
606 2685 815 2730 ingenium⁷
848 2685 1061 2729 respondit:
1101 2685 1254 2730 Septem
1283 2695 1454 2727 numero,
1489 2694 1690 2727 eorumque
1722 2683 1874 2718 nomina

245 2741 332 2775 sunt
355 2741 546 2785 quattuor,
574 2741 710 2784 oriens,
737 2741 927 2783 meridies,
956 2741 1126 2775 occidens
1152 2741 1190 2774 et
1214 2741 1428 2785 septentrio.

157 2801 198 2831 14
222 2797 444 2841 Merctor-ius]
476 2796 542 2830 Th.
561 2796 606 2830 de
623 2796 683 2830 W.
706 2796 766 2832 fol.
785 2809 846 2831 vn.
877 2796 1003 2839 „Quia
1032 2798 1235 2831 mercurius
1266 2797 1361 2831 sicut
1392 2797 1430 2831 et
1460 2796 1524 2830 alii
1553 2795 1715 2840 planetae
1747 2796 1871 2830 crede-

244 2854 356 2888 batur
380 2853 426 2886 ab
451 2853 612 2897 antiquis
636 2852 839 2898 gentilibus
865 2863 942 2887 esse
968 2852 1057 2886 deus
1076 2880 1081 2885 .
1098 2881 1104 2886 .
1120 2881 1126 2886 .
1143 2880 1150 2887 .
1176 2852 1248 2887 Iste
1273 2852 1389 2898 igitur
1414 2852 1607 2886 dicebatur
1623 2852 1872 2886 mercatorum

246 2909 336 2943 deus
362 2909 400 2943 et
423 2909 546 2943 furum
572 2910 610 2944 et
633 2909 835 2943 mercurius
866 2909 971 2953 quasi
1000 2911 1249 2943 mercatorum
1274 2908 1422 2943 curius:
1442 2908 1481 2942 id
1505 2909 1562 2942 est
1588 2919 1714 2943 curam
1739 2919 1871 2953 gerens

247 2965 376 2999 dictus.
414 2965 562 3009 quando
594 2965 745 2999 volebat
775 2964 820 2999 de
851 2965 929 2999 viro
955 2965 993 2998 in
1017 2964 1207 2999 foeminam
1233 2966 1271 2999 et
1295 2964 1340 2999 de
1365 2964 1518 2999 foemina
1541 2965 1580 2998 in
1604 2964 1809 2999 masculum
1834 2975 1870 2998 se

244 3021 440 3056 mutabat:
460 3021 505 3055 de
537 3021 629 3056 albis
660 3031 748 3055 vero
777 3021 885 3066 nigra
915 3021 954 3055 et
984 3032 1002 3054 e
1034 3022 1217 3056 contrario
1250 3021 1412 3056 faciebat
1550 3020 1725 3055 Dicamus
1757 3020 1872 3065 igitur

244 3077 344 3122 quod
367 3077 522 3121 mystice
547 3076 751 3111 Mercurius
781 3078 905 3121 potest
936 3076 1129 3122 designare
1156 3077 1362 3122 quemlibet
1386 3077 1526 3112 bonum
1551 3077 1746 3122 praelatum
1774 3104 1866 3110 .....
