2119 3522
299 230 392 274 608
816 242 1079 265 COMMENTARIVS
1104 242 1150 263 AD
1174 242 1245 263 EPP.
1265 242 1294 263 ο.
1312 242 1345 264 v.
1369 241 1447 264 vor..
1464 242 1487 263 1.

296 306 345 336 Pa
366 315 381 337 ·.
400 304 463 340 56.

349 315 368 346 g
384 359 421 391 in
443 355 598 390 lusorias
624 354 808 388 orationes
832 364 905 404 non
929 354 1008 387 tam
1031 352 1199 387 indoctas
1223 363 1334 396 quam
1359 352 1519 386 lubricas
1544 353 1583 387 et
1605 363 1672 396 pro
1695 353 1828 387 nostris
1844 352 2007 387 moribus

384 412 534 446 taediose
554 411 738 444 obscaenas
755 409 1085 454 degeneraverant.
1126 408 1338 442 Erfurtiana
1355 408 1427 442 duo
1446 408 1711 451 (Monopolimn
1731 410 1795 444 der
1811 409 2007 444 Schweine-

383 467 487 509 eszt
527 467 564 500 et
595 465 649 499 De
687 465 885 510 generibus
923 464 1172 507 ebriosorum)
1210 465 1248 498 et
1282 464 1616 508 Heidelbergensia
1652 466 1828 507 quattuor
1860 465 2007 508 (Mono-

379 523 521 565 polium
547 522 607 555 cles
624 521 874 564 Liehtschiffls,
901 520 1151 564 Monopolium
1177 520 1240 553 der
1257 518 1565 561 Schelmemuwft,
1590 518 1645 552 De
1671 519 1743 553 fide
1769 520 2006 554 meretricum

385 579 423 610 et
447 577 501 610 De
534 576 606 610 fide
633 576 942 619 concubinarum)
970 576 1091 609 denuo
1123 575 1242 609 edidit
1269 575 1435 609 chmclse
1459 575 1534 608 Die
1559 575 1713 609 (leutsch.
1737 575 2008 610 Universitczten

384 633 432 666 im
449 633 538 665 MA.
565 632 688 675 [θέρε.
711 636 803 666 1857.
823 634 886 674 8⁰.,
914 632 978 675 qui
996 632 1108 665 etiam
1127 632 1175 675 (p.
1194 635 1268 665 232.
1287 631 1380 674 sqq.)
1399 630 1443 664 de
1461 630 1517 664 his
1541 630 1718 664 fabulosis
1743 631 2008 674 quaestionibus

384 688 654 722 commentatus
679 689 743 721 est.
793 687 937 721 Ortvini
968 687 1152 721 orationes
1184 686 1444 730 quodlibeticae
1470 688 1576 730 (quas
1602 686 1640 720 in
1665 686 1826 730 quadam
1852 686 2010 731 epistola

385 743 580 778 Ortvinum
605 743 790 787 scripsisse
815 743 1014 777 Zarnckius
1038 755 1073 787 p.
1091 747 1166 777 235.
1184 753 1252 786 per
1277 753 1439 776 errorem
1464 742 1640 786 scripsit),
1672 742 1840 786 quamvis
1863 753 1901 776 se
1926 753 2008 786 per-

382 799 561 833 iucundas
579 810 656 833 esse
676 799 713 832 in
731 799 811 843 ipsa
826 798 946 832 libelli
962 798 1201 842 inscriptione
1220 797 1423 840 affirment,
1442 799 1527 832 sunt
1542 797 1666 842 potius
1682 798 1860 841 taediosae,
1886 809 2008 842 neque

384 855 460 889 eius
478 855 640 899 generis,
668 854 771 889 cuius
793 856 879 888 sunt
895 865 917 888 a
933 854 1112 888 Zarnckio
1129 854 1310 898 repetitae.
1343 854 1387 887 cf.
1405 852 1484 887 Ind.
1501 853 1619 898 biogr.
1636 865 1672 897 p.
1689 857 1765 888 497.
1784 854 1850 887 art.
1867 853 2008 887 Vratis-

382 910 491 945 lavia.
532 910 586 945 De
606 910 856 954 disputatione
875 910 920 943 de
935 909 1103 953 quolibet
1117 909 1265 944 Statuta
1288 910 1434 944 reform.
1450 909 1518 943 fac.
1533 910 1600 943 art.
1615 909 1740 943 Ubior.
1757 920 1788 943 a.
1806 913 1900 943 1522.
1916 920 2007 953 prae-

385 968 494 1010 cepta
516 966 657 1001 habent
681 977 759 1010 cap.
778 971 808 1000 9.
826 987 869 990 -
889 965 947 999 Ad
973 976 1054 1000 ann.
1076 969 1171 1000 1558.
1190 965 1384 1000 adnotavit
1400 964 1537 999 Bianco
1557 964 1652 1008 (Die
1677 965 1749 999 alte
1770 965 1875 999 Univ.
1893 964 2006 998 Κόῖη.

385 1026 480 1057 1855.
505 1025 550 1056 80.
572 1034 607 1066 p.
626 1024 731 1063 8882oe
765 1022 936 1064 „Ferner
958 1033 1080 1056 warren
1106 1022 1164 1055 die
1188 1020 1407 1065 yeszcolmlieh
1435 1021 1484 1054 im
1502 1020 1633 1054 Monac
1651 1020 1738 1054 Dec.
1756 1023 1843 1054 statt
1868 1021 2007 1063 finden-

383 1079 453 1113 den
478 1089 503 1112 s.
521 1089 551 1122 9.
572 1077 851 1121 Disputationes
876 1077 1135 1121 quodlibeticae
1154 1077 1218 1110 mit
1243 1076 1307 1110 cler
1323 1076 1406 1110 Zez't
1428 1085 1465 1110 so
1490 1079 1712 1120 azosyeartct,
1739 1076 1816 1118 das!
1838 1076 1897 1109 ihr
1919 1086 2008 1120 yem-

383 1146 440 1169 zer
457 1134 580 1168 Zweck
605 1144 677 1167 *nur
703 1133 848 1175 darauf
865 1133 1057 1177 abae-<chen
1080 1142 1125 1166 ,ειι
1142 1133 1219 1166 sein
1236 1133 1375 1173 sche'en,
1396 1131 1585 1166 Gelioehter
1601 1141 1647 1165 zu
1663 1142 1817 1175 εφη-69611.
1857 1131 2008 1174 Possem,

382 1190 596 1233 sclmzutziyc
624 1188 847 1230 Witzreden,
880 1189 958 1222 und
988 1188 1226 1223 sarh-assisam
1250 1187 1537 1232 Schilclerngscn
1568 1187 1629 1221 des
1652 1187 1906 1221 Privatlebens
1929 1188 2008 1222 und

383 1246 447 1280 cler
467 1245 816 1289 Ordensyez'stlichen
837 1256 959 1278 'ze-ceren
981 1254 1076 1288 gycmz
1100 1244 1335 1288 hergyebrctcht.
1383 1243 1490 1278 Auch
1506 1243 1634 1277 diesem
1659 1243 1831 1278 Umcesen
1853 1243 1939 1286 half
1950 1243 2010 1277 die

382 1301 537 1336 Societeit
570 1301 646 1344 [der
670 1300 850 1344 <Te-suiten]
878 1300 922 1334 ab
940 1328 946 1333 .
967 1328 972 1333 .
993 1302 1045 1333 .“.

294 1363 333 1392 ‘21
354 1367 424 1401 pro
447 1360 535 1390 tunc
560 1357 764 1390 renascitur
780 1356 860 1400 sibi]
888 1355 993 1398 inde,
1020 1357 1100 1389 tum
1125 1356 1267 1390 renasci
1293 1355 1336 1389 ei.

293 1418 334 1448 22
360 1415 400 1447 in
423 1413 551 1457 nativ]
578 1413 632 1446 bei
656 1412 720 1446 der
747 1411 902 1454 Gebzcrt,
926 1422 1055 1445 recens
1079 1412 1185 1446 natis.

338 1471 401 1514 Iey.
419 1469 518 1513 Iud]
546 1468 676 1502 Genes.
695 1481 778 1501 xv11.
800 1472 849 1502 10.
869 1479 945 1512 sqq.

315 1531 333 1560 3
353 1536 432 1568 prce
456 1526 502 1569 se]
529 1524 722 1558 sententiae
747 1535 820 1558 suae
846 1524 1140 1568 comprobandae.

317 1586 334 1616 7
354 1581 563 1629 psalmiste]
590 1593 683 1614 xxv1.
703 1585 732 1614 5.
757 1580 970 1622 „Quoniam
996 1580 1190 1614 abscondit
1213 1591 1272 1615 me
1297 1580 1334 1613 in
1359 1579 1601 1614 tabernaculo
1627 1590 1709 1622 suo,
1734 1579 1773 1612 in
1799 1578 1858 1612 die
1891 1578 2008 1613 malo-

381 1649 463 1670 rum
488 1636 651 1681 protexit
674 1647 732 1670 me
758 1636 795 1669 in
821 1636 1036 1670 abscondito
1065 1635 1297 1670 tabernaculi
1321 1636 1418 1669 sui“.

293 1698 334 1728 29
360 1694 542 1737 Iosephat]
578 1692 628 1727 Cf.
648 1692 695 1726 ad
712 1694 785 1726 462.
834 1691 911 1726 Io'el
936 1705 985 1725 111.
1009 1696 1056 1725 12.
1082 1691 1346 1737 „Consul-gant
1378 1693 1415 1725 et
1445 1692 1675 1726 adscendant
1703 1692 1834 1737 gentes
1861 1691 1900 1725 in
1931 1691 2007 1725 val-

382 1749 456 1783 lem
480 1748 668 1792 Iosaphat‚
696 1748 784 1792 quia
807 1748 859 1782 ibi
884 1748 1037 1790 sedebo,
1064 1749 1106 1782 ut
1129 1748 1290 1782 iudicem
1317 1758 1443 1782 omnes
1467 1749 1597 1793 gentes
1621 1747 1660 1781 in
1685 1747 1883 1781 circuitu“.

293 1810 331 1840 31
360 1805 522 1839 moderm·
541 1833 546 1838 .
563 1833 568 1838 .
585 1832 591 1838 .
611 1805 746 1849 brevit]
775 1804 987 1848 ‘antiquum
1006 1804 1221 1838 dicterium’
1249 1803 1450 1837 dicitur-64
1459 1805 1496 1837 ³³.
1535 1803 1593 1846 (cf.
1607 1802 1782 1837 Priscian.
1800 1803 1932 1837 institt.
1945 1815 2007 1837 vn.

381 1865 433 1895 46.
453 1860 560 1903 (Keil.
577 1860 622 1894 ΙΙ,
640 1872 675 1904 p.
695 1862 785 1904 325.)
812 1860 1005 1901 „iuniores
1022 1871 1110 1894 vero
1135 1859 1341 1904 gaudentes
1365 1859 1650 1903 breviloquio“)
1677 1858 1741 1893 sed
1765 1860 1894 1893 contra
1918 1859 2010 1893 dicit

381 1916 577 1951 Bai-toldus
601 1917 639 1950 in
664 1916 830 1950 Manuali
855 1916 1006 1950 scholar.
1038 1917 1116 1960 (ap.
1135 1916 1286 1950 Zarnck.
1304 1926 1389 1960 pag.
1407 1917 1479 1958 32.)
1506 1914 1734 1959 „Proprium
1760 1916 1815 1949 est
1843 1914 2008 1949 omnium

381 1973 639 2015 nominalium,
679 1973 722 2006 ut
752 1972 935 2006 cavillosis
971 1972 1044 2005 suis
1076 1972 1229 2006 veniant
1258 1971 1529 2016 argumentis“.
1562 1972 1600 2005 et
1630 1970 1737 2005 effert
1767 1971 2007 2015 proverbium

384 2029 537 2064 ‘Omnes
562 2029 659 2063 male
692 2029 888 2072 loquentes
912 2028 1027 2062 verba
1051 2027 1336 2072 multiplicant’,
1369 2027 1469 2071 quod
1493 2027 1530 2060 in
1555 2025 1776 2060 Ecclesiaste
1801 2039 1834 2064 x,
1853 2026 2007 2061 115611-

381 2086 487 2129 ptum
513 2086 568 2119 est
594 2084 753 2118 ‘Stultus
778 2084 892 2118 verba
917 2083 1174 2128 multiplicat'.

331 2152 400 2184 pro
426 2152 463 2175 eo
488 2141 595 2185 quod]
627 2140 723 2184 quia.

293 2201 334 2232 32
360 2201 500 2231 montet.
519 2198 610 2231 scire
634 2196 837 2241 ctlleycmslo]
864 2196 1079 2230 memoriter
1104 2196 1278 2241 allegare.

292 2257 335 2288 34
359 2253 556 2297 Pla-utum]
583 2252 766 2297 Amphitr.
784 2265 835 2285 111.
854 2256 891 2295 2,
911 2262 935 2286 3.
961 2252 1044 2295 „Ea
1069 2263 1149 2296 quae
1175 2254 1261 2286 sunt
1284 2251 1382 2286 facta
1405 2251 1543 2286 infecta
1566 2251 1722 2285 refert“.
1770 2247 1846 2294 „013
1871 2251 1942 2296 γὰρ
1966 2248 2006 2286 τὸ

382 2307 536 2353 γεγονὸς
554 2305 738 2353 ἀγένητον
757 2308 859 2343 ἔσται
886 2307 1019 2345 ποτέ“.
1068 2308 1176 2342 Plato
1200 2307 1262 2342 XI.
1279 2320 1314 2352 p.
1334 2312 1399 2342 934
1411 2308 1453 2341 A.

292 2369 334 2399 36
360 2365 554 2408 indemitate]
583 2363 800 2398 Germanice
827 2364 1036 2398 chdescheit
1062 2364 1332 2407 (Jzzdzfsehhea't)
1358 2380 1402 2392 =
1426 2363 1635 2397 Iudaeorum
1659 2363 1905 2397 communitas
1929 2362 2006 2396 sive

382 2421 502 2462 natio,
533 2421 570 2454 et
593 2419 734 2464 religio.

292 2479 378 2520 Pag.
396 2479 461 2515 57.

294 2537 309 2566 1
338 2534 375 2567 in
401 2533 603 2567 christiana
626 2532 874 2577 relz'yiosz'tate]
901 2531 1098 2576 religione,
1124 2531 1344 2576 baptizatus.

340 2589 510 2633 ipsorum]
538 2599 665 2623 eorum
683 2588 745 2632 qui
764 2589 849 2622 sunt
866 2588 910 2622 de
929 2587 990 2621 via
1013 2587 1289 2632 theologorum,
1316 2588 1458 2622 renasci
1481 2588 1707 2632 praeputium
1729 2587 2005 2622 affirmantium.

294 2649 311 2679 7
337 2645 544 2689 clefcctuoszf]
570 2644 796 2689 imperfecti,
822 2644 954 2678 manci.
995 2643 1234 2686 (Iustinianus
1263 2655 1306 2678 eo
1332 2645 1445 2678 verbo
1470 2655 1556 2678 usus
1582 2645 1663 2688 est.)

292 2705 311 2735 8
339 2702 377 2734 ιή
402 2729 407 2734 .
428 2729 433 2734 .
453 2729 459 2734 .
483 2712 556 2735 uon
575 2701 707 2745 precox]
739 2699 860 2734 Morbi
886 2699 1019 2734 Gallici
1043 2700 1187 2743 pestem
1217 2710 1291 2733 non
1323 2699 1386 2733 diu
1411 2700 1513 2742 ante,
1547 2701 1585 2734 et
1615 2700 1867 2734 crudelissime
1893 2700 2007 2734 etiam

381 2756 531 2798 Erfurti,
553 2756 767 2790 saevientem
782 2755 972 2790 interdum
989 2755 1139 2799 quidem
1157 2755 1357 2789 immundis
1374 2756 1517 2790 balneis
1533 2757 1779 2801 propagatam
1797 2767 1874 2790 esse
1892 2756 2006 2790 etiam

382 2814 462 2846 tum
492 2824 587 2856 saepe
620 2813 855 2855 credebatur,
889 2812 953 2846 sed
982 2812 1078 2846 hanc
1110 2823 1258 2846 causam
1289 2812 1323 2846 h.
1340 2812 1364 2846 1.
1381 2823 1454 2846 non
1486 2812 1557 2845 nisi
1587 2812 1788 2846 iocularem
1821 2823 1898 2846 esse
1922 2811 2006 2856 plus

383 2878 495 2910 quam
519 2868 755 2902 manifestum
782 2869 847 2902 est.
896 2867 948 2902 Cf.
966 2867 1070 2901 Hutt.
1089 2867 1134 2901 de
1160 2868 1314 2912 guaiaco
1341 2879 1370 2902 c.
1387 2881 1465 2902 xm.
1485 2868 1578 2912 Opp.
1596 2868 1640 2902 V.
1657 2879 1692 2912 p.
1711 2871 1788 2902 438.
1805 2880 1883 2912 sqq.

293 2927 312 2958 9
339 2923 545 2967 descisione]
572 2924 593 2957 i.
613 2935 642 2958 e.
661 2924 861 2967 decisione,
887 2925 928 2957 ut
946 2923 1059 2958 etiam
1077 2924 1266 2958 descidere
1283 2935 1350 2968 pro
1369 2925 1557 2967 decidere,
1583 2925 1622 2958 et
1637 2919 1809 2958 descissio
1827 2924 1866 2958 et
1881 2923 2004 2957 discis-

383 2978 435 3012 sio
460 2978 698 3013 scribebatur.

297 3039 335 3069 11
363 3045 405 3069 ecc
423 3062 429 3068 .
450 3062 455 3068 .
476 3061 481 3068 .
500 3036 615 3080 statis]
647 3047 729 3070 cum
753 3035 974 3070 familiarem
1000 3047 1084 3070 cum
1109 3046 1153 3070 ea
1177 3036 1483 3071 consuetudinem
1506 3036 1652 3071 habeas.

247 1548 258 1555 ι
293 1530 311 1559 2

292 1586 311 1615 ἵ.)
