<?xml version="1.0" encoding="UTF-8"?>
<!DOCTYPE html PUBLIC "-//W3C//DTD XHTML 1.0 Transitional//EN"
    "http://www.w3.org/TR/xhtml1/DTD/xhtml1-transitional.dtd">
<html xmlns="http://www.w3.org/1999/xhtml" xml:lang="en" lang="en">
 <head>
  <title>
</title>
<meta http-equiv="Content-Type" content="text/html;charset=utf-8" />
  <meta name='ocr-system' content='tesseract 3.04.00' />
  <meta name='ocr-capabilities' content='ocr_page ocr_carea ocr_par ocr_line ocrx_word'/>
</head>
<body>
  <div class='ocr_page' id='page_1' title='image "./operaquaereperir02huttuoft/operaquaereperir02huttuoft_0613.png"; bbox 0 0 2119 3522; ppageno 0'>
   <div class='ocr_carea' id='block_1_1' title="bbox 540 189 1868 233">
    <p class='ocr_par' dir='ltr' id='par_1_1' title="bbox 540 189 1868 233">
     <span class='ocr_line' id='line_1_1' title="bbox 540 189 1868 233; baseline 0.003 -9"><span class='ocrx_word' id='word_1_1' title='bbox 540 204 590 224; x_wconf 81' lang='grc' dir='ltr'>ΕΡ.</span> <span class='ocrx_word' id='word_1_2' title='bbox 608 201 649 225; x_wconf 75' lang='grc'>34.</span> <span class='ocrx_word' id='word_1_3' title='bbox 675 203 843 225; x_wconf 84' lang='lat' dir='ltr'>ORTVINVS</span> <span class='ocrx_word' id='word_1_4' title='bbox 867 203 1012 227; x_wconf 83' lang='lat' dir='ltr'>GRATIVS</span> <span class='ocrx_word' id='word_1_5' title='bbox 1036 204 1207 227; x_wconf 75' lang='lat' dir='ltr'>MAGISTRO</span> <span class='ocrx_word' id='word_1_6' title='bbox 1231 204 1496 227; x_wconf 75' lang='lat' dir='ltr'>MAMMOTRECTO.</span> <span class='ocrx_word' id='word_1_7' title='bbox 1773 189 1868 233; x_wconf 70' lang='grc'>599</span> 
     </span>
    </p>
   </div>
   <div class='ocr_carea' id='block_1_2' title="bbox 132 259 1871 2721">
    <p class='ocr_par' dir='ltr' id='par_1_2' title="bbox 156 259 1871 530">
     <span class='ocr_line' id='line_1_2' title="bbox 156 259 1868 305; baseline 0.004 -14"><span class='ocrx_word' id='word_1_8' title='bbox 156 260 241 301; x_wconf 84' lang='lat' dir='ltr'>Pag.</span> <span class='ocrx_word' id='word_1_9' title='bbox 257 259 321 296; x_wconf 78' lang='lat'>52.</span> <span class='ocrx_word' id='word_1_10' title='bbox 1306 263 1391 303; x_wconf 85' lang='lat' dir='ltr'>Pag.</span> <span class='ocrx_word' id='word_1_11' title='bbox 1406 264 1458 294; x_wconf 81' lang='lat'>52.</span> <span class='ocrx_word' id='word_1_12' title='bbox 1477 274 1506 294; x_wconf 91' lang='lat' dir='ltr'>v.</span> <span class='ocrx_word' id='word_1_13' title='bbox 1521 271 1536 295; x_wconf 80' lang='lat'>7</span> <span class='ocrx_word' id='word_1_14' title='bbox 1554 288 1560 294; x_wconf 94' lang='lat'>.</span> <span class='ocrx_word' id='word_1_15' title='bbox 1577 288 1583 294; x_wconf 93' lang='lat'>.</span> <span class='ocrx_word' id='word_1_16' title='bbox 1600 289 1606 295; x_wconf 94' lang='lat'>.</span> <span class='ocrx_word' id='word_1_17' title='bbox 1625 264 1712 305; x_wconf 84' lang='lat' dir='ltr'>Pag.</span> <span class='ocrx_word' id='word_1_18' title='bbox 1727 266 1780 296; x_wconf 85' lang='lat'>53.</span> <span class='ocrx_word' id='word_1_19' title='bbox 1799 275 1829 296; x_wconf 89' lang='lat' dir='ltr'>v.</span> <span class='ocrx_word' id='word_1_20' title='bbox 1844 274 1868 297; x_wconf 83' lang='lat'>1.</span> 
     </span>
     <span class='ocr_line' id='line_1_3' title="bbox 243 313 1871 361; baseline 0.003 -15"><span class='ocrx_word' id='word_1_21' title='bbox 243 313 399 347; x_wconf 87' lang='lat' dir='ltr'>Brevius</span> <span class='ocrx_word' id='word_1_22' title='bbox 415 313 593 348; x_wconf 86' lang='lat' dir='ltr'>Anshelm</span> <span class='ocrx_word' id='word_1_23' title='bbox 610 314 752 349; x_wconf 81' lang='lat' dir='ltr'>Berncr</span> <span class='ocrx_word' id='word_1_24' title='bbox 772 314 930 349; x_wconf 66' lang='lat' dir='ltr'>Chroni&#39;k</span> <span class='ocrx_word' id='word_1_25' title='bbox 948 315 1019 359; x_wconf 85' lang='lat' dir='ltr'>(ed.</span> <span class='ocrx_word' id='word_1_26' title='bbox 1039 315 1199 350; x_wconf 87' lang='lat' dir='ltr'>Stierlin.</span> <span class='ocrx_word' id='word_1_27' title='bbox 1217 315 1315 350; x_wconf 89' lang='lat' dir='ltr'>Bern</span> <span class='ocrx_word' id='word_1_28' title='bbox 1335 320 1430 351; x_wconf 79' lang='lat'>1827.</span> <span class='ocrx_word' id='word_1_29' title='bbox 1449 316 1511 350; x_wconf 84' lang='grc'><strong>111.</strong></span> <span class='ocrx_word' id='word_1_30' title='bbox 1529 329 1564 361; x_wconf 90' lang='lat' dir='ltr'>p.</span> <span class='ocrx_word' id='word_1_31' title='bbox 1580 319 1688 361; x_wconf 47' lang='lat'>4590:</span> <span class='ocrx_word' id='word_1_32' title='bbox 1711 318 1871 361; x_wconf 55' lang='lat' dir='ltr'>„Harsa</span> 
     </span>
     <span class='ocr_line' id='line_1_4' title="bbox 242 369 1870 416; baseline 0.003 -13"><span class='ocrx_word' id='word_1_33' title='bbox 242 369 392 403; x_wconf 70' lang='lat' dir='ltr'>bekemzt</span> <span class='ocrx_word' id='word_1_34' title='bbox 412 370 551 412; x_wconf 65' lang='lat' dir='ltr'>Ja&#39;tzer,</span> <span class='ocrx_word' id='word_1_35' title='bbox 577 371 654 413; x_wconf 59' lang='lat' dir='ltr'>class*</span> <span class='ocrx_word' id='word_1_36' title='bbox 679 371 743 404; x_wconf 80' lang='lat' dir='ltr'>der</span> <span class='ocrx_word' id='word_1_37' title='bbox 766 370 943 413; x_wconf 50' lang='lat' dir='ltr'>subprior</span> <span class='ocrx_word' id='word_1_38' title='bbox 967 372 1046 406; x_wconf 76' lang='lat' dir='ltr'>eine</span> <span class='ocrx_word' id='word_1_39' title='bbox 1070 371 1176 406; x_wconf 83' lang='lat' dir='ltr'>Salbe</span> <span class='ocrx_word' id='word_1_40' title='bbox 1198 373 1333 407; x_wconf 72' lang='lat' dir='ltr'>lco&#39;nnte</span> <span class='ocrx_word' id='word_1_41' title='bbox 1358 373 1522 414; x_wconf 69' lang='lat' dir='ltr'>machon,</span> <span class='ocrx_word' id='word_1_42' title='bbox 1550 374 1613 407; x_wconf 85' lang='lat' dir='ltr'>mit</span> <span class='ocrx_word' id='word_1_43' title='bbox 1638 375 1766 416; x_wconf 81' lang='lat' dir='ltr'>deren,</span> <span class='ocrx_word' id='word_1_44' title='bbox 1790 375 1870 408; x_wconf 73' lang='lat' dir='ltr'>‘ccel-</span> 
     </span>
     <span class='ocr_line' id='line_1_5' title="bbox 242 425 1869 474; baseline 0.003 -15"><span class='ocrx_word' id='word_1_45' title='bbox 242 426 322 460; x_wconf 78' lang='lat' dir='ltr'>cher</span> <span class='ocrx_word' id='word_1_46' title='bbox 346 425 386 459; x_wconf 83' lang='lat' dir='ltr'><em>F</em></span> <span class='ocrx_word' id='word_1_47' title='bbox 385 437 501 460; x_wconf 75' lang='lat' dir='ltr'>rozcen</span> <span class='ocrx_word' id='word_1_48' title='bbox 523 426 641 460; x_wconf 75' lang='lat' dir='ltr'>Hand</span> <span class='ocrx_word' id='word_1_49' title='bbox 666 438 703 460; x_wconf 85' lang='lat' dir='ltr'>er</span> <span class='ocrx_word' id='word_1_50' title='bbox 727 427 888 468; x_wconf 65' lang='lat' dir='ltr'>beram-t,</span> <span class='ocrx_word' id='word_1_51' title='bbox 920 427 979 461; x_wconf 81' lang='lat' dir='ltr'>die</span> <span class='ocrx_word' id='word_1_52' title='bbox 1005 431 1127 471; x_wconf 73' lang='lat' dir='ltr'>mz&#39;isstc</span> <span class='ocrx_word' id='word_1_53' title='bbox 1152 429 1223 463; x_wconf 81' lang='lat' dir='ltr'>ihm</span> <span class='ocrx_word' id='word_1_54' title='bbox 1250 429 1340 462; x_wconf 77' lang='lat' dir='ltr'>nach</span> <span class='ocrx_word' id='word_1_55' title='bbox 1363 429 1478 463; x_wconf 80' lang='lat' dir='ltr'>sincm</span> <span class='ocrx_word' id='word_1_56' title='bbox 1495 429 1725 464; x_wconf 70' lang='lat' dir='ltr'>DIutlzzcillen</span> <span class='ocrx_word' id='word_1_57' title='bbox 1749 431 1869 474; x_wconf 69' lang='grc' dir='ltr'><strong>9671ον-</strong></span> 
     </span>
     <span class='ocr_line' id='line_1_6' title="bbox 241 483 655 530; baseline 0.002 -15"><span class='ocrx_word' id='word_1_58' title='bbox 241 493 318 515; x_wconf 84' lang='lat' dir='ltr'>sam</span> <span class='ocrx_word' id='word_1_59' title='bbox 341 483 444 526; x_wconf 76' lang='lat' dir='ltr'>syn.“</span> <span class='ocrx_word' id='word_1_60' title='bbox 646 523 655 530; x_wconf 90' lang='lat'>.</span> 
     </span>
    </p>

    <p class='ocr_par' dir='ltr' id='par_1_3' title="bbox 155 538 1232 581">
     <span class='ocr_line' id='line_1_7' title="bbox 155 538 1232 581; baseline 0.003 -10"><span class='ocrx_word' id='word_1_61' title='bbox 155 542 194 572; x_wconf 85' lang='lat'>15</span> <span class='ocrx_word' id='word_1_62' title='bbox 222 541 260 571; x_wconf 78' lang='lat' dir='ltr'>nt</span> <span class='ocrx_word' id='word_1_63' title='bbox 284 538 451 572; x_wconf 78' lang='lat' dir='ltr'>mzdieres</span> <span class='ocrx_word' id='word_1_64' title='bbox 473 549 509 572; x_wconf 88' lang='lat' dir='ltr'>se</span> <span class='ocrx_word' id='word_1_65' title='bbox 533 539 672 581; x_wconf 55' lang='lat' dir='ltr'>[sinant]</span> <span class='ocrx_word' id='word_1_66' title='bbox 699 539 741 572; x_wconf 89' lang='lat' dir='ltr'>ut</span> <span class='ocrx_word' id='word_1_67' title='bbox 764 550 785 572; x_wconf 85' lang='lat' dir='ltr'>a</span> <span class='ocrx_word' id='word_1_68' title='bbox 809 539 1026 573; x_wconf 84' lang='lat' dir='ltr'>mulieribus</span> <span class='ocrx_word' id='word_1_69' title='bbox 1051 541 1232 574; x_wconf 84' lang='lat' dir='ltr'>amentur.</span> 
     </span>
    </p>

    <p class='ocr_par' dir='ltr' id='par_1_4' title="bbox 153 594 1867 796">
     <span class='ocr_line' id='line_1_8' title="bbox 153 594 1867 642; baseline 0.003 -15"><span class='ocrx_word' id='word_1_70' title='bbox 153 597 193 627; x_wconf 88' lang='grc'>16</span> <span class='ocrx_word' id='word_1_71' title='bbox 218 604 382 628; x_wconf 65' lang='lat' dir='ltr'>excomm.</span> <span class='ocrx_word' id='word_1_72' title='bbox 407 594 450 628; x_wconf 82' lang='lat' dir='ltr'>(le</span> <span class='ocrx_word' id='word_1_73' title='bbox 478 594 594 638; x_wconf 83' lang='lat' dir='ltr'>facto]</span> <span class='ocrx_word' id='word_1_74' title='bbox 639 594 717 628; x_wconf 84' lang='lat' dir='ltr'>Iam</span> <span class='ocrx_word' id='word_1_75' title='bbox 748 595 875 628; x_wconf 88' lang='lat' dir='ltr'>concil.</span> <span class='ocrx_word' id='word_1_76' title='bbox 900 595 1046 629; x_wconf 85' lang='lat' dir='ltr'>Laodic.</span> <span class='ocrx_word' id='word_1_77' title='bbox 1074 596 1113 629; x_wconf 92' lang='lat' dir='ltr'>in</span> <span class='ocrx_word' id='word_1_78' title='bbox 1144 607 1221 630; x_wconf 83' lang='lat' dir='ltr'>can.</span> <span class='ocrx_word' id='word_1_79' title='bbox 1246 601 1276 630; x_wconf 75' lang='lat'>4.</span> <span class='ocrx_word' id='word_1_80' title='bbox 1309 596 1426 631; x_wconf 80' lang='lat' dir='ltr'>Causa</span> <span class='ocrx_word' id='word_1_81' title='bbox 1448 611 1541 631; x_wconf 58' lang='lat' dir='ltr'>:mvn</span> <span class='ocrx_word' id='word_1_82' title='bbox 1567 610 1626 642; x_wconf 87' lang='lat' dir='ltr'>qu.</span> <span class='ocrx_word' id='word_1_83' title='bbox 1653 603 1682 632; x_wconf 84' lang='lat'>5.</span> <span class='ocrx_word' id='word_1_84' title='bbox 1713 599 1867 632; x_wconf 83' lang='lat' dir='ltr'>statuit:</span> 
     </span>
     <span class='ocr_line' id='line_1_9' title="bbox 241 649 1865 697; baseline 0.003 -14"><span class='ocrx_word' id='word_1_85' title='bbox 241 649 350 691; x_wconf 87' lang='lat' dir='ltr'>„Non</span> <span class='ocrx_word' id='word_1_86' title='bbox 375 650 523 694; x_wconf 90' lang='lat' dir='ltr'>oportet</span> <span class='ocrx_word' id='word_1_87' title='bbox 547 651 658 684; x_wconf 85' lang='lat' dir='ltr'>sacris</span> <span class='ocrx_word' id='word_1_88' title='bbox 683 650 813 684; x_wconf 88' lang='lat' dir='ltr'>officiis</span> <span class='ocrx_word' id='word_1_89' title='bbox 839 651 984 685; x_wconf 88' lang='lat' dir='ltr'>deditos</span> <span class='ocrx_word' id='word_1_90' title='bbox 1009 652 1069 685; x_wconf 88' lang='lat' dir='ltr'>vel</span> <span class='ocrx_word' id='word_1_91' title='bbox 1094 652 1246 686; x_wconf 87' lang='lat' dir='ltr'>clericos</span> <span class='ocrx_word' id='word_1_92' title='bbox 1270 664 1398 697; x_wconf 87' lang='lat' dir='ltr'>magos</span> <span class='ocrx_word' id='word_1_93' title='bbox 1422 655 1487 687; x_wconf 90' lang='lat' dir='ltr'>aut</span> <span class='ocrx_word' id='word_1_94' title='bbox 1518 654 1767 688; x_wconf 80' lang='lat' dir='ltr'>incantatores</span> <span class='ocrx_word' id='word_1_95' title='bbox 1792 655 1865 688; x_wconf 82' lang='lat' dir='ltr'>exi—</span> 
     </span>
     <span class='ocr_line' id='line_1_10' title="bbox 239 706 1867 754; baseline 0.004 -15"><span class='ocrx_word' id='word_1_96' title='bbox 239 706 336 739; x_wconf 89' lang='lat' dir='ltr'>stere</span> <span class='ocrx_word' id='word_1_97' title='bbox 362 707 427 739; x_wconf 88' lang='lat' dir='ltr'>aut</span> <span class='ocrx_word' id='word_1_98' title='bbox 450 706 571 740; x_wconf 88' lang='lat' dir='ltr'>facere</span> <span class='ocrx_word' id='word_1_99' title='bbox 596 706 830 750; x_wconf 77' lang='lat' dir='ltr'>phylacteria</span> <span class='ocrx_word' id='word_1_100' title='bbox 847 734 854 741; x_wconf 90' lang='lat'>.</span> <span class='ocrx_word' id='word_1_101' title='bbox 873 735 879 740; x_wconf 93' lang='lat'>.</span> <span class='ocrx_word' id='word_1_102' title='bbox 899 734 906 741; x_wconf 92' lang='lat'>.</span> <span class='ocrx_word' id='word_1_103' title='bbox 925 717 987 740; x_wconf 89' lang='lat' dir='ltr'>eos</span> <span class='ocrx_word' id='word_1_104' title='bbox 1012 708 1138 741; x_wconf 86' lang='lat' dir='ltr'>autem</span> <span class='ocrx_word' id='word_1_105' title='bbox 1156 708 1219 752; x_wconf 87' lang='lat' dir='ltr'>qui</span> <span class='ocrx_word' id='word_1_106' title='bbox 1243 708 1380 742; x_wconf 80' lang='lat' dir='ltr'>talibus</span> <span class='ocrx_word' id='word_1_107' title='bbox 1405 709 1514 743; x_wconf 84' lang='lat' dir='ltr'>rebus</span> <span class='ocrx_word' id='word_1_108' title='bbox 1539 711 1704 752; x_wconf 83' lang='lat' dir='ltr'>utuntur,</span> <span class='ocrx_word' id='word_1_109' title='bbox 1732 711 1867 754; x_wconf 88' lang='lat' dir='ltr'>proiici</span> 
     </span>
     <span class='ocr_line' id='line_1_11' title="bbox 242 761 699 796; baseline 0 -1"><span class='ocrx_word' id='word_1_110' title='bbox 242 761 287 795; x_wconf 83' lang='lat' dir='ltr'>ab</span> <span class='ocrx_word' id='word_1_111' title='bbox 313 761 468 796; x_wconf 86' lang='lat' dir='ltr'>ecclesia</span> <span class='ocrx_word' id='word_1_112' title='bbox 492 761 699 796; x_wconf 84' lang='lat' dir='ltr'>iussirnus“.</span> 
     </span>
    </p>

    <p class='ocr_par' dir='ltr' id='par_1_5' title="bbox 194 817 1866 975">
     <span class='ocr_line' id='line_1_12' title="bbox 194 817 1866 866; baseline 0.004 -15"><span class='ocrx_word' id='word_1_113' title='bbox 194 818 431 860; x_wconf 66' lang='lat' dir='ltr'>exquisitores</span> <span class='ocrx_word' id='word_1_114' title='bbox 446 818 652 862; x_wconf 57' lang='lat' dir='ltr'>Iioerprav]</span> <span class='ocrx_word' id='word_1_115' title='bbox 667 817 903 861; x_wconf 72' lang='lat' dir='ltr'>inquisitores</span> <span class='ocrx_word' id='word_1_116' title='bbox 920 819 996 862; x_wconf 90' lang='lat' dir='ltr'>h.p.</span> <span class='ocrx_word' id='word_1_117' title='bbox 1009 820 1180 854; x_wconf 72' lang='lat' dir='ltr'>usitatior</span> <span class='ocrx_word' id='word_1_118' title='bbox 1197 820 1412 864; x_wconf 80' lang='lat' dir='ltr'>appellatio,</span> <span class='ocrx_word' id='word_1_119' title='bbox 1431 821 1495 855; x_wconf 84' lang='lat' dir='ltr'>sed</span> <span class='ocrx_word' id='word_1_120' title='bbox 1512 833 1579 855; x_wconf 91' lang='lat' dir='ltr'>nec</span> <span class='ocrx_word' id='word_1_121' title='bbox 1599 823 1866 866; x_wconf 77' lang='lat' dir='ltr'>exquisitorum</span> 
     </span>
     <span class='ocr_line' id='line_1_13' title="bbox 236 873 1864 921; baseline 0.004 -15"><span class='ocrx_word' id='word_1_122' title='bbox 236 873 452 916; x_wconf 83' lang='lat' dir='ltr'>infrequens</span> <span class='ocrx_word' id='word_1_123' title='bbox 477 874 542 909; x_wconf 87' lang='lat' dir='ltr'>est.</span> <span class='ocrx_word' id='word_1_124' title='bbox 574 873 765 917; x_wconf 84' lang='lat' dir='ltr'>Praecipue</span> <span class='ocrx_word' id='word_1_125' title='bbox 784 873 940 908; x_wconf 87' lang='lat' dir='ltr'>Ioannes</span> <span class='ocrx_word' id='word_1_126' title='bbox 956 874 1026 908; x_wconf 89' lang='grc' dir='ltr'>ΡΡ.</span> <span class='ocrx_word' id='word_1_127' title='bbox 1044 874 1169 917; x_wconf 60' lang='lat' dir='ltr'>XXII„</span> <span class='ocrx_word' id='word_1_128' title='bbox 1196 877 1238 909; x_wconf 91' lang='lat' dir='ltr'>ut</span> <span class='ocrx_word' id='word_1_129' title='bbox 1255 876 1318 919; x_wconf 85' lang='lat' dir='ltr'>qui</span> <span class='ocrx_word' id='word_1_130' title='bbox 1343 877 1506 921; x_wconf 86' lang='lat' dir='ltr'>magicas</span> <span class='ocrx_word' id='word_1_131' title='bbox 1523 878 1620 911; x_wconf 85' lang='lat' dir='ltr'>artes</span> <span class='ocrx_word' id='word_1_132' title='bbox 1638 881 1864 921; x_wconf 79' lang='lat' dir='ltr'>exercerent,</span> 
     </span>
     <span class='ocr_line' id='line_1_14' title="bbox 236 929 1842 975; baseline 0.004 -12"><span class='ocrx_word' id='word_1_133' title='bbox 236 931 416 973; x_wconf 83' lang='lat' dir='ltr'>tanquam</span> <span class='ocrx_word' id='word_1_134' title='bbox 439 929 605 964; x_wconf 86' lang='lat' dir='ltr'>haeretici</span> <span class='ocrx_word' id='word_1_135' title='bbox 630 930 850 974; x_wconf 87' lang='lat' dir='ltr'>punirentur</span> <span class='ocrx_word' id='word_1_136' title='bbox 875 930 1075 964; x_wconf 85' lang='lat' dir='ltr'>constituit.</span> <span class='ocrx_word' id='word_1_137' title='bbox 1126 930 1177 965; x_wconf 89' lang='lat' dir='ltr'>Cf.</span> <span class='ocrx_word' id='word_1_138' title='bbox 1195 931 1381 975; x_wconf 78' lang='lat' dir='ltr'>Raynaldi</span> <span class='ocrx_word' id='word_1_139' title='bbox 1404 933 1498 966; x_wconf 90' lang='lat' dir='ltr'>Ann.</span> <span class='ocrx_word' id='word_1_140' title='bbox 1518 933 1604 967; x_wconf 85' lang='lat' dir='ltr'>eccl.</span> <span class='ocrx_word' id='word_1_141' title='bbox 1624 933 1670 967; x_wconf 75' lang='lat' dir='ltr'>acl</span> <span class='ocrx_word' id='word_1_142' title='bbox 1695 945 1726 968; x_wconf 81' lang='lat' dir='ltr'>a.</span> <span class='ocrx_word' id='word_1_143' title='bbox 1747 939 1842 969; x_wconf 76' lang='lat'>1327.</span> 
     </span>
    </p>

    <p class='ocr_par' dir='ltr' id='par_1_6' title="bbox 149 985 1867 1366">
     <span class='ocr_line' id='line_1_15' title="bbox 149 985 1864 1030; baseline 0.003 -12"><span class='ocrx_word' id='word_1_144' title='bbox 149 990 189 1020; x_wconf 78' lang='lat'>19</span> <span class='ocrx_word' id='word_1_145' title='bbox 217 985 295 1019; x_wconf 84' lang='lat' dir='ltr'>Cat.</span> <span class='ocrx_word' id='word_1_146' title='bbox 314 985 492 1030; x_wconf 83' lang='lat' dir='ltr'>Pistoris]</span> <span class='ocrx_word' id='word_1_147' title='bbox 518 985 591 1019; x_wconf 82' lang='lat' dir='ltr'>Vix</span> <span class='ocrx_word' id='word_1_148' title='bbox 616 985 811 1029; x_wconf 85' lang='lat' dir='ltr'>quisquam</span> <span class='ocrx_word' id='word_1_149' title='bbox 836 985 946 1020; x_wconf 85' lang='lat' dir='ltr'>hodie</span> <span class='ocrx_word' id='word_1_150' title='bbox 973 986 1124 1029; x_wconf 75' lang='lat' dir='ltr'>dixerit,</span> <span class='ocrx_word' id='word_1_151' title='bbox 1156 999 1246 1020; x_wconf 90' lang='lat' dir='ltr'>num</span> <span class='ocrx_word' id='word_1_152' title='bbox 1275 987 1353 1021; x_wconf 86' lang='lat' dir='ltr'>haec</span> <span class='ocrx_word' id='word_1_153' title='bbox 1382 987 1458 1022; x_wconf 88' lang='lat' dir='ltr'>filia</span> <span class='ocrx_word' id='word_1_154' title='bbox 1486 989 1599 1022; x_wconf 88' lang='lat' dir='ltr'>fuerit</span> <span class='ocrx_word' id='word_1_155' title='bbox 1624 989 1781 1024; x_wconf 84' lang='lat' dir='ltr'>Simonis</span> <span class='ocrx_word' id='word_1_156' title='bbox 1805 991 1864 1024; x_wconf 88' lang='lat' dir='ltr'>Pi-</span> 
     </span>
     <span class='ocr_line' id='line_1_16' title="bbox 236 1041 1865 1089; baseline 0.004 -15"><span class='ocrx_word' id='word_1_157' title='bbox 236 1041 362 1083; x_wconf 87' lang='lat' dir='ltr'>storis,</span> <span class='ocrx_word' id='word_1_158' title='bbox 381 1041 580 1085; x_wconf 85' lang='lat' dir='ltr'>Lipsiensis</span> <span class='ocrx_word' id='word_1_159' title='bbox 596 1041 734 1075; x_wconf 85' lang='lat' dir='ltr'>medici</span> <span class='ocrx_word' id='word_1_160' title='bbox 751 1042 789 1075; x_wconf 87' lang='lat' dir='ltr'>et</span> <span class='ocrx_word' id='word_1_161' title='bbox 805 1042 984 1076; x_wconf 84' lang='lat' dir='ltr'>senatoris</span> <span class='ocrx_word' id='word_1_162' title='bbox 1002 1041 1156 1085; x_wconf 82' lang='lat' dir='ltr'>(Ma-der.</span> <span class='ocrx_word' id='word_1_163' title='bbox 1176 1042 1324 1077; x_wconf 90' lang='lat' dir='ltr'>Centur.</span> <span class='ocrx_word' id='word_1_164' title='bbox 1342 1046 1392 1078; x_wconf 82' lang='lat'>110.</span> <span class='ocrx_word' id='word_1_165' title='bbox 1411 1046 1496 1087; x_wconf 51' lang='lat'>57),</span> <span class='ocrx_word' id='word_1_166' title='bbox 1523 1045 1570 1078; x_wconf 86' lang='lat' dir='ltr'>ad</span> <span class='ocrx_word' id='word_1_167' title='bbox 1587 1056 1699 1089; x_wconf 85' lang='lat' dir='ltr'>quem</span> <span class='ocrx_word' id='word_1_168' title='bbox 1715 1046 1865 1081; x_wconf 86' lang='lat' dir='ltr'>Buschii</span> 
     </span>
     <span class='ocr_line' id='line_1_17' title="bbox 237 1097 1865 1145; baseline 0.004 -14"><span class='ocrx_word' id='word_1_169' title='bbox 237 1097 479 1131; x_wconf 76' lang='lat' dir='ltr'>hexastichon</span> <span class='ocrx_word' id='word_1_170' title='bbox 505 1099 607 1132; x_wconf 78' lang='lat' dir='ltr'>extat</span> <span class='ocrx_word' id='word_1_171' title='bbox 630 1098 727 1132; x_wconf 87' lang='lat' dir='ltr'>inter</span> <span class='ocrx_word' id='word_1_172' title='bbox 750 1097 859 1131; x_wconf 87' lang='lat' dir='ltr'>huius</span> <span class='ocrx_word' id='word_1_173' title='bbox 877 1098 1041 1132; x_wconf 87' lang='lat' dir='ltr'>carmina</span> <span class='ocrx_word' id='word_1_174' title='bbox 1066 1097 1176 1143; x_wconf 89' lang='lat' dir='ltr'>(Lips.</span> <span class='ocrx_word' id='word_1_175' title='bbox 1198 1103 1293 1133; x_wconf 71' lang='lat'>1504.</span> <span class='ocrx_word' id='word_1_176' title='bbox 1312 1102 1358 1134; x_wconf 73' lang='lat'>4⁰.</span> <span class='ocrx_word' id='word_1_177' title='bbox 1376 1112 1411 1144; x_wconf 86' lang='lat' dir='ltr'>p.</span> <span class='ocrx_word' id='word_1_178' title='bbox 1431 1102 1527 1144; x_wconf 58' lang='grc' dir='ltr'>Θῆ),</span> <span class='ocrx_word' id='word_1_179' title='bbox 1555 1101 1692 1145; x_wconf 85' lang='lat' dir='ltr'>quique</span> <span class='ocrx_word' id='word_1_180' title='bbox 1719 1113 1749 1136; x_wconf 91' lang='lat' dir='ltr'>a.</span> <span class='ocrx_word' id='word_1_181' title='bbox 1770 1107 1865 1137; x_wconf 83' lang='lat'>1519.</span> 
     </span>
     <span class='ocr_line' id='line_1_18' title="bbox 235 1153 1867 1201; baseline 0.003 -14"><span class='ocrx_word' id='word_1_182' title='bbox 235 1154 403 1188; x_wconf 88' lang='lat' dir='ltr'>mortuus</span> <span class='ocrx_word' id='word_1_183' title='bbox 428 1155 483 1188; x_wconf 87' lang='lat' dir='ltr'>est</span> <span class='ocrx_word' id='word_1_184' title='bbox 507 1165 576 1188; x_wconf 85' lang='lat' dir='ltr'>sec.</span> <span class='ocrx_word' id='word_1_185' title='bbox 596 1153 632 1188; x_wconf 90' lang='lat' dir='ltr'>C.</span> <span class='ocrx_word' id='word_1_186' title='bbox 653 1154 694 1188; x_wconf 83' lang='lat' dir='ltr'>G.</span> <span class='ocrx_word' id='word_1_187' title='bbox 712 1154 899 1188; x_wconf 80' lang='lat' dir='ltr'>Hofmann</span> <span class='ocrx_word' id='word_1_188' title='bbox 923 1154 1006 1196; x_wconf 77' lang='lat' dir='ltr'>Res.</span> <span class='ocrx_word' id='word_1_189' title='bbox 1023 1154 1122 1189; x_wconf 81' lang='lat' dir='ltr'>Hist.</span> <span class='ocrx_word' id='word_1_190' title='bbox 1139 1166 1170 1189; x_wconf 81' lang='lat' dir='ltr'>v.</span> <span class='ocrx_word' id='word_1_191' title='bbox 1191 1155 1314 1198; x_wconf 64' lang='lat' dir='ltr'>Leipe.</span> <span class='ocrx_word' id='word_1_192' title='bbox 1336 1160 1431 1190; x_wconf 77' lang='lat'>1739.</span> <span class='ocrx_word' id='word_1_193' title='bbox 1449 1158 1494 1191; x_wconf 80' lang='lat'>8⁰.</span> <span class='ocrx_word' id='word_1_194' title='bbox 1512 1169 1547 1201; x_wconf 87' lang='lat' dir='ltr'>p.</span> <span class='ocrx_word' id='word_1_195' title='bbox 1566 1161 1641 1191; x_wconf 73' lang='lat'>428.</span> <span class='ocrx_word' id='word_1_196' title='bbox 1661 1169 1737 1201; x_wconf 85' lang='lat' dir='ltr'>sqq.</span> <span class='ocrx_word' id='word_1_197' title='bbox 1764 1158 1867 1193; x_wconf 84' lang='lat' dir='ltr'>Inter</span> 
     </span>
     <span class='ocr_line' id='line_1_19' title="bbox 235 1209 1864 1257; baseline 0.004 -14"><span class='ocrx_word' id='word_1_198' title='bbox 235 1209 451 1254; x_wconf 84' lang='lat' dir='ltr'>collegiatos</span> <span class='ocrx_word' id='word_1_199' title='bbox 482 1210 630 1244; x_wconf 89' lang='lat' dir='ltr'>maioris</span> <span class='ocrx_word' id='word_1_200' title='bbox 661 1210 809 1254; x_wconf 82' lang='lat' dir='ltr'>collegii</span> <span class='ocrx_word' id='word_1_201' title='bbox 842 1210 1057 1254; x_wconf 87' lang='lat' dir='ltr'>principalis</span> <span class='ocrx_word' id='word_1_202' title='bbox 1086 1210 1182 1255; x_wconf 90' lang='lat' dir='ltr'>Lips.</span> <span class='ocrx_word' id='word_1_203' title='bbox 1201 1211 1292 1245; x_wconf 86' lang='lat' dir='ltr'>item</span> <span class='ocrx_word' id='word_1_204' title='bbox 1324 1214 1552 1246; x_wconf 86' lang='lat' dir='ltr'>memoratur</span> <span class='ocrx_word' id='word_1_205' title='bbox 1582 1213 1733 1257; x_wconf 86' lang='lat' dir='ltr'>quidam</span> <span class='ocrx_word' id='word_1_206' title='bbox 1767 1214 1864 1249; x_wconf 82' lang='lat' dir='ltr'>Med.</span> 
     </span>
     <span class='ocr_line' id='line_1_20' title="bbox 235 1265 1863 1312; baseline 0.004 -14"><span class='ocrx_word' id='word_1_207' title='bbox 235 1265 361 1299; x_wconf 81' lang='lat' dir='ltr'>Simon</span> <span class='ocrx_word' id='word_1_208' title='bbox 386 1265 538 1300; x_wconf 81' lang='lat' dir='ltr'>Pistoris</span> <span class='ocrx_word' id='word_1_209' title='bbox 562 1266 777 1310; x_wconf 84' lang='lat' dir='ltr'>Lipsiensis,</span> <span class='ocrx_word' id='word_1_210' title='bbox 804 1266 868 1300; x_wconf 86' lang='lat' dir='ltr'>sed</span> <span class='ocrx_word' id='word_1_211' title='bbox 893 1266 941 1300; x_wconf 86' lang='lat' dir='ltr'>ad</span> <span class='ocrx_word' id='word_1_212' title='bbox 966 1277 1080 1301; x_wconf 86' lang='lat' dir='ltr'>annos</span> <span class='ocrx_word' id='word_1_213' title='bbox 1108 1271 1356 1310; x_wconf 79' lang='lat'>1508...1523.,</span> <span class='ocrx_word' id='word_1_214' title='bbox 1384 1269 1484 1312; x_wconf 82' lang='lat' dir='ltr'>apud</span> <span class='ocrx_word' id='word_1_215' title='bbox 1508 1269 1660 1304; x_wconf 87' lang='lat' dir='ltr'>Zarnck.</span> <span class='ocrx_word' id='word_1_216' title='bbox 1677 1270 1716 1304; x_wconf 89' lang='lat' dir='ltr'>in</span> <span class='ocrx_word' id='word_1_217' title='bbox 1732 1271 1863 1306; x_wconf 73' lang='lat' dir='ltr'>Ablzdl.</span> 
     </span>
     <span class='ocr_line' id='line_1_21' title="bbox 234 1321 981 1366; baseline 0.001 -11"><span class='ocrx_word' id='word_1_218' title='bbox 234 1323 268 1356; x_wconf 80' lang='lat' dir='ltr'>d.</span> <span class='ocrx_word' id='word_1_219' title='bbox 285 1322 398 1356; x_wconf 77' lang='lat' dir='ltr'>sachs.</span> <span class='ocrx_word' id='word_1_220' title='bbox 419 1321 461 1355; x_wconf 81' lang='lat' dir='ltr'>G.</span> <span class='ocrx_word' id='word_1_221' title='bbox 482 1323 515 1356; x_wconf 77' lang='lat' dir='ltr'>cl.</span> <span class='ocrx_word' id='word_1_222' title='bbox 539 1322 594 1355; x_wconf 86' lang='lat' dir='ltr'>W.</span> <span class='ocrx_word' id='word_1_223' title='bbox 615 1325 711 1356; x_wconf 73' lang='lat'>1857.</span> <span class='ocrx_word' id='word_1_224' title='bbox 729 1334 764 1366; x_wconf 88' lang='lat' dir='ltr'>p.</span> <span class='ocrx_word' id='word_1_225' title='bbox 784 1326 856 1356; x_wconf 76' lang='lat'>751.</span> <span class='ocrx_word' id='word_1_226' title='bbox 875 1334 908 1355; x_wconf 87' lang='lat' dir='ltr'>n.</span> <span class='ocrx_word' id='word_1_227' title='bbox 930 1326 981 1356; x_wconf 76' lang='lat'>77.</span> 
     </span>
    </p>

    <p class='ocr_par' dir='ltr' id='par_1_7' title="bbox 182 1377 1865 1818">
     <span class='ocr_line' id='line_1_22' title="bbox 182 1377 1863 1425; baseline 0.003 -13"><span class='ocrx_word' id='word_1_228' title='bbox 182 1388 290 1421; x_wconf 78' lang='lat' dir='ltr'>pomo</span> <span class='ocrx_word' id='word_1_229' title='bbox 314 1379 480 1422; x_wconf 73' lang='lat' dir='ltr'>niyrom]</span> <span class='ocrx_word' id='word_1_230' title='bbox 506 1377 611 1412; x_wconf 88' lang='lat' dir='ltr'>Hanc</span> <span class='ocrx_word' id='word_1_231' title='bbox 636 1378 939 1422; x_wconf 85' lang='lat' dir='ltr'>superstitionem</span> <span class='ocrx_word' id='word_1_232' title='bbox 962 1389 1040 1412; x_wconf 66' lang='lat' dir='ltr'>rom</span> <span class='ocrx_word' id='word_1_233' title='bbox 1058 1379 1217 1414; x_wconf 72' lang='lat' dir='ltr'>Zaaber-</span> <span class='ocrx_word' id='word_1_234' title='bbox 1242 1390 1272 1413; x_wconf 91' lang='lat'>0.</span> <span class='ocrx_word' id='word_1_235' title='bbox 1292 1380 1547 1425; x_wconf 74' lang='lat' dir='ltr'>Liebes-Apfel</span> <span class='ocrx_word' id='word_1_236' title='bbox 1573 1393 1617 1416; x_wconf 77' lang='lat' dir='ltr'>ex</span> <span class='ocrx_word' id='word_1_237' title='bbox 1642 1382 1786 1417; x_wconf 85' lang='lat' dir='ltr'>duobus</span> <span class='ocrx_word' id='word_1_238' title='bbox 1810 1385 1863 1417; x_wconf 85' lang='lat' dir='ltr'>in—</span> 
     </span>
     <span class='ocr_line' id='line_1_23' title="bbox 232 1434 1865 1482; baseline 0.004 -15"><span class='ocrx_word' id='word_1_239' title='bbox 232 1435 290 1468; x_wconf 89' lang='lat' dir='ltr'>ter</span> <span class='ocrx_word' id='word_1_240' title='bbox 314 1444 352 1468; x_wconf 92' lang='lat' dir='ltr'>se</span> <span class='ocrx_word' id='word_1_241' title='bbox 371 1434 639 1468; x_wconf 70' lang='lat' dir='ltr'>cohaerentibus</span> <span class='ocrx_word' id='word_1_242' title='bbox 665 1434 1045 1478; x_wconf 84' lang='lat' dir='ltr'>contemplationibus</span> <span class='ocrx_word' id='word_1_243' title='bbox 1062 1435 1270 1479; x_wconf 87' lang='lat' dir='ltr'>profectam</span> <span class='ocrx_word' id='word_1_244' title='bbox 1296 1447 1373 1471; x_wconf 90' lang='lat' dir='ltr'>esse</span> <span class='ocrx_word' id='word_1_245' title='bbox 1393 1438 1535 1481; x_wconf 81' lang='lat' dir='ltr'>opinor,</span> <span class='ocrx_word' id='word_1_246' title='bbox 1562 1450 1719 1482; x_wconf 87' lang='lat' dir='ltr'>quarum</span> <span class='ocrx_word' id='word_1_247' title='bbox 1745 1439 1865 1474; x_wconf 80' lang='lat' dir='ltr'>altera</span> 
     </span>
     <span class='ocr_line' id='line_1_24' title="bbox 233 1490 1863 1538; baseline 0.004 -14"><span class='ocrx_word' id='word_1_248' title='bbox 233 1492 290 1525; x_wconf 88' lang='lat' dir='ltr'>est</span> <span class='ocrx_word' id='word_1_249' title='bbox 304 1490 475 1537; x_wconf 87' lang='lat' dir='ltr'>narratio</span> <span class='ocrx_word' id='word_1_250' title='bbox 502 1490 548 1524; x_wconf 85' lang='lat' dir='ltr'>de</span> <span class='ocrx_word' id='word_1_251' title='bbox 574 1490 695 1524; x_wconf 87' lang='lat' dir='ltr'>fructu</span> <span class='ocrx_word' id='word_1_252' title='bbox 720 1490 829 1534; x_wconf 83' lang='lat' dir='ltr'>ligni,</span> <span class='ocrx_word' id='word_1_253' title='bbox 857 1490 956 1534; x_wconf 84' lang='lat' dir='ltr'>quod</span> <span class='ocrx_word' id='word_1_254' title='bbox 983 1492 1038 1525; x_wconf 83' lang='lat' dir='ltr'>est</span> <span class='ocrx_word' id='word_1_255' title='bbox 1062 1491 1100 1524; x_wconf 87' lang='lat' dir='ltr'>in</span> <span class='ocrx_word' id='word_1_256' title='bbox 1124 1491 1249 1526; x_wconf 84' lang='lat' dir='ltr'>medio</span> <span class='ocrx_word' id='word_1_257' title='bbox 1274 1493 1452 1536; x_wconf 84' lang='lat' dir='ltr'>paradisi,</span> <span class='ocrx_word' id='word_1_258' title='bbox 1487 1506 1599 1538; x_wconf 87' lang='lat' dir='ltr'>quem</span> <span class='ocrx_word' id='word_1_259' title='bbox 1622 1506 1668 1529; x_wconf 91' lang='lat' dir='ltr'>ne</span> <span class='ocrx_word' id='word_1_260' title='bbox 1694 1495 1863 1530; x_wconf 86' lang='lat' dir='ltr'>comede—</span> 
     </span>
     <span class='ocr_line' id='line_1_25' title="bbox 232 1546 1864 1591; baseline 0.003 -10"><span class='ocrx_word' id='word_1_261' title='bbox 232 1548 317 1581; x_wconf 90' lang='lat' dir='ltr'>rent</span> <span class='ocrx_word' id='word_1_262' title='bbox 348 1547 438 1581; x_wconf 86' lang='lat' dir='ltr'>deus</span> <span class='ocrx_word' id='word_1_263' title='bbox 468 1546 598 1590; x_wconf 86' lang='lat' dir='ltr'>primis</span> <span class='ocrx_word' id='word_1_264' title='bbox 630 1546 848 1591; x_wconf 84' lang='lat' dir='ltr'>parentibus</span> <span class='ocrx_word' id='word_1_265' title='bbox 871 1547 1068 1591; x_wconf 85' lang='lat' dir='ltr'>praecepit,</span> <span class='ocrx_word' id='word_1_266' title='bbox 1102 1558 1214 1591; x_wconf 87' lang='lat' dir='ltr'>quem</span> <span class='ocrx_word' id='word_1_267' title='bbox 1239 1549 1365 1583; x_wconf 85' lang='lat' dir='ltr'>tamen</span> <span class='ocrx_word' id='word_1_268' title='bbox 1390 1549 1497 1584; x_wconf 76' lang='lat' dir='ltr'>Heva</span> <span class='ocrx_word' id='word_1_269' title='bbox 1527 1550 1615 1584; x_wconf 86' lang='lat' dir='ltr'>tulit</span> <span class='ocrx_word' id='word_1_270' title='bbox 1639 1552 1677 1585; x_wconf 89' lang='lat' dir='ltr'>et</span> <span class='ocrx_word' id='word_1_271' title='bbox 1701 1551 1864 1586; x_wconf 86' lang='lat' dir='ltr'>comedit</span> 
     </span>
     <span class='ocr_line' id='line_1_26' title="bbox 232 1602 1858 1648; baseline 0.002 -11"><span class='ocrx_word' id='word_1_272' title='bbox 232 1603 411 1646; x_wconf 87' lang='lat' dir='ltr'>deditque</span> <span class='ocrx_word' id='word_1_273' title='bbox 437 1603 516 1637; x_wconf 81' lang='lat' dir='ltr'>viro</span> <span class='ocrx_word' id='word_1_274' title='bbox 541 1614 617 1645; x_wconf 89' lang='lat' dir='ltr'>suo,</span> <span class='ocrx_word' id='word_1_275' title='bbox 645 1603 709 1646; x_wconf 85' lang='lat' dir='ltr'>qui</span> <span class='ocrx_word' id='word_1_276' title='bbox 733 1602 896 1637; x_wconf 84' lang='lat' dir='ltr'>comedit</span> <span class='ocrx_word' id='word_1_277' title='bbox 920 1602 1069 1646; x_wconf 82' lang='lat' dir='ltr'>(Genes.</span> <span class='ocrx_word' id='word_1_278' title='bbox 1086 1605 1166 1648; x_wconf 87' lang='lat'>111.),</span> <span class='ocrx_word' id='word_1_279' title='bbox 1193 1604 1297 1638; x_wconf 88' lang='lat' dir='ltr'>cuius</span> <span class='ocrx_word' id='word_1_280' title='bbox 1321 1605 1544 1640; x_wconf 85' lang='lat' dir='ltr'>narrationis</span> <span class='ocrx_word' id='word_1_281' title='bbox 1569 1606 1706 1641; x_wconf 82' lang='lat' dir='ltr'>similes</span> <span class='ocrx_word' id='word_1_282' title='bbox 1730 1607 1768 1641; x_wconf 90' lang='lat' dir='ltr'>in</span> <span class='ocrx_word' id='word_1_283' title='bbox 1793 1608 1858 1641; x_wconf 83' lang='lat' dir='ltr'>bo-</span> 
     </span>
     <span class='ocr_line' id='line_1_27' title="bbox 229 1659 1861 1707; baseline 0.002 -13"><span class='ocrx_word' id='word_1_284' title='bbox 229 1659 386 1694; x_wconf 86' lang='lat' dir='ltr'>realium</span> <span class='ocrx_word' id='word_1_285' title='bbox 409 1659 634 1703; x_wconf 87' lang='lat' dir='ltr'>populorum</span> <span class='ocrx_word' id='word_1_286' title='bbox 651 1659 874 1693; x_wconf 79' lang='lat' dir='ltr'>carminibus</span> <span class='ocrx_word' id='word_1_287' title='bbox 888 1661 1101 1702; x_wconf 82' lang='lat' dir='ltr'>occurrunt3</span> <span class='ocrx_word' id='word_1_288' title='bbox 1128 1660 1247 1695; x_wconf 87' lang='lat' dir='ltr'>altera</span> <span class='ocrx_word' id='word_1_289' title='bbox 1263 1672 1459 1705; x_wconf 87' lang='lat' dir='ltr'>pomorum</span> <span class='ocrx_word' id='word_1_290' title='bbox 1482 1662 1738 1707; x_wconf 83' lang='lat' dir='ltr'>malorumque</span> <span class='ocrx_word' id='word_1_291' title='bbox 1764 1675 1861 1698; x_wconf 89' lang='lat' dir='ltr'>com-</span> 
     </span>
     <span class='ocr_line' id='line_1_28' title="bbox 231 1714 1860 1763; baseline 0.003 -14"><span class='ocrx_word' id='word_1_292' title='bbox 231 1716 422 1760; x_wconf 88' lang='lat' dir='ltr'>paratione</span> <span class='ocrx_word' id='word_1_293' title='bbox 447 1716 539 1757; x_wconf 87' lang='lat' dir='ltr'>tum,</span> <span class='ocrx_word' id='word_1_294' title='bbox 558 1716 600 1749; x_wconf 86' lang='lat' dir='ltr'>ut</span> <span class='ocrx_word' id='word_1_295' title='bbox 624 1714 724 1759; x_wconf 86' lang='lat' dir='ltr'>apud.</span> <span class='ocrx_word' id='word_1_296' title='bbox 749 1715 894 1749; x_wconf 79' lang='lat' dir='ltr'>Graecos</span> <span class='ocrx_word' id='word_1_297' title='bbox 918 1727 960 1750; x_wconf 89' lang='lat' dir='ltr'>ac</span> <span class='ocrx_word' id='word_1_298' title='bbox 977 1716 1202 1751; x_wconf 79' lang='lat' dir='ltr'>recentiores</span> <span class='ocrx_word' id='word_1_299' title='bbox 1226 1717 1384 1761; x_wconf 83' lang='lat' dir='ltr'>populos</span> <span class='ocrx_word' id='word_1_300' title='bbox 1410 1718 1469 1760; x_wconf 89' lang='lat' dir='ltr'>(cf.</span> <span class='ocrx_word' id='word_1_301' title='bbox 1488 1730 1517 1752; x_wconf 91' lang='lat' dir='ltr'>e.</span> <span class='ocrx_word' id='word_1_302' title='bbox 1536 1731 1589 1763; x_wconf 84' lang='lat' dir='ltr'>gr.</span> <span class='ocrx_word' id='word_1_303' title='bbox 1609 1719 1751 1754; x_wconf 84' lang='lat' dir='ltr'>Grimm</span> <span class='ocrx_word' id='word_1_304' title='bbox 1769 1720 1860 1755; x_wconf 83' lang='lat' dir='ltr'>WB.</span> 
     </span>
     <span class='ocr_line' id='line_1_29' title="bbox 229 1771 1825 1818; baseline 0.003 -12"><span class='ocrx_word' id='word_1_305' title='bbox 229 1772 256 1806; x_wconf 93' lang='lat' dir='ltr'>I.</span> <span class='ocrx_word' id='word_1_306' title='bbox 275 1772 342 1807; x_wconf 87' lang='lat' dir='ltr'>col.</span> <span class='ocrx_word' id='word_1_307' title='bbox 361 1773 463 1814; x_wconf 63' lang='lat'>533),</span> <span class='ocrx_word' id='word_1_308' title='bbox 490 1782 573 1805; x_wconf 89' lang='lat' dir='ltr'>cum</span> <span class='ocrx_word' id='word_1_309' title='bbox 598 1771 768 1805; x_wconf 86' lang='lat' dir='ltr'>mammis</span> <span class='ocrx_word' id='word_1_310' title='bbox 793 1771 1026 1813; x_wconf 85' lang='lat' dir='ltr'>feminarum,</span> <span class='ocrx_word' id='word_1_311' title='bbox 1052 1773 1144 1815; x_wconf 81' lang='lat' dir='ltr'>tuni,</span> <span class='ocrx_word' id='word_1_312' title='bbox 1171 1774 1213 1807; x_wconf 88' lang='lat' dir='ltr'>ut</span> <span class='ocrx_word' id='word_1_313' title='bbox 1236 1773 1274 1807; x_wconf 90' lang='lat' dir='ltr'>in</span> <span class='ocrx_word' id='word_1_314' title='bbox 1298 1773 1421 1818; x_wconf 89' lang='lat' dir='ltr'>Priap.</span> <span class='ocrx_word' id='word_1_315' title='bbox 1442 1778 1505 1817; x_wconf 65' lang='lat'>74„</span> <span class='ocrx_word' id='word_1_316' title='bbox 1524 1786 1608 1809; x_wconf 87' lang='lat' dir='ltr'>cum</span> <span class='ocrx_word' id='word_1_317' title='bbox 1633 1777 1825 1811; x_wconf 61' lang='lat' dir='ltr'>testiculis</span> 
     </span>
    </p>

    <p class='ocr_par' dir='ltr' id='par_1_8' title="bbox 141 1827 1859 1930">
     <span class='ocr_line' id='line_1_30' title="bbox 141 1827 1859 1873; baseline 0.003 -11"><span class='ocrx_word' id='word_1_318' title='bbox 141 1833 180 1862; x_wconf 76' lang='grc'><strong>21</strong></span> <span class='ocrx_word' id='word_1_319' title='bbox 207 1829 397 1871; x_wconf 73' lang='lat' dir='ltr'>furialiter</span> <span class='ocrx_word' id='word_1_320' title='bbox 426 1828 568 1871; x_wconf 66' lang='lat' dir='ltr'>avitare]</span> <span class='ocrx_word' id='word_1_321' title='bbox 610 1827 810 1861; x_wconf 79' lang='lat' dir='ltr'>‘furialiter</span> <span class='ocrx_word' id='word_1_322' title='bbox 848 1828 944 1862; x_wconf 80' lang='lat' dir='ltr'>odit&#39;</span> <span class='ocrx_word' id='word_1_323' title='bbox 984 1827 1139 1863; x_wconf 72' lang='lat' dir='ltr'>Lavinia</span> <span class='ocrx_word' id='word_1_324' title='bbox 1169 1840 1226 1873; x_wconf 84' lang='lat' dir='ltr'>ap.</span> <span class='ocrx_word' id='word_1_325' title='bbox 1247 1829 1352 1864; x_wconf 83' lang='lat' dir='ltr'>Ovid.</span> <span class='ocrx_word' id='word_1_326' title='bbox 1376 1830 1458 1865; x_wconf 85' lang='lat' dir='ltr'>fast.</span> <span class='ocrx_word' id='word_1_327' title='bbox 1475 1844 1525 1864; x_wconf 83' lang='lat'>111.</span> <span class='ocrx_word' id='word_1_328' title='bbox 1545 1835 1620 1866; x_wconf 87' lang='grc'><strong>637.</strong></span> <span class='ocrx_word' id='word_1_329' title='bbox 1673 1832 1859 1867; x_wconf 81' lang='lat' dir='ltr'>Maenades</span> 
     </span>
     <span class='ocr_line' id='line_1_31' title="bbox 228 1883 1260 1930; baseline 0.001 -12"><span class='ocrx_word' id='word_1_330' title='bbox 228 1884 430 1928; x_wconf 87' lang='lat' dir='ltr'>Furiasque</span> <span class='ocrx_word' id='word_1_331' title='bbox 455 1884 554 1918; x_wconf 85' lang='lat' dir='ltr'>inter</span> <span class='ocrx_word' id='word_1_332' title='bbox 578 1895 615 1918; x_wconf 90' lang='lat' dir='ltr'>se</span> <span class='ocrx_word' id='word_1_333' title='bbox 642 1883 848 1918; x_wconf 75' lang='lat' dir='ltr'>confudisse</span> <span class='ocrx_word' id='word_1_334' title='bbox 876 1884 1073 1918; x_wconf 79' lang='lat' dir='ltr'>Ortvinum</span> <span class='ocrx_word' id='word_1_335' title='bbox 1098 1884 1260 1930; x_wconf 83' lang='lat' dir='ltr'>fingitur.</span> 
     </span>
    </p>

    <p class='ocr_par' dir='ltr' id='par_1_9' title="bbox 183 1939 1687 1986">
     <span class='ocr_line' id='line_1_32' title="bbox 183 1939 1687 1986; baseline 0.002 -11"><span class='ocrx_word' id='word_1_336' title='bbox 183 1941 353 1975; x_wconf 79' lang='lat' dir='ltr'>clamavit</span> <span class='ocrx_word' id='word_1_337' title='bbox 378 1941 459 1984; x_wconf 79' lang='lat' dir='ltr'>sibi]</span> <span class='ocrx_word' id='word_1_338' title='bbox 486 1942 528 1974; x_wconf 91' lang='lat' dir='ltr'>ut</span> <span class='ocrx_word' id='word_1_339' title='bbox 552 1939 675 1974; x_wconf 83' lang='lat' dir='ltr'>Germ.</span> <span class='ocrx_word' id='word_1_340' title='bbox 695 1941 808 1975; x_wconf 77' lang='lat' dir='ltr'>einem</span> <span class='ocrx_word' id='word_1_341' title='bbox 834 1940 959 1982; x_wconf 71' lang='lat' dir='ltr'>rnfen,</span> <span class='ocrx_word' id='word_1_342' title='bbox 992 1951 1074 1975; x_wconf 88' lang='lat' dir='ltr'>eam</span> <span class='ocrx_word' id='word_1_343' title='bbox 1097 1941 1246 1976; x_wconf 81' lang='lat' dir='ltr'>nomine</span> <span class='ocrx_word' id='word_1_344' title='bbox 1273 1942 1462 1986; x_wconf 85' lang='lat' dir='ltr'>appella-to</span> <span class='ocrx_word' id='word_1_345' title='bbox 1488 1945 1687 1978; x_wconf 85' lang='lat' dir='ltr'>arcessivit.</span> 
     </span>
    </p>

    <p class='ocr_par' dir='ltr' id='par_1_10' title="bbox 138 1995 1856 2097">
     <span class='ocr_line' id='line_1_33' title="bbox 138 1995 1856 2044; baseline 0.002 -12"><span class='ocrx_word' id='word_1_346' title='bbox 138 2001 180 2032; x_wconf 73' lang='lat'>⁵25</span> <span class='ocrx_word' id='word_1_347' title='bbox 204 2009 239 2031; x_wconf 74' lang='lat' dir='ltr'>n.</span> <span class='ocrx_word' id='word_1_348' title='bbox 261 1997 456 2031; x_wconf 62' lang='lat' dir='ltr'>intellescetz</span> <span class='ocrx_word' id='word_1_349' title='bbox 475 1996 605 2040; x_wconf 74' lang='lat' dir='ltr'>donec]</span> <span class='ocrx_word' id='word_1_350' title='bbox 632 1995 747 2030; x_wconf 89' lang='lat' dir='ltr'>filiam</span> <span class='ocrx_word' id='word_1_351' title='bbox 777 2008 852 2040; x_wconf 83' lang='lat' dir='ltr'>prae</span> <span class='ocrx_word' id='word_1_352' title='bbox 885 2007 1009 2031; x_wconf 82' lang='lat' dir='ltr'>amore</span> <span class='ocrx_word' id='word_1_353' title='bbox 1039 1997 1207 2031; x_wconf 86' lang='lat' dir='ltr'>insanam</span> <span class='ocrx_word' id='word_1_354' title='bbox 1240 2008 1317 2032; x_wconf 84' lang='lat' dir='ltr'>esse</span> <span class='ocrx_word' id='word_1_355' title='bbox 1349 2010 1423 2033; x_wconf 92' lang='lat' dir='ltr'>non</span> <span class='ocrx_word' id='word_1_356' title='bbox 1447 1999 1549 2043; x_wconf 86' lang='lat' dir='ltr'>prius</span> <span class='ocrx_word' id='word_1_357' title='bbox 1580 2000 1856 2044; x_wconf 81' lang='lat' dir='ltr'>intellexerunt,</span> 
     </span>
     <span class='ocr_line' id='line_1_34' title="bbox 228 2054 433 2097; baseline 0.005 -11"><span class='ocrx_word' id='word_1_358' title='bbox 228 2063 340 2097; x_wconf 85' lang='lat' dir='ltr'>quam</span> <span class='ocrx_word' id='word_1_359' title='bbox 365 2054 433 2087; x_wconf 83' lang='lat' dir='ltr'>etc.</span> 
     </span>
    </p>

    <p class='ocr_par' dir='ltr' id='par_1_11' title="bbox 138 2108 936 2153">
     <span class='ocr_line' id='line_1_35' title="bbox 138 2108 936 2153; baseline 0.001 -10"><span class='ocrx_word' id='word_1_360' title='bbox 138 2113 180 2143; x_wconf 73' lang='lat'>26</span> <span class='ocrx_word' id='word_1_361' title='bbox 206 2109 296 2153; x_wconf 76' lang='lat' dir='ltr'>eius]</span> <span class='ocrx_word' id='word_1_362' title='bbox 324 2108 542 2143; x_wconf 81' lang='lat' dir='ltr'>Catharmae.</span> <span class='ocrx_word' id='word_1_363' title='bbox 560 2109 697 2144; x_wconf 86' lang='lat' dir='ltr'>rectius</span> <span class='ocrx_word' id='word_1_364' title='bbox 724 2110 936 2153; x_wconf 84' lang='lat' dir='ltr'>‘ipsorum&#39;.</span> 
     </span>
    </p>

    <p class='ocr_par' dir='ltr' id='par_1_12' title="bbox 136 2165 1855 2324">
     <span class='ocr_line' id='line_1_36' title="bbox 136 2165 1853 2214; baseline 0.005 -16"><span class='ocrx_word' id='word_1_365' title='bbox 136 2169 179 2199; x_wconf 78' lang='lat'>‘27</span> <span class='ocrx_word' id='word_1_366' title='bbox 204 2165 356 2208; x_wconf 75' lang='lat' dir='ltr'>crinale]</span> <span class='ocrx_word' id='word_1_367' title='bbox 381 2166 534 2209; x_wconf 82' lang='lat' dir='ltr'>pecten,</span> <span class='ocrx_word' id='word_1_368' title='bbox 561 2176 647 2199; x_wconf 84' lang='lat' dir='ltr'>acus</span> <span class='ocrx_word' id='word_1_369' title='bbox 672 2165 894 2207; x_wconf 83' lang='lat' dir='ltr'>comatoriae‚</span> <span class='ocrx_word' id='word_1_370' title='bbox 912 2166 1058 2208; x_wconf 74' lang='lat' dir='ltr'>Kwnm,</span> <span class='ocrx_word' id='word_1_371' title='bbox 1076 2167 1315 2201; x_wconf 70' lang='lat' dir='ltr'>Haarkatmn.</span> <span class='ocrx_word' id='word_1_372' title='bbox 1349 2167 1543 2213; x_wconf 86' lang='lat' dir='ltr'>Significat</span> <span class='ocrx_word' id='word_1_373' title='bbox 1559 2170 1711 2214; x_wconf 86' lang='lat' dir='ltr'>quidem</span> <span class='ocrx_word' id='word_1_374' title='bbox 1729 2172 1853 2214; x_wconf 89' lang='lat' dir='ltr'>etiam,</span> 
     </span>
     <span class='ocr_line' id='line_1_37' title="bbox 226 2220 1855 2271; baseline 0.006 -18"><span class='ocrx_word' id='word_1_375' title='bbox 226 2222 268 2254; x_wconf 90' lang='lat' dir='ltr'>ut</span> <span class='ocrx_word' id='word_1_376' title='bbox 292 2220 438 2263; x_wconf 86' lang='lat' dir='ltr'>crinile,</span> <span class='ocrx_word' id='word_1_377' title='bbox 464 2221 615 2263; x_wconf 73' lang='lat' dir='ltr'>Hccoeibe,</span> <span class='ocrx_word' id='word_1_378' title='bbox 641 2221 806 2263; x_wconf 75' lang='lat' dir='ltr'>mitram3</span> <span class='ocrx_word' id='word_1_379' title='bbox 833 2221 897 2255; x_wconf 86' lang='lat' dir='ltr'>sed</span> <span class='ocrx_word' id='word_1_380' title='bbox 916 2221 1116 2257; x_wconf 86' lang='lat' dir='ltr'>Catharina</span> <span class='ocrx_word' id='word_1_381' title='bbox 1139 2223 1304 2257; x_wconf 88' lang='lat' dir='ltr'>nondum</span> <span class='ocrx_word' id='word_1_382' title='bbox 1329 2225 1447 2268; x_wconf 86' lang='lat' dir='ltr'>nupta</span> <span class='ocrx_word' id='word_1_383' title='bbox 1470 2225 1551 2260; x_wconf 88' lang='lat' dir='ltr'>fuit.</span> <span class='ocrx_word' id='word_1_384' title='bbox 1602 2226 1774 2271; x_wconf 54' lang='grc' dir='ltr'>ζ(11111116,</span> <span class='ocrx_word' id='word_1_385' title='bbox 1808 2228 1855 2262; x_wconf 84' lang='lat' dir='ltr'>ad</span> 
     </span>
     <span class='ocr_line' id='line_1_38' title="bbox 226 2277 1410 2324; baseline 0.003 -13"><span class='ocrx_word' id='word_1_386' title='bbox 226 2278 366 2311; x_wconf 87' lang='lat' dir='ltr'>crinem</span> <span class='ocrx_word' id='word_1_387' title='bbox 389 2277 591 2321; x_wconf 62' lang='lat' dir='ltr'>pei-tinem,</span> <span class='ocrx_word' id='word_1_388' title='bbox 617 2278 677 2311; x_wconf 79' lang='lat' dir='ltr'>ein</span> <span class='ocrx_word' id='word_1_389' title='bbox 701 2277 929 2311; x_wconf 61' lang='lat' dir='ltr'>hub-orante:</span> <span class='ocrx_word' id='word_1_390' title='bbox 955 2279 1040 2312; x_wconf 75' lang='lat' dir='ltr'>oder</span> <span class='ocrx_word' id='word_1_391' title='bbox 1063 2279 1163 2322; x_wconf 75' lang='lat' dir='ltr'>lcap&#39;.</span> <span class='ocrx_word' id='word_1_392' title='bbox 1196 2278 1353 2314; x_wconf 85' lang='lat' dir='ltr'>Gemma</span> <span class='ocrx_word' id='word_1_393' title='bbox 1376 2292 1410 2324; x_wconf 86' lang='lat' dir='ltr'>g.</span> 
     </span>
    </p>

    <p class='ocr_par' dir='ltr' id='par_1_13' title="bbox 135 2332 360 2377">
     <span class='ocr_line' id='line_1_39' title="bbox 135 2332 360 2377; baseline -0.009 -9"><span class='ocrx_word' id='word_1_394' title='bbox 135 2338 177 2368; x_wconf 79' lang='lat'>29</span> <span class='ocrx_word' id='word_1_395' title='bbox 201 2333 289 2377; x_wconf 84' lang='lat' dir='ltr'>sibi]</span> <span class='ocrx_word' id='word_1_396' title='bbox 316 2332 360 2367; x_wconf 90' lang='lat' dir='ltr'>ei.</span> 
     </span>
    </p>

    <p class='ocr_par' dir='ltr' id='par_1_14' title="bbox 134 2389 1805 2435">
     <span class='ocr_line' id='line_1_40' title="bbox 134 2389 1805 2435; baseline 0.004 -11"><span class='ocrx_word' id='word_1_397' title='bbox 134 2394 175 2425; x_wconf 86' lang='lat'>31</span> <span class='ocrx_word' id='word_1_398' title='bbox 201 2389 416 2433; x_wconf 80' lang='lat' dir='ltr'>Pistorissa]</span> <span class='ocrx_word' id='word_1_399' title='bbox 441 2389 595 2424; x_wconf 90' lang='lat' dir='ltr'>Pistoris</span> <span class='ocrx_word' id='word_1_400' title='bbox 619 2401 712 2424; x_wconf 77' lang='lat' dir='ltr'>uxor</span> <span class='ocrx_word' id='word_1_401' title='bbox 735 2390 811 2424; x_wconf 87' lang='lat' dir='ltr'>sive</span> <span class='ocrx_word' id='word_1_402' title='bbox 838 2391 915 2425; x_wconf 87' lang='lat' dir='ltr'>filia</span> <span class='ocrx_word' id='word_1_403' title='bbox 939 2392 1027 2435; x_wconf 80' lang='lat' dir='ltr'>(non</span> <span class='ocrx_word' id='word_1_404' title='bbox 1054 2391 1249 2435; x_wconf 80' lang='lat' dir='ltr'>‘pistrix⁷),</span> <span class='ocrx_word' id='word_1_405' title='bbox 1275 2393 1318 2426; x_wconf 90' lang='lat' dir='ltr'>ut</span> <span class='ocrx_word' id='word_1_406' title='bbox 1343 2392 1465 2427; x_wconf 88' lang='lat' dir='ltr'>Germ.</span> <span class='ocrx_word' id='word_1_407' title='bbox 1491 2394 1600 2429; x_wconf 72' lang='lat' dir='ltr'>Frau</span> <span class='ocrx_word' id='word_1_408' title='bbox 1616 2395 1805 2431; x_wconf 74' lang='lat' dir='ltr'>Beckerin.</span> 
     </span>
    </p>

    <p class='ocr_par' dir='ltr' id='par_1_15' title="bbox 134 2445 1153 2490">
     <span class='ocr_line' id='line_1_41' title="bbox 134 2445 1153 2490; baseline 0.002 -10"><span class='ocrx_word' id='word_1_409' title='bbox 134 2450 175 2480; x_wconf 88' lang='lat'>33</span> <span class='ocrx_word' id='word_1_410' title='bbox 193 2456 290 2489; x_wconf 72' lang='lat' dir='ltr'>pecc.</span> <span class='ocrx_word' id='word_1_411' title='bbox 310 2445 423 2489; x_wconf 80' lang='lat' dir='ltr'>mort]</span> <span class='ocrx_word' id='word_1_412' title='bbox 449 2445 598 2480; x_wconf 83' lang='lat' dir='ltr'>invidiae</span> <span class='ocrx_word' id='word_1_413' title='bbox 623 2446 754 2490; x_wconf 86' lang='lat' dir='ltr'>procul</span> <span class='ocrx_word' id='word_1_414' title='bbox 780 2446 904 2481; x_wconf 87' lang='lat' dir='ltr'>dubio.</span> <span class='ocrx_word' id='word_1_415' title='bbox 931 2447 973 2481; x_wconf 84' lang='lat' dir='ltr'>cf.</span> <span class='ocrx_word' id='word_1_416' title='bbox 993 2447 1040 2481; x_wconf 85' lang='lat' dir='ltr'>ad</span> <span class='ocrx_word' id='word_1_417' title='bbox 1064 2449 1153 2482; x_wconf 69' lang='lat'>26¹5.</span> 
     </span>
    </p>

    <p class='ocr_par' dir='ltr' id='par_1_16' title="bbox 133 2502 1479 2548">
     <span class='ocr_line' id='line_1_42' title="bbox 133 2502 1479 2548; baseline 0.003 -13"><span class='ocrx_word' id='word_1_418' title='bbox 133 2505 176 2536; x_wconf 83' lang='lat'>34</span> <span class='ocrx_word' id='word_1_419' title='bbox 194 2512 292 2545; x_wconf 73' lang='lat' dir='ltr'>pecc.</span> <span class='ocrx_word' id='word_1_420' title='bbox 309 2528 316 2535; x_wconf 93' lang='lat'>.</span> <span class='ocrx_word' id='word_1_421' title='bbox 337 2528 343 2535; x_wconf 94' lang='lat'>.</span> <span class='ocrx_word' id='word_1_422' title='bbox 360 2502 486 2546; x_wconf 71' lang='lat' dir='ltr'>restit]</span> <span class='ocrx_word' id='word_1_423' title='bbox 513 2513 542 2536; x_wconf 90' lang='lat' dir='ltr'>c.</span> <span class='ocrx_word' id='word_1_424' title='bbox 559 2506 590 2535; x_wconf 82' lang='grc'>4.</span> <span class='ocrx_word' id='word_1_425' title='bbox 608 2502 646 2535; x_wconf 90' lang='lat' dir='ltr'>in</span> <span class='ocrx_word' id='word_1_426' title='bbox 671 2502 752 2536; x_wconf 82' lang='lat' dir='ltr'>VI0.</span> <span class='ocrx_word' id='word_1_427' title='bbox 772 2502 817 2537; x_wconf 86' lang='lat' dir='ltr'>de</span> <span class='ocrx_word' id='word_1_428' title='bbox 843 2503 981 2548; x_wconf 86' lang='lat' dir='ltr'>regulis</span> <span class='ocrx_word' id='word_1_429' title='bbox 1005 2504 1104 2538; x_wconf 86' lang='lat' dir='ltr'>iuris.</span> <span class='ocrx_word' id='word_1_430' title='bbox 1131 2504 1175 2538; x_wconf 87' lang='lat' dir='ltr'>cf.</span> <span class='ocrx_word' id='word_1_431' title='bbox 1191 2504 1306 2538; x_wconf 82' lang='lat' dir='ltr'>Exod.</span> <span class='ocrx_word' id='word_1_432' title='bbox 1323 2518 1408 2539; x_wconf 76' lang='lat' dir='ltr'>xxn.</span> <span class='ocrx_word' id='word_1_433' title='bbox 1429 2510 1479 2540; x_wconf 83' lang='grc'><strong>1-2,</strong></span> 
     </span>
    </p>

    <p class='ocr_par' dir='ltr' id='par_1_17' title="bbox 133 2558 1846 2659">
     <span class='ocr_line' id='line_1_43' title="bbox 133 2558 1846 2605; baseline 0.005 -13"><span class='ocrx_word' id='word_1_434' title='bbox 133 2561 175 2592; x_wconf 85' lang='grc'>36</span> <span class='ocrx_word' id='word_1_435' title='bbox 199 2558 276 2592; x_wconf 82' lang='lat' dir='ltr'>hab.</span> <span class='ocrx_word' id='word_1_436' title='bbox 294 2558 572 2601; x_wconf 64' lang='lat' dir='ltr'>advewtentiam]</span> <span class='ocrx_word' id='word_1_437' title='bbox 598 2558 680 2592; x_wconf 81' lang='lat' dir='ltr'>habt</span> <span class='ocrx_word' id='word_1_438' title='bbox 701 2558 847 2594; x_wconf 84' lang='lat' dir='ltr'>Obacht.</span> <span class='ocrx_word' id='word_1_439' title='bbox 889 2559 1163 2602; x_wconf 81' lang='lat' dir='ltr'>‘Advertentia‚</span> <span class='ocrx_word' id='word_1_440' title='bbox 1191 2561 1412 2604; x_wconf 85' lang='lat' dir='ltr'>observatio,</span> <span class='ocrx_word' id='word_1_441' title='bbox 1437 2563 1537 2605; x_wconf 85' lang='lat' dir='ltr'>nota,</span> <span class='ocrx_word' id='word_1_442' title='bbox 1564 2564 1846 2601; x_wconf 87' lang='lat' dir='ltr'>animadversio.</span> 
     </span>
     <span class='ocr_line' id='line_1_44' title="bbox 223 2613 852 2659; baseline 0.002 -11"><span class='ocrx_word' id='word_1_443' title='bbox 223 2613 373 2648; x_wconf 85' lang='lat' dir='ltr'>Goelen.</span> <span class='ocrx_word' id='word_1_444' title='bbox 390 2613 477 2648; x_wconf 81' lang='lat' dir='ltr'>Lex.</span> <span class='ocrx_word' id='word_1_445' title='bbox 494 2614 636 2658; x_wconf 59' lang='lat' dir='ltr'>philol)</span> <span class='ocrx_word' id='word_1_446' title='bbox 662 2614 852 2659; x_wconf 83' lang='lat' dir='ltr'>Ducange.</span> 
     </span>
    </p>

    <p class='ocr_par' dir='ltr' id='par_1_18' title="bbox 132 2669 1844 2721">
     <span class='ocr_line' id='line_1_45' title="bbox 132 2669 1844 2721; baseline 0.005 -18"><span class='ocrx_word' id='word_1_447' title='bbox 132 2674 174 2704; x_wconf 88' lang='grc'>39</span> <span class='ocrx_word' id='word_1_448' title='bbox 193 2670 381 2713; x_wconf 77' lang='lat' dir='ltr'>processit]</span> <span class='ocrx_word' id='word_1_449' title='bbox 406 2669 429 2704; x_wconf 89' lang='lat' dir='ltr'>i.</span> <span class='ocrx_word' id='word_1_450' title='bbox 449 2681 478 2703; x_wconf 85' lang='lat' dir='ltr'>e.</span> <span class='ocrx_word' id='word_1_451' title='bbox 497 2669 617 2704; x_wconf 85' lang='lat' dir='ltr'>officio</span> <span class='ocrx_word' id='word_1_452' title='bbox 649 2681 714 2704; x_wconf 90' lang='lat' dir='ltr'>suo</span> <span class='ocrx_word' id='word_1_453' title='bbox 746 2672 851 2704; x_wconf 78' lang='lat' dir='ltr'>extra</span> <span class='ocrx_word' id='word_1_454' title='bbox 875 2670 1037 2714; x_wconf 81' lang='lat' dir='ltr'>Lipsiam</span> <span class='ocrx_word' id='word_1_455' title='bbox 1068 2672 1220 2706; x_wconf 79' lang='lat' dir='ltr'>vocatus</span> <span class='ocrx_word' id='word_1_456' title='bbox 1250 2672 1368 2707; x_wconf 88' lang='lat' dir='ltr'>infimi</span> <span class='ocrx_word' id='word_1_457' title='bbox 1399 2674 1615 2718; x_wconf 84' lang='lat' dir='ltr'>sacerdotis,</span> <span class='ocrx_word' id='word_1_458' title='bbox 1648 2677 1844 2721; x_wconf 88' lang='lat' dir='ltr'>capellani,</span> 
     </span>
    </p>
   </div>
   <div class='ocr_carea' id='block_1_3' title="bbox 130 2725 1844 3057">
    <p class='ocr_par' dir='ltr' id='par_1_19' title="bbox 220 2725 553 2769">
     <span class='ocr_line' id='line_1_46' title="bbox 220 2725 553 2769; baseline 0 -10"><span class='ocrx_word' id='word_1_459' title='bbox 220 2725 301 2759; x_wconf 86' lang='lat' dir='ltr'>loco</span> <span class='ocrx_word' id='word_1_460' title='bbox 328 2736 404 2759; x_wconf 89' lang='lat' dir='ltr'>esse</span> <span class='ocrx_word' id='word_1_461' title='bbox 431 2726 553 2769; x_wconf 85' lang='lat' dir='ltr'>coepit.</span> 
     </span>
    </p>

    <p class='ocr_par' dir='ltr' id='par_1_20' title="bbox 130 2783 297 2825">
     <span class='ocr_line' id='line_1_47' title="bbox 130 2783 297 2825; baseline 0 -10"><span class='ocrx_word' id='word_1_462' title='bbox 130 2784 217 2825; x_wconf 85' lang='lat' dir='ltr'>Pag.</span> <span class='ocrx_word' id='word_1_463' title='bbox 233 2783 297 2820; x_wconf 85' lang='lat'>53.</span> 
     </span>
    </p>

    <p class='ocr_par' dir='ltr' id='par_1_21' title="bbox 132 2837 1844 3057">
     <span class='ocr_line' id='line_1_48' title="bbox 132 2837 1844 2890; baseline 0.006 -20"><span class='ocrx_word' id='word_1_464' title='bbox 132 2842 148 2871; x_wconf 92' lang='lat'>1</span> <span class='ocrx_word' id='word_1_465' title='bbox 169 2838 372 2882; x_wconf 76' lang='lat' dir='ltr'>primitias]</span> <span class='ocrx_word' id='word_1_466' title='bbox 399 2837 593 2872; x_wconf 84' lang='lat' dir='ltr'>Catholic.:</span> <span class='ocrx_word' id='word_1_467' title='bbox 618 2837 822 2884; x_wconf 75' lang='lat' dir='ltr'>„Primicie</span> <span class='ocrx_word' id='word_1_468' title='bbox 848 2849 869 2873; x_wconf 87' lang='lat' dir='ltr'>a</span> <span class='ocrx_word' id='word_1_469' title='bbox 884 2839 1025 2883; x_wconf 87' lang='lat' dir='ltr'>primus</span> <span class='ocrx_word' id='word_1_470' title='bbox 1051 2839 1186 2874; x_wconf 83' lang='lat' dir='ltr'>dicitur</span> <span class='ocrx_word' id='word_1_471' title='bbox 1201 2841 1248 2887; x_wconf 68' lang='lat' dir='ltr'>he</span> <span class='ocrx_word' id='word_1_472' title='bbox 1266 2841 1446 2888; x_wconf 73' lang='lat' dir='ltr'>primicie,</span> <span class='ocrx_word' id='word_1_473' title='bbox 1473 2853 1588 2886; x_wconf 86' lang='lat' dir='ltr'>arum,</span> <span class='ocrx_word' id='word_1_474' title='bbox 1616 2845 1653 2879; x_wconf 92' lang='lat' dir='ltr'>et</span> <span class='ocrx_word' id='word_1_475' title='bbox 1669 2846 1755 2879; x_wconf 90' lang='lat' dir='ltr'>sunt</span> <span class='ocrx_word' id='word_1_476' title='bbox 1770 2846 1844 2890; x_wconf 88' lang='lat' dir='ltr'>pri-</span> 
     </span>
     <span class='ocr_line' id='line_1_49' title="bbox 219 2893 1843 2946; baseline 0.006 -20"><span class='ocrx_word' id='word_1_477' title='bbox 219 2893 329 2939; x_wconf 71' lang='lat' dir='ltr'>micie</span> <span class='ocrx_word' id='word_1_478' title='bbox 353 2893 503 2937; x_wconf 87' lang='lat' dir='ltr'>proprie</span> <span class='ocrx_word' id='word_1_479' title='bbox 529 2904 573 2928; x_wconf 82' lang='lat' dir='ltr'>ex</span> <span class='ocrx_word' id='word_1_480' title='bbox 603 2893 784 2928; x_wconf 87' lang='lat' dir='ltr'>fructibus</span> <span class='ocrx_word' id='word_1_481' title='bbox 809 2894 907 2928; x_wconf 88' lang='lat' dir='ltr'>unde</span> <span class='ocrx_word' id='word_1_482' title='bbox 933 2895 1021 2929; x_wconf 89' lang='lat' dir='ltr'>dum</span> <span class='ocrx_word' id='word_1_483' title='bbox 1053 2895 1195 2940; x_wconf 87' lang='lat' dir='ltr'>aliquos</span> <span class='ocrx_word' id='word_1_484' title='bbox 1219 2897 1359 2932; x_wconf 83' lang='lat' dir='ltr'>fructus</span> <span class='ocrx_word' id='word_1_485' title='bbox 1384 2898 1430 2933; x_wconf 87' lang='lat' dir='ltr'>de</span> <span class='ocrx_word' id='word_1_486' title='bbox 1455 2910 1566 2943; x_wconf 83' lang='lat' dir='ltr'>opere</span> <span class='ocrx_word' id='word_1_487' title='bbox 1592 2901 1716 2935; x_wconf 82' lang='lat' dir='ltr'>nostro</span> <span class='ocrx_word' id='word_1_488' title='bbox 1741 2903 1843 2946; x_wconf 88' lang='lat' dir='ltr'>prius</span> 
     </span>
     <span class='ocr_line' id='line_1_50' title="bbox 220 2948 1843 3002; baseline 0.006 -20"><span class='ocrx_word' id='word_1_489' title='bbox 220 2948 396 2993; x_wconf 86' lang='lat' dir='ltr'>capimus,</span> <span class='ocrx_word' id='word_1_490' title='bbox 421 2948 604 2993; x_wconf 85' lang='lat' dir='ltr'>primitias</span> <span class='ocrx_word' id='word_1_491' title='bbox 627 2950 860 2984; x_wconf 88' lang='lat' dir='ltr'>nominamus</span> <span class='ocrx_word' id='word_1_492' title='bbox 884 2950 1087 2985; x_wconf 88' lang='lat' dir='ltr'>secundum</span> <span class='ocrx_word' id='word_1_493' title='bbox 1103 2951 1269 2997; x_wconf 85' lang='lat' dir='ltr'>Papiam.</span> <span class='ocrx_word' id='word_1_494' title='bbox 1286 2953 1453 2999; x_wconf 86' lang='lat' dir='ltr'>Hugutio</span> <span class='ocrx_word' id='word_1_495' title='bbox 1478 2956 1603 2990; x_wconf 85' lang='lat' dir='ltr'>autem</span> <span class='ocrx_word' id='word_1_496' title='bbox 1629 2956 1719 2991; x_wconf 83' lang='lat' dir='ltr'>dicit</span> <span class='ocrx_word' id='word_1_497' title='bbox 1742 2958 1843 3002; x_wconf 86' lang='lat' dir='ltr'>quod</span> 
     </span>
     <span class='ocr_line' id='line_1_51' title="bbox 218 3004 1840 3057; baseline 0.007 -19"><span class='ocrx_word' id='word_1_498' title='bbox 218 3004 382 3052; x_wconf 72' lang='lat' dir='ltr'>primitie</span> <span class='ocrx_word' id='word_1_499' title='bbox 412 3005 560 3050; x_wconf 88' lang='lat' dir='ltr'>proprie</span> <span class='ocrx_word' id='word_1_500' title='bbox 591 3007 678 3040; x_wconf 89' lang='lat' dir='ltr'>sunt</span> <span class='ocrx_word' id='word_1_501' title='bbox 707 3017 788 3051; x_wconf 84' lang='lat' dir='ltr'>quae</span> <span class='ocrx_word' id='word_1_502' title='bbox 818 3007 938 3051; x_wconf 87' lang='lat' dir='ltr'>primo</span> <span class='ocrx_word' id='word_1_503' title='bbox 970 3006 1016 3042; x_wconf 84' lang='lat' dir='ltr'>de</span> <span class='ocrx_word' id='word_1_504' title='bbox 1046 3007 1227 3043; x_wconf 89' lang='lat' dir='ltr'>fructibus</span> <span class='ocrx_word' id='word_1_505' title='bbox 1255 3009 1529 3055; x_wconf 86' lang='lat' dir='ltr'>percipiuntur,</span> <span class='ocrx_word' id='word_1_506' title='bbox 1566 3012 1627 3046; x_wconf 86' lang='lat' dir='ltr'>vel</span> <span class='ocrx_word' id='word_1_507' title='bbox 1657 3025 1738 3057; x_wconf 86' lang='lat' dir='ltr'>quae</span> <span class='ocrx_word' id='word_1_508' title='bbox 1771 3013 1840 3051; x_wconf 86' lang='lat' dir='ltr'>deo</span> 
     </span>
    </p>
   </div>
  </div>
 </body>
</html>
