2119 3522
232 239 303 262 131‘1‘.
318 238 342 262 2.
357 238 383 263 3.
412 241 582 264 IOHANNES
600 242 710 265 GRAPP
727 242 884 266 onrvmo.
903 252 947 256 -—
963 243 1156 266 STEPHANVS
1173 243 1434 267 ROMEDELANTIS
1451 244 1609 268 onrvmo.
1715 226 1809 272 655

98 296 183 339 Pag.
203 297 291 332 189.
1172 303 1258 344 Pag.
1275 304 1348 335 187.
1368 314 1397 335 v.
1411 294 1443 335 30
1461 328 1468 335 .
1483 328 1490 335 .
1506 328 1513 335 .
1531 303 1616 345 Pag.
1632 304 1705 336 189.
1724 314 1753 335 v.
1767 310 1809 335 24.

310 384 544 420 EPISTOLA
571 388 609 424 3.
651 386 936 422 STEPHANVS
961 388 1339 423 ROMEDELANTIS
1367 389 1597 425 ORTVINO.

99 465 139 496 12
163 461 342 507 Magister
366 463 582 498 Parisiensis
598 464 878 500 Romedelantis
903 478 976 501 non
1003 468 1058 501 est
1080 468 1194 511 poeta
1210 468 1361 503 Meister
1377 469 1584 504 anelcmt.
1609 469 1703 503 illud
1720 481 1808 513 quo-

186 529 257 562 que
282 530 417 553 nomen
443 520 547 563 quasi
572 520 737 554 exsulem
762 521 968 566 significare
994 524 1096 567 puto,
1122 523 1245 558 Reium
1271 525 1338 559 clas
1362 525 1484 559 Laud.

97 577 138 608 16
164 574 283 609 Thom.
296 575 466 619 Murner]
484 575 526 608 In
543 574 718 610 Murnaro
736 576 940 612 Leviathan
957 589 1042 623 pag.
1057 579 1097 612 B.
1115 579 1193 614 haec
1211 579 1302 614 dicit
1318 580 1529 615 Murnerus:
1557 580 1810 626 „Profligatus

185 630 311 673 itaque
337 641 359 664 a
382 629 581 675 Friburgo,
612 633 775 666 concessi
800 632 1009 676 Treuerim,
1042 636 1080 669 et
1104 636 1184 668 tuni
1208 647 1267 670 me
1299 636 1412 680 coepit
1441 637 1630 672 stimulare
1655 637 1806 679 invidia,

184 686 452 730 pruriebatque
483 686 628 732 lingua,
660 688 702 721 ut
727 689 765 722 et
794 688 846 722 ibi
871 689 1023 732 aliquod
1047 691 1226 725 struerem
1258 692 1482 727 incendium.
1528 692 1724 727 Auxerunt
1748 703 1809 726 au-

186 741 330 776 daciam
354 741 435 776 istic
460 742 619 787 insignia
644 744 681 777 et
704 744 825 787 pileus
849 746 1030 788 receptus.
1078 745 1167 780 Ilico
1193 747 1337 781 ostendi
1362 748 1481 791 qualis
1506 759 1624 790 eram,
1657 749 1696 782 et
1719 748 1808 792 quid

185 797 309 831 nescio
327 798 560 832 machinatus
583 799 717 833 fuerim
742 799 780 832 in
806 800 948 843 spurios
966 801 1004 834 et
1026 801 1064 834 in
1083 801 1284 836 Canonicos
1301 802 1560 846 Treuerenses,
1586 804 1703 838 iussus
1729 816 1808 838 sum

185 853 286 887 abire
311 853 475 895 tandem,
502 855 614 898 atque
639 854 678 887 id
703 854 889 897 citissime,
914 856 954 889 ni
977 856 1079 902 Mose
1106 857 1141 901 [i.
1160 868 1189 892 e.
1209 857 1386 902 Mosellae]
1413 869 1560 893 amnem
1585 860 1698 894 velim
1723 871 1808 904 epo-

183 909 275 943 tare.
300 909 344 942 cf.
362 909 441 943 Ind.
459 909 576 954 biogr.
594 922 629 954 p.
647 914 723 944 424.
742 912 809 945 art.
827 911 990 946 Murner.

96 969 136 1000 17
161 965 412 1009 superioristcc]
442 965 687 1008 Oberloender,
718 968 760 1000 ut
782 966 967 1011 hodieque
992 968 1030 1001 in
1061 968 1170 1002 terris
1195 969 1382 1004 Rhenanis
1407 970 1497 1004 fines
1528 970 1626 1004 inter
1650 971 1808 1014 primam

182 1021 456 1065 secundamque
487 1021 726 1056 Germaniam
756 1022 794 1056 in
826 1023 1037 1057 nominibus
1063 1025 1130 1059 das
1158 1025 1269 1059 Ober-
1300 1026 1381 1060 und
1405 1027 1473 1060 <las
1495 1026 1727 1060 Nc'ederland
1752 1038 1808 1059 su-

182 1077 345 1121 persunt.
370 1077 412 1111 In
429 1076 577 1112 Defens.
594 1077 725 1122 Peper.
744 1090 778 1122 p.
798 1083 860 1114 107
870 1080 908 1103 ²⁹·
928 1079 1231 1122 „Theutonicum
1257 1081 1371 1125 ipsius
1398 1081 1619 1126 [Reuchlini]
1645 1082 1808 1126 superio-

182 1133 348 1167 risticum
358 1136 391 1170 “,

131 1190 399 1233 praesupponit]
424 1190 469 1224 cf.
487 1190 534 1224 ad
559 1192 647 1224 2422.
673 1191 767 1224 infra
795 1193 1224 1238 19031.111105111111011115111
1240 1210 1284 1221 =
1301 1194 1599 1237 pne-sumendum
1625 1195 1690 1228 est.

95 1248 135 1279 18
161 1246 299 1289 cartas]
332 1245 495 1288 Kcorten,
527 1246 767 1289 Spiellcarten.
817 1246 945 1282 Sermo
979 1249 1034 1282 est
1065 1248 1110 1283 de
1147 1249 1275 1283 libello
1310 1249 1487 1294 inscripto
1521 1249 1808 1284 ‘Chartiludium

181 1301 319 1346 logice'
347 1302 416 1335 etc.
435 1301 498 1345 qui
515 1302 676 1346 primum
696 1302 881 1337 Cracoviae
900 1314 930 1337 a.
951 1308 1046 1339 1507.
1067 1304 1215 1348 prodiit.
1240 1305 1285 1340 de
1305 1316 1347 1339 eo
1365 1305 1449 1339 vide
1467 1316 1578 1349 supra
1594 1305 1672 1339 Ind.
1690 1306 1807 1350 biogr.

180 1369 215 1401 p.
232 1361 308 1391 423.
327 1358 395 1391 art.
412 1356 573 1395 Murner,
592 1359 667 1392 not.
686 1363 715 1392 2.

93 1417 133 1448 19
157 1414 451 1458 qrammaticam]
482 1413 684 1458 Perperam
718 1415 927 1450 ‘Instituta’
963 1417 1050 1460 (pro
1087 1418 1426 1461 ‘grammaticam’)
1460 1419 1516 1452 est
1544 1418 1581 1451 in
1619 1418 1740 1452 adnot.
1762 1418 1808 1452 ad

180 1469 356 1503 Waldaui
385 1470 633 1505 Nachrichten
663 1481 733 1505 ron
763 1471 937 1506 Mamers
963 1472 1084 1507 Leben
1109 1476 1170 1507 etc.
1194 1473 1236 1507 in
1267 1473 1456 1508 Sclzee'ble's
1484 1474 1632 1507 Kloster
1655 1474 1728 1507 Ba.
1746 1473 1808 1507 IV.

179 1537 215 1570 p.
235 1529 310 1560 515.
328 1537 414 1560 nam
448 1525 695 1561 ‘Chartiludifi
733 1527 904 1562 Institute
942 1527 1097 1563 sumarie
1131 1528 1280 1563 doctore
1314 1529 1456 1563 Thoma
1491 1529 1643 1563 Murner
1671 1540 1808 1563 memo-

179 1581 284 1615 rante
311 1582 349 1615 et
372 1581 558 1616 ludente.
578 1610 584 1616 .
608 1583 814 1628 Argentine
840 1595 908 1627 per
931 1584 1012 1618 Joh.
1029 1584 1122 1618 Priis
1147 1584 1325 1629 Impensis
1351 1596 1392 1619 ac
1424 1585 1628 1629 sumptibus
1647 1613 1652 1618 .
1673 1612 1680 1619 .
1704 1585 1808 1619 Ioan-

180 1637 235 1671 nis
259 1637 477 1672 Knoblaucli
502 1639 609 1673 Anno
640 1641 838 1674 m.1).xv111.⁷
863 1644 909 1674 4⁰.
935 1641 986 1684 (c.
1005 1640 1092 1685 figg.
1115 1641 1218 1685 ligno
1249 1641 1356 1685 inec.)
1388 1640 1538 1685 prodiit.
1579 1641 1642 1684 (cf.
1667 1640 1809 1675 Panzer

180 1694 274 1728 Ann.
292 1693 354 1728 VI.
371 1697 430 1737 87,
449 1704 508 1729 504.
556 1695 651 1730 Vide
678 1695 723 1730 de
757 1695 853 1730 libro
886 1695 1072 1741 Stintzing
1099 1696 1222 1732 Gesch.
1241 1697 1275 1731 d.
1294 1698 1422 1740 popul.
1440 1697 1516 1731 Lz't.
1535 1697 1596 1731 cles
1619 1700 1706 1732 ro'm.
1725 1697 1808 1731 Itan.

178 1750 224 1784 R.
242 1762 275 1794 p.
294 1752 501 1794 465...467.)
539 1750 611 1785 Sed
643 1762 773 1785 aversa
803 1752 915 1796 primi
946 1752 1026 1787 folii
1050 1764 1135 1797 pag.
1152 1753 1268 1787 habet
1292 1753 1506 1795 „Intimatio
1534 1758 1630 1788 1515.
1647 1753 1746 1788 facta
1770 1753 1807 1786 in

178 1806 429 1840 Uniuersitate
455 1806 690 1841 Treuerensi‘
706 1808 743 1841 in
770 1807 829 1842 die
855 1808 1065 1843 S.And1·eae
1091 1809 1303 1853 Apostoli“.
1345 1809 1516 1843 Treveris
1547 1809 1674 1852 itaque
1707 1820 1807 1842 suam.

178 1862 388 1897 Institutam
413 1864 514 1906 (nam
538 1863 588 1897 sic
613 1864 774 1898 voluisse
793 1864 957 1907 videtur)
983 1865 1109 1898 docuit
1126 1864 1336 1899 Murnerus.

90 1923 132 1954 20
155 1919 262 1963 scaci]
290 1917 450 1961 „Scacco
475 1919 527 1961 it„
551 1930 617 1963 sp„
636 1930 698 1964 pq.
724 1931 856 1964 xaque‚
878 1931 937 1963 pr.
957 1931 1077 1962 escae,
1104 1921 1150 1963 fr.
1170 1920 1280 1955 e‘chee
1305 1922 1541 1966 schachftyur,
1565 1921 1805 1964 schachspieh·

177 1986 255 2009 ‘vom
282 1985 378 2017 pers.
396 1975 530 2009 sebach
554 1976 701 2020 Ko'm'y,
733 1977 788 2010 als
817 1977 1029 2021 hctchtfiyur
1053 2004 1059 2010 .
1080 2005 1085 2010 .
1105 1979 1144 2010 .“
1168 1976 1257 2011 Diez
1282 1977 1372 2010 WB.
1421 1977 1528 2012 Anno
1554 1980 1650 2011 1511.
1667 1976 1807 2020 prodiit

178 2030 298 2064 Ffurti
311 2031 372 2073 (ad
386 2030 450 2075 M.)
466 2031 608 2065 ‘Ludus
625 2032 791 2075 stadem—j
810 2032 1143 2077 Fre'buryenfimn’,
1161 2032 1225 2076 qui
1244 2033 1340 2067 liber
1360 2034 1506 2067 constat
1521 2037 1561 2067 1ss
1575 2032 1672 2066 foliis
1688 2032 1727 2065 in
1740 2036 1806 2074 4⁰.;

178 2086 240 2121 fol.
258 2088 304 2121 31).
323 2087 437 2121 habet
462 2087 619 2132 figuram
643 2098 773 2121 manus
798 2088 963 2131 sinistrae,
990 2089 1092 2122 cuius
1110 2088 1311 2133 digitorum
1330 2089 1475 2123 articuli
1500 2088 1654 2134 singulis
1670 2088 1805 2122 litteris

178 2142 315 2187 signati
340 2143 440 2185 sunt,
467 2143 525 2176 {b
544 2155 579 2185 c,
606 2154 624 2177 e
642 2156 667 2188 g
683 2143 753 2185 fd,
779 2156 791 2177 1
808 2156 832 2177 u
849 2144 932 2187 ml,
952 2155 972 2178 o
990 2156 1007 2177 1·
1024 2156 1047 2188 q
1064 2156 1105 2188 p,
1125 2156 1146 2178 v
1174 2158 1202 2179 <s
1232 2145 1249 2178 t
1272 2146 1301 2186 [ς
1333 2144 1394 2179 fol.
1413 2146 1463 2179 5b.
1482 2145 1537 2179 est
1562 2148 1690 2181 ‘Statua
1714 2145 1804 2188 fimi-

178 2202 261 2235 tutis
293 2200 531 2242 [1)lluburum’,
563 2199 937 2243 fol.7³.‘<ssremp1ati5
966 2205 1037 2236 ιιῑεα
1069 2203 1268 2236 lubentium.
1290 2200 1352 2234 fol.
1373 2204 1438 2234 16³.
1466 2202 1620 2243 „inatus
1653 2203 1805 2244 {mutnet

178 2255 405 2298 &ruentium⁷
440 2257 443 2299 Ι
477 2254 683 2298 ἕτιῖεμὴοοῠίε
712 2259 919 2300 imprimant
948 2258 952 2300 i
980 2257 1087 2299 §kann
1109 2254 1167 2293 ῑπῆἰ
1194 2260 1277 2290 1511
1307 2257 1311 2299 1
1344 2256 1541 2300 Repetitus
1573 2257 1629 2290 est
1656 2255 1805 2290 libellus

178 2323 273 2346 anno
304 2316 397 2345 1512.
421 2315 467 2345 4⁰.
496 2313 534 2345 et
557 2324 583 2345 s.
603 2323 633 2345 a.
659 2312 742 2346 etl.
769 2312 909 2356 prodiit
947 2312 1119 2346 ‘Scaccus
1155 2312 1360 2346 infallibilis
1397 2313 1617 2356 quantitatis
1647 2312 1803 2356 syllaba—

177 2369 290 2401 rum'.
318 2367 393 2401 fobu

126 2424 313 2467 pretendit
340 2455 345 2460 .
365 2452 371 2457 .
392 2452 398 2457 .
423 2425 529 2467 Icelum]
572 2424 764 2458 Hebraicis
793 2424 929 2458 litteris
953 2425 1015 2459 vix
1039 2424 1225 2459 imbutum
1257 2424 1367 2458 fuisse
1392 2423 1608 2458 Murnerum
1632 2423 1803 2458 traditur.

177 2479 241 2514 sed
267 2479 386 2514 edidit
408 2479 641 2514 Francofurti
667 2492 698 2514 a.
718 2485 813 2515 1512.
849 2480 973 2514 ‘Ritus
999 2482 1037 2515 et
1063 2481 1265 2515 celebratio
1289 2480 1404 2524 phase
1429 2479 1568 2514 iudeor.
1589 2508 1595 2514 .
1615 2508 1621 2514 .
1641 2507 1648 2514 .
1673 2490 1718 2513 ex
1741 2480 1803 2513 he-

177 2535 266 2570 breo
296 2535 333 2568 in
363 2536 482 2569 latinu
510 2536 683 2569 traducta
714 2536 919 2579 eloquium'
948 2538 1010 2579 (16
1036 2536 1113 2570 foll.
1131 2537 1169 2570 in
1193 2538 1274 2580 4⁰.)‚
1302 2535 1534 2570 ‘Benedicite
1559 2534 1698 2569 iudeor.
1717 2536 1802 2569 ante

179 2592 216 2625 et
239 2592 324 2635 post
348 2591 489 2625 cibum'
516 2595 581 2634 40.;
607 2591 683 2625 Der
707 2591 820 2625 iuden
838 2592 1051 2626 benedicite
1070 2620 1076 2626 .
1096 2619 1103 2626 .
1123 2620 1129 2626 .
1148 2592 1223 2626 vnd
1239 2592 1309 2626 wie
1327 2593 1365 2635 sy
1389 2591 1492 2625 ieren
1510 2590 1649 2625 dodten
1672 2591 1803 2635 begra-

177 2647 260 2685 ben,
287 2646 396 2681 Gedr.
416 2674 422 2680 .
442 2674 448 2680 .
466 2646 738 2681 Franckenfurt
762 2647 878 2681 durch
903 2647 993 2682 Batt
1015 2647 1196 2682 Murner’.
1222 2651 1243 2681 4
1259 2647 1336 2682 foll.
1354 2651 1400 2681 4⁰.

87 2707 129 2737 21
155 2713 317 2747 comp...
336 2703 552 2746 Teutonico]
580 2702 654 2737 Dee
678 2702 982 2746 Schelmewmuvnfft
1013 2703 1088 2737 iam
1119 2703 1341 2747 quinquiens
1370 2703 1577 2748 prodierat,
1610 2714 1694 2737 cum
1724 2702 1802 2736 haec

178 2770 235 2803 ep.
254 2759 487 2793 scriberetur.
518 2758 602 2796 Vid,
621 2758 680 2792 cit.
699 2759 767 2793 art.
785 2758 936 2792 Murner
961 2758 1040 2792 Ind.
1058 2759 1175 2804 biogr.
1194 2771 1228 2803 p.
1248 2763 1324 2793 424.
1342 2760 1416 2793 not.
1435 2763 1465 2793 6.

87 2818 130 2849 22
154 2815 196 2849 in
221 2825 314 2849 oum.
332 2840 339 2848 .
358 2841 365 2848 .
383 2814 483 2858 aliq]
509 2814 716 2848 Insolenter
738 2814 890 2859 gloriari
914 2813 1130 2849 Murnerum
1154 2815 1263 2849 multi
1287 2815 1447 2859 aequales
1470 2816 1666 2850 testantur.

87 2874 130 2904 24
155 2871 258 2904 amic.
274 2870 334 2914 R]
361 2870 448 2912 Quae
475 2870 639 2904 amicitia
661 2870 724 2904 vix
747 2870 865 2904 maior
889 2870 1011 2913 fuerit,
1038 2881 1151 2914 quam
1175 2871 1342 2905 simultas
1362 2870 1690 2906 Franciscanorum
1715 2882 1799 2905 cum

177 2926 437 2961 Dominicanis.
462 2937 584 2970 neque
608 2926 706 2960 inter
729 2925 926 2960 Reuchlini
951 2926 1162 2961 defensores
1188 2926 1307 2972 (Hutt.
1326 2926 1422 2971 Opp.
1440 2927 1467 2961 Ι.
1484 2939 1519 2971 p.
1540 2931 1613 2961 130.
1631 2928 1700 2971 sq.)
1725 2937 1800 2961 me-

179 2983 343 3016 moratur
365 2981 570 3016 Murnerus.

133 3038 336 3081 confundat
362 3039 452 3083 eum]
480 3038 698 3073 Germanice
724 3039 894 3073 usitatius
918 3038 987 3073 Jml’
1014 3039 1073 3073 e'lm
1101 3039 1166 3073 der
1191 3042 1250 3074 etc.
