2119 3522
604 188 883 212 CANTIPRATANVS
907 203 915 212 .
930 204 937 212 .
951 203 959 211 .
986 189 1111 212 CAROLI
1136 190 1320 212 EPISTOLAE.
1726 173 1820 218 339

106 302 224 339 modo
256 315 338 339 non
369 303 558 350 mundas,
599 304 671 341 sed
710 305 830 343 etiam
869 304 918 343 ab
957 306 1065 342 omni
1095 306 1298 344 latinitate
1330 306 1626 345 descendentes
1658 304 1827 357 [abhor-

106 355 278 408 rentes].
347 357 381 397 O
421 365 519 410 quot
556 360 710 397 futuros
753 361 834 398 scio
871 361 939 411 qui
981 361 1278 400 macerantibus
1319 363 1469 413 linguis
1509 376 1572 401 me
1612 364 1827 402 inhoneste

105 413 368 461 lacerabunt,
430 416 700 453 vociferantes
762 417 879 467 ‘quid
926 418 1083 455 conaris
1124 418 1421 469 floccipendere
1463 419 1667 457 hominem
1716 420 1828 458 cuius

105 471 281 520 vestigia
327 472 442 521 sequi
488 485 569 509 non
617 485 657 509 cs
705 472 903 522 dignus?'
963 473 1114 511 Fateor
1159 475 1283 512 multo
1328 489 1390 512 me
1439 475 1658 514 doctiorem
1703 477 1827 514 fuisse

108 522 283 575 [scilicet
313 525 542 577 Oar01um]‚
582 528 654 565 sed
691 528 900 578 ingenium
939 543 1054 567 suum
1092 543 1175 567 non
1213 531 1384 568 contulit
1420 531 1471 569 ad
1507 532 1601 578 hoc,
1641 538 1685 569 ut
1720 533 1827 570 lectu

107 581 273 632 dignum
304 584 474 633 posteris
506 583 755 634 relinqueret
785 585 963 635 aliquid,
996 585 1068 623 sed
1099 586 1368 624 iactabundus
1406 587 1549 625 effudit
1580 601 1628 626 ea
1658 601 1746 638 quae
1777 588 1826 625 ab

106 639 214 675 omni
253 639 496 689 antiquitate
534 639 795 677 abhorrentia
833 647 982 678 sonant
1012 642 1147 678 nescio
1188 643 1286 692 quid
1321 642 1538 680 barbarum
1569 649 1608 681 et
1638 644 1826 682 rancidu-

104 693 235 732 lum“.
295 692 422 732 Tum³
455 695 614 733 ‘contra
642 696 832 745 epistolas
857 695 1009 733 Caroli’
1042 710 1229 747 pugnans
1260 699 1420 748 incipit:
1454 700 1698 750 „Scripturo
1730 701 1827 737 mihi

104 756 243 787 contra
277 751 452 801 ineptias
493 752 754 801 epistolarum
785 752 994 789 cuiusdam
1027 751 1180 799 Caroli,
1220 759 1263 790 ut
1302 767 1352 792 ex
1391 755 1477 792 61113
1517 756 1676 806 scriptis
1708 757 1827 794 facile

102 806 230 856 liquet
251 806 482 856 Burgundi,
516 813 600 844 tota
631 806 850 844 Germania
880 807 922 844 in
953 821 1015 845 me
1049 809 1294 846 eiiciendum
1326 816 1365 847 et
1396 811 1699 860 explodendum
1734 826 1824 850 con-

103 861 290 912 spirabit,
325 862 427 900 adeo
459 875 572 900 sacer
603 868 643 900 61
674 862 823 900 celebri
854 864 1018 900 nomine
1051 870 1110 901 est
1141 864 1249 914 apud
1272 878 1362 912 nos,
1396 871 1441 902 111
1462 867 1718 917 praeripuisse
1740 869 1824 918 pal-

102 931 207 955 mam
237 917 420 956 omnibus
452 919 520 969 qui
551 918 681 958 modo,
702 920 744 955 in
776 919 1081 957 conscribendis
1114 921 1294 970 epistolis
1323 935 1487 971 operam
1507 922 1710 969 locarunt,
1746 925 1825 961 exi-

102 975 304 1021 stimetur,
339 987 413 1012 nec
445 975 659 1025 quisquam
691 975 880 1025 epistolas
911 988 954 1013 se
977 976 1254 1013 confecturum
1275 983 1429 1027 sperat,
1462 978 1540 1015 nisi
1563 979 1648 1016 61113
1670 980 1825 1029 6011111111

102 1029 337 1070 habuerit“.
397 1031 461 1069 De
492 1032 576 1068 vita
600 1030 735 1068 Caroli
766 1045 817 1069 ex
846 1029 1106 1083 Foppensio⁴
1137 1033 1355 1083 repetimus
1386 1033 1491 1071 haec:
1529 1033 1734 1081 „Carolus
1756 1036 1825 1073 Vi-

103 1086 224 1125 rulus.
293 1087 421 1136 Quasi
454 1089 753 1124 Homzmcionem
792 1088 921 1134 dicas,
972 1088 1094 1138 vulgo
1125 1090 1365 1136 Mcmnelcen,
1407 1090 1538 1140 patria
1580 1090 1825 1129 Casletensis

101 1142 303 1188 Flander,
336 1143 574 1194 Paedagogii
594 1143 786 1181 Liliensis
809 1144 984 1181 Lovanii
1013 1143 1139 1195 (quod
1172 1145 1278 1183 inter
1308 1152 1484 1196 quatuor
1504 1146 1728 1185 Facultatis
1749 1147 1823 1184 Ar-

102 1198 399 1245 tiuancholas
439 1200 764 1250 antiquissimum
802 1199 884 1249 est)
918 1201 1068 1250 primus
1098 1201 1313 1239 Institutor
1349 1207 1388 1240 et
1427 1215 1498 1252 per
1529 1217 1658 1240 11111103
1689 1204 1824 1254 plures

99 1254 266 1301 Rector,
309 1255 403 1292 dum
441 1256 536 1293 illuc
571 1256 687 1292 simul
719 1270 807 1293 cum
838 1257 1129 1307 philosophicis
1161 1257 1333 1304 artibus,
1374 1258 1632 1297 humaniores
1664 1273 1824 1310 quoque

99 1310 244 1348 litterae
276 1311 370 1348 olim
401 1311 678 1349 tradebantur.
731 1312 900 1362 Scripsit
921 1313 1131 1350 Forinulas
1152 1314 1428 1364 Epistolarum
1459 1316 1500 1351 111
1534 1316 1642 1353 0111111
1673 1330 1823 1366 genere

99 1366 322 1415 scribendi,
364 1380 462 1418 quas
502 1368 589 1418 ipse
627 1368 708 1405 suis
747 1369 789 1405 in
820 1368 926 1405 Lilio
966 1369 1186 1419 praelegere
1225 1369 1400 1417 solebat,
1445 1383 1611 1409 excusas
1651 1373 1824 1422 primuni

100 1437 208 1461 anno
233 1424 352 1461 1482.
387 1456 394 1463 .
416 1455 423 1461 .
443 1454 450 1462 .
482 1424 546 1461 Ex
575 1424 721 1474 quibus
751 1424 1020 1462 animadverti
1043 1431 1191 1475 potest,
1226 1439 1314 1476 quae
1345 1427 1467 1464 fuerit
1497 1427 1673 1465 infantia
1693 1428 1821 1466 Leva-

100 1480 253 1517 niensis
284 1481 492 1518 literarum
522 1481 799 1531 sermonisque
828 1480 984 1527 Latini,
1019 1487 1062 1518 ut
1093 1482 1149 1519 ita
1182 1482 1332 1529 dicam,
1366 1482 1581 1521 balbuties.
1641 1484 1691 1520 In
1723 1498 1822 1535 quas

100 1536 272 1586 proinde
303 1542 348 1574 ut
379 1536 570 1574 barbaras
601 1538 742 1574 merito
774 1537 943 1574 incurrit
963 1537 1156 1575 Erasmus
1187 1537 1290 1575 libro
1325 1538 1374 1576 de
1406 1539 1708 1577 conscribendis
1741 1542 1822 1591 epi-

100 1592 226 1631 stolis.
289 1593 394 1630 ‘Iam
416 1592 525 1643 apud
546 1593 692 1630 Italos'
724 1594 857 1643 inquit
890 1594 1116 1644 ‘coeperant
1136 1595 1377 1632 reviviscere
1398 1595 1515 1633 bonae
1536 1596 1699 1643 litterae,
1734 1611 1823 1634 cum

99 1648 272 1687 Lovanii
304 1663 449 1700 magne
481 1664 570 1687 611111
594 1649 793 1700 applausu
816 1650 1051 1700 legerentur
1074 1649 1209 1688 Caroli
1231 1651 1451 1689 cuiusdam.
1474 1683 1481 1689 .
1500 1654 1538 1691 .'.
1597 1653 1823 1691 Memoratu

98 1704 164 1742 hic
203 1705 371 1755 dignum
409 1711 486 1752 est,
534 1706 644 1756 quod
683 1705 733 1744 de
771 1706 914 1744 eodem
946 1707 1087 1744 Virulo
1119 1706 1257 1744 scribit
1285 1707 1468 1745 Io.Lud.
1487 1708 1612 1746 Vives
1641 1709 1743 1747 libro
1766 1722 1821 1748 1v.

100 1760 150 1799 de
180 1762 391 1800 tradendis
432 1762 675 1812 disciplinis:
729 1762 923 1801 ‘Vellem'
956 1763 1090 1813 inquit
1129 1764 1191 1800 ‘ut
1224 1763 1332 1801 docti
1364 1764 1490 1815 aliqui
1523 1764 1824 1803 delectarentur

100 1831 146 1855 eo
178 1831 306 1865 more,
340 1831 460 1869 quem
491 1819 616 1856 fuisse
642 1817 777 1856 Caroli
808 1819 1017 1857 cuiusdam
1038 1819 1170 1857 Viruli
1201 1821 1358 1857 narrari
1389 1820 1605 1858 audiebam
1632 1821 1819 1869 Lovanii,

96 1874 271 1912 hominis
292 1888 374 1912 11011
397 1875 568 1925 perinde
589 1875 774 1921 litterati,
805 1881 850 1913 ut
868 1875 985 1913 boni:
1016 1889 1092 1913 nec
1113 1876 1172 1912 illi
1193 1876 1403 1926 ingenium
1425 1883 1495 1915 aut
1517 1877 1731 1928 diligentia
1754 1879 1820 1916 de-

98 1931 192 1977 fuit,
224 1931 296 1969 sed
316 1931 428 1968 106113
451 1937 490 1969 61
510 1936 705 1981 tempora.
721 1962 728 1969 .
743 1962 750 1969 .
765 1933 800 1969 .'.
853 1931 1042 1969 Ceterum
1063 1932 1231 1970 Virulus
1252 1932 1427 1970 Lovanii
1448 1933 1630 1983 sepultus
1652 1935 1822 1984 quiescit

97 1987 206 2037 apud
229 1986 456 2025 Canonicos
477 1988 703 2038 Regulares
735 1987 774 2027 S.
798 1988 983 2034 Martini,
1017 1989 1059 2025 in
1090 1988 1231 2038 templi
1262 1987 1413 2036 Choro,
1449 1990 1560 2026 cuius
1592 1990 1678 2027 fere
1709 1991 1819 2028 solus

98 2043 291 2081 fundator
313 2044 477 2081 exstitit.
538 2044 587 2080 In
621 2044 705 2081 eius
728 2043 988 2095 Sarcophago
1019 2044 1077 2081 sic
1106 2044 1256 2094 legitur
1281 2075 1287 2082 .
1309 2075 1316 2082 .
1339 2046 1362 2063 “
1382 2076 1389 2082 .
1411 2076 1417 2082 .
1441 2046 1604 2096 praefuit
1623 2046 1819 2097 Poedago-

97 2100 162 2149 gio
184 2100 280 2137 Lilii
303 2131 310 2139 .
334 2131 340 2138 .
363 2113 434 2137 sex
456 2105 495 2137 et
516 2100 817 2150 quinquaginta
838 2101 971 2138 annis.
992 2129 999 2137 .
1021 2128 1029 2137 .
1064 2099 1177 2138 Obiit
1198 2106 1333 2138 autem
1354 2114 1391 2139 v.
1410 2101 1508 2139 Idus
1527 2102 1626 2139 Maii
1651 2133 1657 2140 .
1679 2132 1687 2141 .
1710 2117 1818 2140 anno

98 2166 416 2195 010.0060.Χο111.
443 2170 568 2206 agens
598 2170 750 2193 annum
778 2157 905 2194 aetatis
936 2157 1340 2207 octogesin111111“.—-
1372 2157 1597 2195 Subicimus
1629 2172 1679 2195 ex
1699 2159 1819 2197 Ioan-

97 2213 158 2249 nis
172 2211 452 2250 Piemontani5
472 2212 559 2250 MS.
577 2211 771 2250 Auctario
793 2213 976 2264 scriptor.
993 2213 1299 2251 ecclesiasticor.
1313 2218 1399 2259 1257
1415 2211 1430 2236 b
1451 2214 1562 2252 hunc
1583 2215 1816 2254 articulum:

97 2288 249 2321 Carolus
275 2288 492 2332 burgundijs
516 2289 862 2331 latine—,eloquentie
887 2289 1087 2332 singularis
1107 2290 1391 2322 amministrator
1408 2292 1667 2333 grammaticus
1686 2295 1722 2324 et
1740 2303 1818 2324 ora-

96 2347 153 2377 tor
176 2345 271 2377 haud
295 2346 451 2388 insignis
480 2345 574 2387 apud
600 2345 827 2377 litteratores
853 2348 889 2378 et
914 2346 1189 2387 grammatistas
1214 2347 1296 2388 plus
1321 2348 1450 2379 merito
1475 2358 1607 2389 magno
1631 2348 1668 2379 in
1692 2350 1818 2390 precio

95 2401 243 2434 habitus
267 2402 415 2444 ingenio
442 2401 587 2434 subtilis
614 2404 650 2433 et
674 2401 830 2434 blandus
863 2401 1006 2443 eloquio
1037 2402 1188 2444 Scripsit
1220 2412 1283 2444 pro
1316 2402 1616 2435 scholasticorum
1641 2413 1708 2436 usu
1734 2414 1818 2446 que-

95 2457 177 2489 dam
202 2457 378 2499 opuscula
404 2458 534 2499 quibus
560 2468 689 2490 nomen
713 2468 816 2489 suum
842 2457 950 2500 longe
976 2457 1125 2500 lateque
1153 2458 1360 2500 diuulgauit
1386 2470 1404 2490 e
1431 2459 1561 2500 quibus
1587 2464 1714 2492 extant
1741 2461 1817 2492 eius

96 2513 248 2555 plurime
274 2514 427 2555 epistole
453 2524 605 2555 quarum
629 2515 703 2546 iam
729 2514 900 2556 frequens
931 2515 969 2545 in
1000 2513 1201 2556 gymnasijs
1232 2514 1394 2547 studiose
1423 2516 1607 2547 iuuentuti
1634 2526 1654 2547 a
1681 2516 1818 2558 simpli—

96 2569 256 2601 cioribus
280 2568 545 2612 ludimagistris
569 2570 779 2602 inculcatur
804 2570 965 2602 erudicio
1000 2571 1092 2602 Nam
1117 2570 1268 2603 istorum
1293 2571 1440 2602 scilicet
1458 2571 1572 2603 caroli
1585 2570 1732 2611 joannis
1754 2573 1816 2604 bo-

94 2625 169 2657 ride
196 2624 311 2667 pontij
343 2625 513 2658 lescherii
544 2629 819 2668 ceterorumque
851 2626 956 2658 huius
988 2624 1085 2657 modi
1112 2626 1337 2668 epistolandi
1362 2627 1585 2659 tradiciones
1611 2627 1669 2659 vel
1695 2628 1816 2669 potius

94 2681 379 2723 deprauationes
405 2693 427 2714 a
453 2683 666 2724 quibusdam
690 2683 866 2715 bonarum
891 2682 1095 2714 litterarum
1121 2682 1292 2714 studiosis
1318 2683 1463 2724 penitus
1491 2686 1526 2714 et
1551 2685 1696 2716 omnino
1721 2687 1815 2716 teste

93 2737 253 2770 bebellio
279 2741 361 2770 sunt
386 2738 535 2771 vitande
562 2742 599 2771 et
624 2738 840 2771 detestande
885 2737 976 2772 Vide
1003 2738 1046 2769 de
1072 2737 1140 2769 hoc
1166 2737 1319 2770 bebellii
1345 2741 1473 2771 contra
1490 2738 1618 2771 illosee
1638 2740 1813 2772 inuectio-

93 2804 158 2826 nes
202 2793 344 2826 Claruit
367 2797 528 2837 tempore
553 2789 594 2829 {a
619 2816 661 2820 ——

183 2910 216 2949 3)
236 2908 508 2940 Commentaria
525 2906 669 2949 epistol.
688 2906 889 2939 faciendar.
917 2907 1056 2939 Phorce
1078 2909 1175 2940 1510.
1193 2907 1241 2940 4⁰.
1264 2907 1325 2940 fol.
1344 2907 1609 2944 XIx³...xva.
1702 2907 1737 2949 4)
1754 2909 1814 2940 Bi-

180 2965 370 2997 bliotheca
387 2964 542 3006 Belgica
561 2973 634 2998 cur,
653 2966 688 2995 et
706 2963 800 2996 stud.
817 2963 892 2998 Ioa.
910 2964 1042 2996 Franc.
1057 2964 1240 3006 Foppens.
1266 2965 1425 2998 Bruxell.
1442 2967 1538 3000 1739.
1555 2965 1603 2999 4⁰.
1621 2976 1653 3007 p.
1670 2966 1744 2996 163.
1760 2975 1812 3007 sq.

182 3021 216 3064 5>
236 3022 292 3055 Cf.
310 3021 405 3054 infra
423 3023 491 3053 art.
508 3021 684 3053 Piemont.

1473 3079 1515 3109 22
1528 3080 1544 3098 ’⁴‘
