2119 3522
347 224 403 270 77
412 226 438 268 ‘2
855 237 1116 261 COMMENTAmvs
1140 238 1185 259 An
1210 239 1282 260 EPP.
1301 239 1330 260 0.
1348 238 1380 261 v.
1405 237 1482 261 von.
1499 238 1536 260 11.

342 301 427 342 Pag.
448 299 538 335 289.

432 363 620 395 aquarum.
655 350 810 385 Glossar.
830 350 903 383 vet.
921 348 1007 384 Cod.
1026 360 1102 394 reg.
1120 352 1241 384 7641.“
1268 350 1306 383 et
1329 349 1494 393 „Bacca,
1527 348 1781 391 baccharium,
1812 349 2046 391 bacchonica,

432 407 696 448 bacchonicha,
728 405 876 447 bachia,
908 405 1087 439 bachoica
1109 433 1117 440 .
1137 432 1144 439 .
1168 421 1211 433 =
1229 415 1310 447 vas,
1334 416 1480 447 urceus,
1512 404 1667 446 Becher,
1691 404 1844 438 Becken.
1892 404 2047 438 Glossar.

430 462 514 496 Isid.
532 462 661 503 bacca,
688 471 752 494 vas
777 461 981 504 aquarium.
1029 459 1184 494 Baccale
1209 461 1247 493 in
1272 459 1517 494 Ceremoniali
1540 460 1645 497 Rom,
1663 460 1690 494 I.
1707 460 1793 494 sect.
1811 463 1847 493 2.
1863 462 1918 494 .“.

339 522 381 552 35
401 518 577 560 putemus]
608 517 686 550 Hoc
715 527 788 550 uno
805 516 882 550 har.
901 516 1086 559 epistolar.
1104 516 1128 553 l,
1144 516 1282 560 legitur
1306 516 1375 549 1100
1392 516 1562 550 Italicum
1586 526 1737 556 nomen,
1762 515 1801 548 in
1823 515 1904 549 aliis
1929 525 2047 559 acqua-

429 573 524 606 libus
549 572 651 605 libris
676 571 1026 615 frequentissimum.
1072 569 1162 605 Diez
1186 570 1276 604 WB.
1301 570 1443 613 „Putto
1468 572 1528 613 it„
1552 582 1623 614 812,
1643 580 1704 615 Py.
1722 571 1813 614 puto
1838 571 1943 613 bube,
1966 571 2048 613 fem.

427 629 467 661 it.
485 628 594 672 putta
609 627 802 668 mc'iclcheoz,
827 627 920 661 auch
935 627 1140 661 liederlz'che
1157 627 1281 669 dirue,
1305 653 1312 661 .
1327 654 1335 662 .
1364 626 1462 660 Eine
1479 627 1663 671 ableitmzy
1678 627 1726 660 ist
1744 627 1916 670 puttana,
1942 626 2048 668 altsp.

427 674 580 727 putafia,
605 686 732 724 Μαῖα
756 683 815 716 die
838 683 936 716 stelle
961 683 1022 717 cles
1045 683 1355 717 uuvorhcmdeueoz
1379 682 1596 726 f1·.putaine
1620 682 1763 716 verti-itt
1787 681 1916 726 putain
1942 681 2047 724 (auch

421 750 481 782 pr.
498 740 635 784 putan,
660 739 760 773 wicht
784 739 955 782 putana),
982 749 1050 773 cous
1074 739 1152 773 clem
1177 749 1293 773 accus.
1311 738 1437 782 putam
1465 765 1472 772 .
1487 739 1542 772 .“.

338 800 379 829 :36
403 795 557 839 schubis]
580 794 780 829 Schaubeoz.
820 794 865 828 cf.
882 793 929 828 ad
949 797 1018 829 102.

337 856 378 886 37
404 861 534 885 umores
556 851 726 895 militum]
753 850 1028 893 Ritterfmueu,
1053 861 1125 884 non
1149 850 1398 892 Eclelfmuen,
1422 860 1490 884 nec
1515 849 1835 892 Soldatewfmuew.

382 907 570 951 ccmomfas]
603 906 813 948 „Canonia,
848 907 890 950 (1)
909 906 1162 947 canonicatus,
1188 906 1388 950 praebenda
1413 906 1579 940 canonici
1603 933 1609 939 .
1631 933 1638 940 .
1659 933 1666 939 .
1704 906 1746 948 (2)
1764 905 1961 949 collegium
1987 915 2046 938 ca-

427 963 643 997 nonicorum
668 965 745 996 ..“.
798 961 976 1006 Ducange
1001 962 1036 996 h.
1054 973 1086 995 v.

380 1019 489 1052 simul
514 1022 545 1053 et
568 1019 684 1062 semel]
710 1017 970 1062 Perissologia,
998 1028 1039 1051 ac
1065 1017 1094 1050 si
1119 1017 1324 1051 diceremus
1349 1017 1424 1058 auf
1441 1017 1574 1051 ez'mnal
1597 1017 1676 1051 und
1699 1017 1868 1061 zzcyleich.

338 1078 380 1109 38
405 1075 592 1118 imbutum]
620 1085 656 1108 er
679 1074 810 1108 siielcelt
836 1074 912 1115 ein,
935 1073 1044 1108 steckt
1067 1073 1107 1106 in
1132 1073 1230 1107 scine
1247 1072 1392 1106 Tasche.
1441 1072 1696 1114 „Imbursare,
1723 1082 1892 1106 nummos
1908 1072 1945 1105 in
1963 1072 2046 1105 bur-

427 1141 504 1164 sam
521 1130 598 1163 sive
615 1129 754 1163 loculos
772 1129 971 1162 dimittere.
1021 1127 1115 1162 Gall.
1134 1128 1334 1162 embourser
1351 1127 1446 1171 [Ital.
1464 1128 1670 1172 imborsare]
1682 1155 1689 1162 .
1705 1130 1742 1160 .“
1766 1127 1944 1172 Ducange
1960 1127 1995 1161 h.
2013 1139 2046 1161 v.

428 1185 699 1227 „Imbursator,
726 1184 949 1229 ynseekler“.
990 1183 1110 1217 Brack
1135 1183 1272 1218 Vocab.
1291 1184 1325 1217 h.
1344 1196 1377 1217 v.

380 1242 502 1285 [filicis]
528 1240 683 1274 Haltaus
702 1239 1007 1282 Glossa1·.„GiIt,
1036 1240 1143 1282 Gilcl,
1171 1240 1280 1281 Gult,
1308 1240 1426 1281 Gzcld,
1451 1239 1590 1273 reditus
1616 1240 1655 1273 et
1677 1239 1882 1284 praestatio,
1908 1240 1985 1273 tam
2007 1238 2046 1272 111

426 1296 584 1341 pecunia
600 1306 710 1339 quam
729 1296 808 1329 aliis
830 1296 938 1329 rebus
964 1296 1091 1329 debita
1112 1323 1140 1330 ..
1155 1323 1163 1330 .
1193 1295 1357 1329 Termini
1381 1295 1592 1329 iul-istarum
1617 1295 1769 1329 metrice
1789 1295 1962 1339 expositi:
2000 1294 2048 1328 Et

426 1354 556 1397 pactus
580 1351 623 1385 fit
640 1352 770 1394 pacm,
797 1362 925 1385 census
950 1354 1066 1396 zynss,
1091 1351 1257 1385 redditus
1282 1362 1351 1396 eyn
1373 1351 1441 1396 92·st
1464 1378 1493 1385 ..
1509 1378 1516 1384 .
1543 1351 1621 1385 Gz‘lt
1644 1351 1724 1384 und
1743 1350 1836 1384 Geld
1860 1350 1936 1384 sive
1957 1350 2047 1384 Gild

425 1409 503 1442 wid
524 1408 662 1442 Schuld
678 1407 866 1441 interdum
884 1407 1188 1441 conti-adistincta
1208 1435 1215 1442 .
1230 1434 1237 1441 .
1252 1410 1290 1442 .“
1328 1406 1523 1451 Ducange:
1550 1405 1709 1448 „Gilda,
1735 1406 1963 1448 fraternitas,
1991 1416 2045 1440 so-

426 1465 613 1505 dalitium,
646 1463 946 1505 contubernium,
980 1463 1097 1505 curia,
1135 1463 1350 1507 collegium,
1384 1462 1506 1497 Germ.
1527 1462 1654 1504 Gilde,
1685 1461 1767 1496 SaX.
1787 1461 1878 1496 Gilcl
1908 1474 1941 1496 v.
1967 1461 2045 1495 Gil-

426 1521 530 1562 (Ium,
571 1519 721 1561 solutio,
758 1518 962 1562 praestatio,
1000 1518 1099 1562 quod
1131 1519 1193 1562 qui
1225 1518 1404 1552 eiusmodi
1440 1518 1613 1552 sodalitia
1650 1519 1687 1552 et
1723 1517 2046 1552 confraternitates

424 1577 569 1616 ineunt,
596 1575 792 1618 pecuniam
817 1574 864 1608 ad
889 1584 1101 1608 communes
1125 1585 1210 1607 usus
1235 1573 1427 1607 conferant
1451 1575 1489 1607 et
1513 1573 1659 1607 solvant
1677 1600 1684 1607 .
1700 1600 1707 1606 .
1723 1576 1777 1607 .“.

335 1637 376 1667 39
402 1636 433 1666 et
452 1634 569 1675 potest
595 1631 668 1674 etc]
695 1629 867 1664 Canonici
894 1629 1015 1664 officio
1040 1630 1078 1663 in
1104 1629 1257 1664 diversis
1282 1629 1445 1663 ecclesiis
1469 1629 1574 1673 fungi
1598 1630 1738 1673 nequit.

334 1692 420 1733 Pag.
440 1690 529 1726 290.

336 1748 351 1777 1
381 1744 633 1787 ivquirmztur]
666 1742 864 1786 Deponens
888 1752 954 1786 pro
980 1741 1118 1783 activo,
1145 1741 1422 1775 confunduntur
1449 1741 1588 1785 ‘queri’
1615 1743 1653 1775 et
1678 1741 1913 1784 ‘inquire1·e’.
1957 1740 2044 1774 Vol-

422 1800 553 1833 winius
578 1799 659 1832 vult
683 1799 811 1832 contra
834 1797 922 1832 istos
947 1797 1151 1832 luxuriosos
1175 1797 1357 1841 pluraque
1388 1796 1570 1831 beneficia
1594 1797 1722 1830 contra
1745 1796 1801 1830 ius
1826 1797 2042 1831 canonicum

424 1855 615 1898 captantes
640 1854 791 1887 clericos
816 1853 929 1888 talem
953 1853 1165 1897 inquirendi
1189 1853 1340 1886 modum
1370 1853 1548 1895 exerceri,
1583 1852 1731 1896 qualem
1756 1852 1847 1886 salse
1874 1853 2044 1896 exposuit

423 1911 552 1945 Crotus
581 1910 619 1943 111
649 1909 776 1943 libello
809 1909 853 1943 de
885 1910 964 1943 arte
996 1910 1033 1943 et
1057 1909 1166 1943 modo
1190 1908 1403 1952 inquirendi
1434 1919 1671 1952 quoscunque
1701 1907 1893 1942 haereticos
1918 1907 2042 1951 (Hutt.

422 1966 515 2010 Opp.
533 1965 595 1999 VI.
613 1977 647 2009 p.
665 1968 741 1999 489.
759 1967 869 2009 sqq),
900 1965 1122 2009 qualemque
1148 1966 1277 1999 contra
1300 1975 1337 1997 se
1363 1964 1570 1998 adhibitum
1596 1974 1673 1998 esse
1699 1964 1866 2008 queritur
1882 1963 2041 1997 Lauren-

422 2023 495 2055 tius
512 2021 623 2055 Valla
638 2021 675 2054 in
693 2021 878 2065 Apologia
894 2032 961 2065 pro
979 2031 1016 2055 se
1043 2022 1079 2054 et
1103 2021 1232 2054 contra
1256 2019 1555 2062 calumniatores,
1582 2019 1628 2053 ad
1645 2019 1853 2063 Eugenium
1870 2018 1952 2053 IIII.
1970 2019 2041 2062 (ed.

420 2077 530 2111 Basil.
549 2088 606 2121 ap.
627 2076 815 2111 Crat-andr.
836 2081 931 2112 1518.
955 2079 1001 2110 40.
1025 2087 1110 2121 pag.
1127 2076 1224 2119 Ae),
1258 2076 1321 2110 ubi
1353 2076 1398 2110 de
1428 2075 1692 2119 Inquisitorum
1723 2076 1807 2110 haer.
1824 2086 1926 2119 prav.
1944 2075 2040 2109 viru-

420 2134 537 2167 lentia
567 2132 693 2174 „Satis
719 2134 814 2175 est“,
840 2132 963 2176 inquit
992 2132 1123 2176 „quod
1153 2132 1267 2167 semel
1295 2133 1484 2166 incautum
1509 2142 1605 2166 novo
1629 2131 1767 2165 scelere
1792 2130 2040 2165 circumvene-

421 2191 522 2230 runt,
550 2189 649 2232 quod
673 2200 857 2222 summum
881 2188 917 2221 in
944 2188 1140 2222 discrimen
1165 2188 1414 2230 adduxerunt,
1441 2187 1579 2232 populo
1603 2188 1641 2221 in
1666 2198 1725 2221 me
1750 2188 1903 2222 incitato
1928 2188 2039 2231 atquc

421 2246 581 2287 armato,
615 2245 713 2288 quod
745 2246 912 2279 extrema
942 2244 1095 2278 infamia
1125 2254 1368 2288 conspergere
1393 2244 1515 2277 conati
1540 2244 1634 2277 sunt.
1682 2243 1724 2276 In
1749 2254 1821 2286 quo
1845 2244 2039 2287 persancte

422 2312 483 2335 eos
506 2311 647 2344 perque
673 2301 733 2344 pie
759 2300 887 2334 fecisse
913 2300 1104 2342 confitear,
1131 2300 1201 2334 nisi
1224 2300 1418 2342 scelerate,
1445 2299 1515 2333 nisi
1539 2300 1696 2341 nefarie,
1722 2299 1792 2333 nisi
1812 2299 1926 2343 impie
1943 2298 2038 2333 fece-

420 2358 515 2390 runt.
563 2356 659 2389 Nam
684 2367 750 2399 per
774 2356 1022 2390 immortalem
1047 2356 1174 2398 deum,
1201 2355 1349 2399 quando
1374 2366 1537 2398 unquam
1560 2355 1672 2389 fando
1694 2356 1749 2389 est
1765 2355 1972 2399 cognitum,
1998 2356 2040 2387 ut

421 2412 484 2456 qui
508 2411 648 2445 iudices
665 2412 831 2454 fuerunt,
857 2411 970 2446 iidem
988 2412 1218 2445 accusatores
1239 2411 1406 2451 fuerunt,
1431 2411 1495 2454 qui
1517 2412 1757 2452 accusatoreS,
1775 2410 1889 2444 iidem
1906 2411 2036 2451 testes;

419 2469 482 2512 qui
506 2469 638 2510 testes,
665 2467 778 2501 iidem
807 2467 970 2501 inimici?
998 2469 1061 2511 qui
1085 2478 1144 2501 me
1169 2466 1339 2500 refellere
1365 2465 1511 2500 obiecta
1527 2466 1714 2500 volentem
1737 2466 1948 2508 vetuerunt,
1974 2466 2038 2509 qui

421 2525 587 2558 orantem
605 2523 665 2557 vel
683 2523 810 2557 audire
828 2524 1015 2567 aspernati
1032 2523 1133 2565 sunt,
1159 2523 1223 2566 qui
1239 2522 1506 2556 lamentantem
1530 2522 1759 2556 terruerunt:
1785 2522 1814 2555 si
1837 2521 1939 2565 loqui
1955 2531 2036 2565 per-

419 2590 659 2621 severassem,
685 2590 744 2613 me
769 2590 843 2613 11011
869 2579 994 2620 modo,
1021 2579 1174 2612 sensisse
1199 2578 1388 2620 haeretice,
1415 2578 1480 2612 sed
1506 2588 1582 2612 esse
1607 2577 1835 2621 pertinacem
1852 2577 1890 2610 in
1907 2577 2036 2610 haeresi

420 2636 593 2669 continuo
626 2645 662 2668 se
694 2635 1016 2679 pronunciaturos‚
1043 2645 1084 2668 ac
1118 2645 1184 2678 per
1215 2634 1335 2678 ipsum
1367 2634 1548 2678 populum
1579 2634 1643 2677 qui
1674 2633 1819 2675 aderat,
1850 2632 2033 2676 lapidatu-

419 2702 493 2733 ros,
531 2703 644 2734 quum
684 2691 796 2725 etiam
826 2692 882 2724 ius
912 2691 950 2724 in
981 2701 1040 2724 me
1072 2689 1283 2734 inquirendi
1320 2700 1393 2723 non
1426 2690 1615 2723 haberent.
1671 2688 1776 2730 Quod
1812 2699 1929 2733 genus
1965 2687 2033 2722 hoc

418 2746 624 2788 hominum,
652 2757 780 2790 quaeve
805 2746 902 2780 hunc
925 2747 1000 2780 tam
1025 2745 1183 2780 barbara
1199 2756 1341 2779 morem
1356 2745 1542 2789 permittit
1563 2744 1709 2789 patria?
1734 2771 1741 2779 .
1756 2771 1763 2778 .
1779 2746 1817 2777 .“

329 2808 348 2836 3
373 2804 412 2836 1²12
439 2803 579 2847 Memz]
618 2813 713 2836 anno
746 2806 842 2837 1479.
866 2802 904 2835 in
935 2813 1045 2836 causa
1074 2801 1221 2835 Ioannis
1253 2801 1298 2835 de
1323 2800 1497 2835 wesalia.
1538 2800 1581 2834 ef.
1605 2800 1684 2833 Ind.
1701 2799 1818 2844 biogr.
1835 2812 1869 2843 p.
1889 2803 1963 2834 500.
1981 2811 2031 2843 sq.

418 2859 484 2892 art.
503 2858 675 2892 lVesalia.
725 2858 807 2892 Non
833 2857 1023 2892 adluditur
1047 2858 1081 2891 h.
1098 2858 1121 2891 l.
1146 2857 1192 2891 ad
1215 2858 1363 2891 turbam
1393 2856 1624 2890 iudiciariam
1647 2855 1903 2899 Moguntinam
1928 2855 1961 2889 d.
1981 2859 2031 2889 13.

418 2913 496 2947 Oct.
514 2924 544 2947 a.
564 2918 659 2947 1513.
699 2915 743 2947 cf.
762 2914 892 2957 Consp.
911 2914 1072 2947 chronol.
1089 2913 1135 2947 ad
1160 2913 1194 2946 h.
1213 2913 1246 2947 d.
1264 2925 1299 2956 p.
1319 2917 1391 2947 127.
1412 2924 1462 2956 sq.

328 2974 347 3001 8
371 2970 582 3012 inspectum]
607 2970 790 3010 Ans-eheu,
815 2970 1017 3011 Ans-seleon,
1042 2969 1214 3011 sormam,
1241 2969 1384 3003 faciem.

330 3028 370 3056 10
395 3025 518 3057 taliter
543 3026 698 3067 qualiter
722 3025 826 3067 facit]
853 3035 1031 3059 venereos
1055 3024 1161 3057 ludos
1187 3026 1343 3058 exercet.
