2119 3522
318 199 413 243 694
829 210 1093 234 COMMENTARIVS
1116 210 1163 232 AD
1188 211 1260 233 EPP.
1278 211 1308 232 0.
1326 211 1360 233 v.
1385 210 1461 233 vox..
1479 211 1515 233 11.

316 273 402 313 Pag.
419 273 510 308 220.

316 329 357 360 34
382 336 403 358 α
423 326 556 368 planta
653 321 807 365 Esaias]
839 320 963 354 Esaias
980 332 1003 354 1.
1021 324 1052 354 6.
1072 320 1178 354 dicit:
1211 321 1243 353 A
1267 320 1396 365 planta
1420 320 1525 365 pedis
1549 332 1665 365 usque
1691 321 1739 355 ad
1762 323 1940 357 verticem
1965 333 2022 357 ca-

402 378 490 423 pitis
514 389 587 412 non
613 378 668 411 est
692 377 728 409 in
755 387 797 410 eo
821 375 978 410 bonitas.

314 573 399 613 Pag.
419 569 510 605 221.
629 565 863 601 EPISTOLA
883 567 946 603 21.
986 564 1240 600 IOHANNES
1267 564 1458 600 HOLCOT
1485 565 1714 601 ORTVINO.

315 663 333 691 2
358 657 541 692 Robertus
566 656 702 690 Holcot
730 656 807 690 sive
832 654 974 689 Holkot
999 657 1042 698 (†
1067 666 1098 689 a.
1118 656 1248 697 1349),
1280 654 1458 699 magister
1483 657 1521 689 et
1543 656 1728 699 professor
1751 667 1861 690 sacrae
1885 656 2025 697 theolo-

405 713 474 757 giae
499 711 762 746 moralissimus
787 712 898 754 atque
925 710 1156 744 doctissimus
1180 709 1317 744 ordinis
1333 710 1489 744 fratrum
1513 711 1796 754 praedicatorum
1822 722 1866 745 ex
1882 711 2026 746 Britan-

404 769 467 802 nia
490 779 627 813 magna
650 768 727 801 sive
752 766 912 801 nationis
936 765 1101 810 Anglicae
1135 776 1245 810 super
1272 765 1385 800 libros
1411 764 1610 810 Sapientiae
1634 765 1839 801 Salomonis
1864 767 1902 800 et
1925 766 2027 808 Quae-

405 825 541 859 stiones
565 834 675 867 super
696 835 733 857 1-v
757 822 870 856 libros
888 821 1164 856 Sententiarum
1190 822 1228 856 et
1248 821 1463 856 Tractatum
1487 821 1532 856 de
1557 822 1679 856 studio
1703 832 1814 856 sacrae
1838 821 2027 866 scripturae

406 879 624 924 composuit.
652 879 749 912 Hain
774 878 966 922 Repertor.
986 889 1021 910 n.
1040 880 1274 914 8755...8764.
1322 877 1448 911 Vitam
1472 877 1543 911 viri
1575 877 1727 921 eiusque
1751 877 1881 920 libros,
1914 878 2027 912 etiam

405 947 478 970 non
510 935 735 979 publicatos,
769 933 963 978 descripsit
993 933 1137 967 Echard
1170 933 1262 967 Scrr.
1289 933 1365 967 ord.
1388 933 1502 977 praed.
1520 933 1546 970 Ι,
1569 945 1605 977 p.
1623 937 1811 968 629...632.
1853 933 1896 967 cf.
1915 934 2028 967 etiam

406 991 584 1025 Trithem.
604 991 649 1024 de
675 1002 759 1024 scrr.
779 989 924 1024 eccless
943 989 999 1022 ed.
1017 988 1132 1022 Ffurt.
1152 992 1248 1025 1600.
1268 988 1329 1022 fol.
1347 1000 1382 1032 p.
1400 992 1487 1030 324„
1505 988 1647 1023 Fabi-ic.
1664 989 1759 1023 Bibl.
1779 990 1856 1023 hat.
1875 989 1972 1023 med.
1992 990 2030 1023 et

406 1048 468 1081 inf.
495 1048 550 1081 aet.
576 1046 640 1081 ΠΙ.
664 1057 698 1089 p.
728 1045 802 1080 799.
827 1057 923 1088 sqq,
955 1043 1012 1078 Fr.
1037 1044 1157 1078 Haase
1191 1044 1235 1078 de
1268 1043 1365 1080 med.
1385 1055 1450 1078 aev.
1476 1043 1570 1078 stud.
1596 1044 1723 1088 philol.
1748 1056 1784 1088 p.
1803 1048 1856 1079 21.
1875 1055 1952 1088 sqq.
1985 1064 2029 1069 -—-

405 1102 511 1136 Hunc
546 1101 744 1135 Holcotum
776 1101 919 1134 mutato
951 1099 1177 1144 praenomine
1210 1099 1370 1133 derideri
1403 1099 1623 1143 suspicarer,
1656 1100 1686 1133 si
1711 1099 1840 1134 Crotus
1866 1100 1901 1133 ei
1923 1110 2030 1144 supe-

404 1158 540 1193 riorem
567 1156 763 1201 epistolam
781 1156 806 1189 I.
828 1159 880 1190 28.
900 1155 1170 1199 adscripsisset3
1196 1154 1383 1189 Huttenus
1408 1156 1533 1189 autem
1556 1155 1709 1190 fortasse
1734 1165 1808 1189 non
1832 1155 2031 1199 respiciens

406 1214 452 1247 ad
476 1213 583 1247 illum
608 1211 896 1246 celeberrimum
921 1221 1031 1246 sacrae
1056 1211 1252 1255 theologiae
1278 1210 1507 1256 magistrum,
1534 1221 1646 1255 quam
1663 1210 1885 1256 dignitatem
1907 1221 2029 1254 neque

405 1270 442 1303 in
474 1268 717 1312 inscriptione
749 1266 915 1311 epistolae
947 1267 1142 1310 expressit,
1173 1277 1309 1301 nomen
1340 1266 1424 1301 ideo
1454 1267 1602 1301 tantum
1631 1267 1833 1311 inscripsit,
1866 1266 1965 1310 quod
1995 1267 2029 1301 ei

407 1325 575 1369 placeret
599 1322 817 1367 compositio
842 1323 899 1356 hol
926 1323 1047 1366 (hom)
1074 1324 1112 1356 et
1135 1323 1192 1356 ket
1219 1323 1352 1365 (leoni).

320 1388 339 1415 5
364 1382 445 1415 Am.
459 1392 527 1424 pro
552 1380 630 1423 δαλ]
657 1380 733 1412 sive
761 1379 990 1412 ‘Amicitiam
1011 1405 1018 1412 .
1034 1406 1062 1412 ..
1083 1390 1149 1422 pro
1175 1378 1311 1412 salutc’
1339 1390 1382 1412 ex
1404 1378 1524 1413 Caroli
1549 1378 1737 1422 epistolari
1762 1379 1827 1412 est.

317 1442 334 1471 7
362 1438 395 1471 (I.
413 1448 440 1471 s.
458 1436 721 1480 Maryarethce]
748 1435 770 1468 i.
789 1447 817 1468 υ.
837 1435 871 1467 d.
892 1439 942 1468 13.
963 1434 1026 1468 Iul.
1046 1436 1150 1477 (nam
1180 1434 1215 1468 h.
1234 1434 1257 1468 l.
1276 1445 1397 1478 neque
1428 1433 1477 1468 M.
1496 1434 1743 1478 peccatricem
1772 1444 1893 1477 neque
1925 1433 2027 1469 Colo-

404 1492 571 1526 niensem
596 1490 795 1535 significari
820 1490 923 1534 puto,
950 1491 991 1523 ut
1016 1491 1111 1523 esset
1135 1490 1169 1523 d.
1187 1493 1240 1524 28.
1258 1489 1363 1524 Febr.
1383 1491 1448 1524 aut
1472 1489 1505 1523 (l.
1525 1494 1576 1524 23.
1595 1489 1717 1532 Febr.)

364 1549 399 1582 d.
416 1559 443 1582 s.
461 1547 731 1590 Bartholomsci]
759 1546 917 1590 apostoli
941 1562 983 1573 =
1009 1545 1043 1579 d.
1063 1549 1117 1579 24.
1135 1546 1230 1590 Aug.

317 1608 336 1639 8
363 1605 433 1638 ista
453 1630 460 1638 .
477 1631 482 1636 .
498 1631 505 1637 .
525 1602 681 1646 scripta]
707 1602 781 1635 iam
807 1601 869 1634 diu
899 1601 976 1635 haec
1009 1601 1165 1645 epistola
1195 1601 1333 1645 scripta
1364 1602 1428 1637 est.
1478 1600 1516 1634 Si
1540 1602 1639 1635 recte
1670 1601 1853 1635 rationem
1883 1601 2029 1644 inimus,

407 1659 561 1704 singulis
592 1658 722 1692 diebus
753 1657 813 1691 vix
845 1657 991 1701 singula
1020 1657 1181 1691 miliaria
1212 1667 1362 1691 emensa
1386 1658 1466 1691 erat
1488 1656 1680 1701 Mai-burgi
1709 1658 1864 1701 accepta
1888 1657 2030 1692 Coloni-

406 1715 501 1749 ensis
528 1714 693 1758 epistola.

316 1776 336 1805 0
364 1771 602 1814 irascabitnr]
642 1770 716 1803 scil.
743 1769 872 1813 primae
903 1769 1184 1813 coniugationis.
1241 1768 1411 1803 ‘Irascari
1442 1769 1586 1804 czorozik
1614 1769 1794 1804 macheu'.
1847 1769 1942 1803 Dict.
1966 1769 2029 1804 lat.

406 1838 520 1871 gerni.
541 1838 597 1869 ap.
618 1825 786 1859 Dicfenb.
806 1824 963 1859 Glossar.
982 1825 1015 1861 h.
1035 1836 1068 1858 v,

320 1888 358 1916 12
387 1883 525 1925 Cassel]
554 1881 699 1915 Cassela
723 1880 798 1914 sive
818 1880 1017 1914 Castellum
1044 1881 1245 1923 Cattorum,
1271 1880 1561 1915 Hessen-Cassel.

319 1944 358 1973 13
383 1938 620 1982 Mszrywzrffls]
640 1936 882 1981 Mai-purgum
900 1936 976 1970 sive
994 1936 1284 1981 Martisburgum
1302 1937 1382 1970 tum
1398 1936 1594 1980 pulchrum
1611 1936 1937 1971 Dominicanorum
1955 1948 2030 1971 mo-

406 1993 620 2035 nasterium,
646 1992 710 2026 sed
735 1992 1017 2026 universitatem
1032 1992 1254 2026 litterariam
1279 1992 1443 2026 nondum
1467 1992 1647 2027 habebat:
1675 2003 1719 2027 ea
1735 1992 1864 2026 decem
1881 1992 2032 2027 demum

408 2049 512 2084 annis
536 2050 621 2094 post
645 2048 795 2082 condita
820 2049 884 2082 est.
932 2047 1140 2093 Margbach,
1166 2047 1266 2092 quod
1291 2052 1390 2083 v.28.
1410 2047 1466 2082 ed.
1485 2052 1515 2082 5.
1533 2048 1665 2090 habet,
1692 2047 1746 2081 nil
1768 2048 1839 2082 nisi
1855 2048 1948 2082 falsa
1971 2059 2031 2082 ex·

408 2105 561 2150 plicatio
586 2105 683 2138 notae
711 2103 880 2148 ‘margo’
909 2104 974 2146 est,
1001 2114 1112 2147 quam
1138 2104 1193 2137 ed.
1211 2103 1383 2148 princeps
1406 2103 1515 2138 huius
1538 2104 1654 2148 partis
1670 2103 1764 2148 Epp.
1784 2102 1825 2138 Ο.
1844 2103 1888 2139 V.
1906 2104 2030 2139 habet.

322 2166 362 2195 14
388 2162 538 2205 resumo]
567 2162 610 2194 cf.
630 2160 676 2194 ad
696 2161 783 2194 103³.
809 2160 1019 2203 resumptor
1045 2160 1082 2193 ct
1105 2159 1306 2194 instructor
1328 2171 1363 2204 p.
1381 2161 1492 2194 25113.

321 2222 371 2251 15.
391 2228 468 2260 sqq.
502 2216 614 2250 Redit
645 2216 798 2259 quaestio
830 2215 875 2249 de
908 2216 1057 2250 auctore
1087 2215 1407 2260 Pepericornianae
1439 2215 1678 2257 defensionis,
1712 2215 1757 2249 de
1789 2226 1863 2259 qua
1886 2215 1970 2249 vide
1994 2227 2029 2260 p.

410 2276 646 2315 212.217.sq.

322 2333 359 2361 1?
388 2328 475 2362 dare
506 2328 555 2361 (αῖ
587 2328 860 2371 impressuram]
902 2327 1169 2371 ‘impressoria'
1197 2327 1442 2370 (Druckerei)
1476 2328 1514 2361 et
1548 2327 1802 2370 ‘impressam’
1831 2327 2030 2370 (cli-uelem)

408 2395 442 2427 p.
462 2383 596 2417 622229.
621 2384 731 2417 28710.
755 2382 954 2426 impressor
979 2383 1186 2426 (Drucker)
1214 2384 1302 2417 69¹⁷.
1327 2384 1365 2417 et
1394 2383 1535 2427 saepius.
1564 2383 1820 2426 ‘impressum‘
1849 2382 2032 2426 (Druck).

412 2438 673 2483 ‘impressura,
705 2438 908 2482 impressio.
941 2437 1094 2472 Memor.
1117 2438 1157 2472 E.
1182 2438 1280 2473 Cam.
1305 2438 1474 2483 Comput.
1498 2437 1611 2472 Paris,
1636 2437 1682 2471 ad
1717 2448 1748 2471 a.
1775 2441 1869 2472 1390.
1893 2438 1937 2473 V.
1962 2438 2030 2472 im-

408 2495 583 2539 prempta
603 2522 610 2529 .
627 2522 633 2529 .
653 2494 763 2539 sigilli
784 2521 791 2527 .
806 2496 844 2528 .“
870 2493 1058 2538 Ducange.

322 2556 362 2585 19
390 2551 592 2595 intitulare]
619 2551 694 2593 auf
711 2551 781 2584 den
808 2550 840 2583 T
841 2550 902 2583 {tel
925 2553 1051 2584 setzen.

320 2612 361 2641 22
387 2617 461 2641 nou
484 2607 550 2641 scit
576 2607 744 2651 latinum]
774 2607 815 2640 ut
839 2618 873 2650 p.
893 2607 1003 2639 21211.
1024 2607 1134 2640 21732.
1160 2607 1197 2640 et
1221 2607 1363 2650 saepius.

320 2667 361 2697 ⁴25
390 2663 566 2696 Ortm'nus
585 2690 614 2697 ..
634 2666 683 2697 est
702 2666 811 2706 poeta
836 2663 973 2706 eornm]
999 2662 1154 2696 Brevius
1178 2662 1389 2706 rectiusque
1416 2662 1560 2696 Ortvini
1585 2674 1668 2696 cum
1692 2661 1924 2706 theologistis
1947 2673 2031 2696 con-

409 2718 546 2752 iunctio
579 2728 779 2762 eorumque
811 2717 908 2752 inter
931 2729 969 2752 se
999 2717 1232 2752 necessitudo
1263 2718 1450 2763 designari
1479 2729 1552 2752 non
1583 2717 1716 2762 potuit.
1741 2717 1924 2761 simulque
1954 2718 2032 2752 haec

410 2773 538 2807 brevia
568 2774 683 2808 verba
714 2785 778 2808 cur
808 2774 855 2808 ad
887 2774 1082 2808 Ortvinum
1112 2774 1300 2818 pleraeque
1332 2774 1409 2808 fere
1440 2785 1566 2808 omnes
1595 2773 1651 2808 hae
1687 2773 1853 2818 epistolae
1883 2773 2032 2808 directae

411 2829 499 2870 sint,
525 2829 722 2873 explicant.
756 2829 819 2872 (cf.
837 2829 916 2863 Ind.
933 2829 1050 2875 biogr.
1068 2841 1104 2874 p.
1122 2831 1219 2873 383.)
1245 2829 1544 2873 Comparaverim
1567 2829 1637 2863 hoc
1661 2828 1954 2863 commodissime
1978 2829 2031 2863 di-

412 2886 511 2918 ctum
537 2895 620 2918 cum
645 2885 708 2919 illo
735 2885 780 2919 de
796 2885 948 2919 Erasmo
976 2888 1069 2920 ‘esse
1092 2885 1283 2919 hominem
1306 2896 1373 2929 pro
1399 2886 1453 2919 se’
1479 2897 1514 2929 p.
1532 2887 1628 2920 279⁷.

321 2944 362 2973 25
388 2940 661 2974 considerabitis
686 2942 760 2985 ete]
786 2941 1026 2976 consideretis
1051 2941 1276 2985 diligentius,
1304 2942 1504 2985 antequam
1528 2940 1683 2975 faciatis.

322 2998 364 3028 26
389 3005 592 3039 evanescere
608 2999 762 3030 vestrum
779 2997 916 3041 stilum]
943 2996 986 3031 cf.
1006 2997 1053 3031 ad
1070 2998 1167 3031 2128.
