2119 3522
273 200 364 245 816
670 214 834 237 ADDENDA
859 214 900 236 ar
924 214 1136 237 nir-ENDANDA
1160 214 1206 237 AD
1231 207 1328 238 mrim
1346 216 1416 238 OPP.
1444 215 1518 238 vot.
1536 195 1585 237 11.¹

269 331 439 373 precipue
465 338 544 360 cum
568 328 615 360 M.
639 328 680 359 V.
705 331 778 359 tam
801 337 968 369 magnam
992 326 1253 359 liberalitatem
1279 338 1366 370 erga
1390 337 1450 359 eos
1474 327 1695 368 ostenderet3
1722 329 1800 361 ideo
1824 332 1863 361 ut
1887 329 1974 361 totis

269 387 406 418 viribus
438 385 621 415 laboraret
653 393 731 415 cum
756 384 935 422 Palatino,
968 386 1007 414 ut
1038 393 1076 414 se
1101 382 1302 414 declinaret
1333 394 1354 414 a
1379 394 1457 425 rege
1482 384 1646 415 catholico
1678 384 1723 415 ad
1747 385 1794 418 M.
1812 385 1873 424 V.;
1905 384 1973 416 hoc

269 441 363 472 idem
387 449 467 471 sese
493 438 586 471 velle
620 438 740 469 facere
766 448 839 469 una
865 448 944 468 cum
971 437 1174 474 Coloniensi,
1205 441 1244 468 ut
1275 448 1397 470 omnes
1423 442 1578 479 quatuor
1603 438 1866 471 concordanter
1894 448 1974 479 pro-

269 495 475 526 missionem
499 495 573 535 reyi
595 493 757 525 catholieo
782 493 922 524 factam
946 493 1085 524 irritam
1110 493 1277 525 facerent
1303 504 1346 525 ac
1371 504 1433 535 pro
1458 494 1506 527 M.
1525 495 1565 526 V.
1586 496 1860 535 permanerent,
1886 492 1974 524 mul-

269 551 315 581 tis
341 550 423 581 aliis
450 549 616 581 dulcibus
640 549 941 590 persuasionibus
973 548 1090 589 ipsum
1117 548 1343 580 adhortando
1368 552 1408 580 ut
1436 549 1555 581 firmus
1582 559 1660 581 cum
1684 549 1762 591 ipso
1787 558 1974 590 permane-

269 609 324 637 ret
351 616 392 636 ac
417 605 560 636 litteras
585 614 648 646 pro
673 603 720 635 M.
741 604 798 645 V„
830 613 978 645 quarum
1005 604 1145 644 copiam
1171 604 1346 644 mitteret,
1378 604 1574 645 sigillaret,
1609 606 1719 636 etiam
1744 604 1814 636 sibi
1839 603 1974 645 signifi-

270 661 385 693 cando
416 664 455 691 ut
489 660 566 702 ipse
597 659 914 701 Brmzdeburgyensis
944 665 1138 699 numquam
1168 659 1324 701 amplius
1359 669 1426 690 nec
1463 660 1507 691 ab
1539 661 1618 701 ipso
1651 664 1713 691 aut
1750 669 1974 701 quocumque

270 717 404 748 moveri
428 715 542 748 vellet
567 716 604 746 in
631 715 738 746 aliam
764 715 970 756 opinionem
997 724 1104 755 quam
1130 724 1223 745 nunc
1249 715 1306 749 sit.
1350 705 1354 708 .
1509 716 1677 747 Predicto
1702 726 1788 747 vero
1808 715 1976 747 consilia-

269 773 319 804 rio
345 771 590 813 respondebat
616 770 763 802 multum
789 770 950 801 breviter
974 780 1054 802 sese
1073 774 1284 812 exspectare
1310 770 1404 802 velle
1431 780 1532 802 suum
1551 772 1857 812 consanguineum
1882 781 1975 802 mar-

270 828 432 859 chionem
467 827 699 866 Casimirum,
738 835 848 866 seque
880 826 916 856 id
949 826 1127 857 facturum
1159 825 1251 867 quod
1284 836 1348 868 pro
1381 837 1445 858 suo
1476 827 1626 867 honore,
1657 826 1801 868 imperii
1832 836 1876 858 ac
1908 826 1974 856 cri-

270 884 469 914 stianitatis
501 883 665 914 utilitate
696 882 869 923 optimum
900 891 979 913 esse
1011 882 1209 922 iudicaret,
1250 892 1317 915 nec
1348 892 1385 914 se
1416 892 1501 924 egre
1536 883 1630 914 ferre
1664 886 1703 913 ut
1734 881 1977 924 personaliter

270 950 339 971 non
371 939 549 978 venisset,
583 941 652 969 etc.
858 936 992 970 Omnes
1023 947 1085 969 eas
1117 937 1280 977 litteras,
1314 940 1349 969 et
1381 947 1448 978 que
1481 938 1590 969 misse
1622 937 1786 978 fuerunt,
1819 940 1854 968 et
1887 947 1976 978 quas
2024 945 2035 952 ·

268 994 456 1036 rescripsit
480 994 812 1035 Brancleburye7zsz's,
843 993 918 1024 vidi
950 996 986 1024 et
1018 993 1106 1034 legi3
1139 992 1313 1034 lectisque
1347 993 1514 1024 claudere
1548 993 1623 1024 vidi
1655 996 1691 1024 et
1721 992 1848 1024 nuntio
1874 992 1972 1033 dare,

267 1055 306 1082 ut
331 1051 494 1083 recessit.
546 1051 621 1091 Ego
646 1049 815 1091 promitto
840 1048 887 1078 M.
904 1049 945 1081 V.
964 1048 1087 1089 fidem,
1120 1048 1157 1079 id
1183 1049 1276 1088 quod
1302 1051 1412 1080 antea
1436 1058 1617 1089 nunquam
1642 1049 1766 1080 facere
1791 1047 1906 1087 volui,
1937 1051 1977 1079 ut

267 1107 361 1138 idem
396 1106 711 1146 Brandeburyensis
741 1104 902 1135 manebit
933 1104 1088 1145 optimus
1119 1114 1182 1145 pro
1214 1104 1405 1136 maiestate
1437 1109 1576 1145 vestra,
1610 1104 1640 1135 si
1673 1103 1802 1136 saltem
1833 1103 1978 1146 singula

269 1165 339 1194 cito
366 1161 559 1193 radificata
584 1161 790 1199 mittantur,
823 1170 906 1191 nam
932 1170 999 1201 ego
1026 1159 1180 1202 cognovi
1204 1162 1242 1191 ut
1274 1159 1470 1192 difficulter
1500 1160 1659 1192 voluerit
1690 1160 1858 1191 deserere
1891 1160 1977 1191 ami-

270 1219 392 1249 citiam
423 1219 513 1258 reyz's
544 1217 716 1250 catholici,-
753 1215 817 1246 sed
850 1225 944 1246 nunc
976 1215 1066 1247 adeo
1097 1225 1220 1247 secum
1254 1215 1449 1256 conclusit,
1487 1218 1525 1246 ut
1556 1215 1681 1255 credo,
1714 1225 1793 1246 eum
1825 1214 1978 1256 amplius

269 1274 400 1305 mutari
430 1283 500 1305 non
532 1282 657 1314 posse,
693 1275 728 1303 et
760 1271 829 1302 hoc
862 1274 948 1302 ante
980 1271 1103 1303 oculos
1136 1271 1250 1303 video.
1306 1272 1385 1304 Nisi
1416 1271 1558 1303 astucia
1588 1272 1803 1312 imperatoris
1833 1270 1978 1311 fuisset,

270 1331 380 1361 ctiam
407 1332 518 1360 antea
544 1328 664 1360 firmus
691 1327 900 1363 mansisset;
935 1327 999 1358 sed
1029 1327 1138 1358 sicuti
1163 1337 1241 1358 cum
1268 1337 1334 1368 quo
1359 1328 1474 1359 sentit
1504 1326 1590 1359 totis
1613 1327 1753 1359 viribus
1777 1326 1981 1368 diligentis-

268 1388 358 1418 sime
384 1386 521 1417 servire
546 1383 720 1424 intendit,
748 1384 801 1414 ita
828 1383 937 1414 etiam
962 1384 1095 1425 optime
1122 1383 1288 1425 pecuniis
1314 1383 1468 1415 tractari
1492 1386 1605 1424 optat.
1646 1383 1726 1415 Nisi
1751 1383 1819 1415 hoc
1844 1383 1978 1414 vicium

270 1441 432 1474 avaricie
465 1440 635 1480 haberet,
676 1440 883 1471 estimarem
913 1439 1151 1480 paucissimos
1182 1439 1365 1481 principes
1398 1439 1467 1470 sibi
1498 1449 1623 1480 pares,
1656 1448 1781 1470 ausum
1813 1438 1978 1480 obligare

269 1499 400 1536 vitam,
429 1498 460 1529 si
486 1497 526 1527 de
552 1507 644 1527 novo
671 1494 939 1534 radificabitur,
968 1497 1008 1525 ut
1033 1495 1158 1526 melius
1183 1494 1231 1528 M.
1249 1495 1289 1526 V.
1309 1496 1463 1527 serviret
1488 1504 1593 1535 quam
1619 1504 1723 1526 nemo
1750 1505 1793 1525 ex
1812 1494 1977 1526 electori-

270 1555 347 1586 bus.
396 1554 444 1584 Et
474 1552 598 1593 video,
632 1553 662 1583 si
687 1551 878 1592 negocium
910 1550 999 1581 illud
1030 1550 1234 1592 principale
1260 1551 1305 1582 ad
1331 1551 1462 1583 bonum
1488 1550 1657 1582 effectum
1688 1561 1750 1592 pro
1776 1551 1824 1583 M.
1842 1551 1884 1583 V.
1902 1560 1980 1592 pro-

270 1610 438 1649 ducetur,
465 1611 521 1648 ut,
548 1611 628 1649 post
645 1607 817 1638 auxilium
837 1606 1014 1646 divinum,
1041 1607 1118 1647 ipse
1144 1606 1210 1638 hoc
1236 1606 1329 1638 idem
1348 1607 1571 1648 potissimum
1590 1606 1774 1648 perficiet3
1801 1616 1885 1637 nam
1904 1606 1979 1638 fere

270 1675 392 1698 omnes
417 1664 592 1695 electores
624 1663 756 1694 habent
788 1666 989 1704 respectum
1022 1661 1065 1693 de
1097 1672 1254 1703 persona
1284 1672 1368 1702 sua,
1400 1666 1437 1694 et
1468 1663 1582 1694 maior
1611 1673 1697 1704 pars
1729 1672 1869 1704 semper
1901 1671 1980 1693 cum

269 1723 348 1763 ipso
374 1721 497 1752 scutit.
540 1720 586 1751 M.
605 1721 647 1754 V,
665 1719 760 1750 haud
787 1718 893 1749 dubie
919 1728 962 1749 ex
988 1718 1097 1749 solita
1123 1718 1318 1760 prudentia
1343 1718 1523 1759 cogitabit
1539 1718 1582 1750 de
1608 1718 1742 1749 honore
1761 1723 1798 1749 et
1821 1716 1981 1748 utilitate

270 1778 357 1809 suis.
562 1775 659 1806 idem
686 1774 1024 1815 Brandcburgensis
1055 1773 1266 1806 fidelissime
1300 1773 1456 1806 consulit
1487 1776 1527 1804 ut
1557 1773 1604 1807 M.
1624 1775 1664 1806 V.
1683 1773 1879 1815 diligenter
1906 1777 1978 1804 tra—

271 1838 370 1865 ctare
405 1833 522 1864 faciat
547 1842 625 1862 cum
651 1832 807 1861 Palatino
833 1833 872 1860 ut
905 1829 1066 1861 eumdem
1091 1829 1229 1861 habeat
1260 1841 1322 1871 pro
1347 1840 1401 1869 se3
1435 1833 1520 1861 tunc
1546 1840 1617 1861 non
1643 1829 1788 1861 dubitat
1812 1830 1899 1870 quin
1924 1839 1981 1860 res

269 1890 444 1921 sorcietur
469 1888 506 1918 in
532 1887 698 1918 effectum
724 1887 915 1927 optimum,
949 1889 985 1916 et
1015 1886 1091 1927 ipse
1118 1886 1327 1927 procurabit
1359 1885 1454 1927 apud
1483 1886 1668 1918 Palatinum
1695 1888 1731 1917 et
1754 1885 1980 1917 Coloniensem

270 1946 550 1988 diligentissime
576 1946 615 1974 ut
639 1943 687 1976 M.
705 1942 746 1973 V.
766 1945 868 1973 tanto
894 1941 1044 1972 facilius
1071 1943 1186 1982 possit
1212 1952 1272 1973 eos
1298 1942 1450 1979 haber-133
1483 1941 1592 1972 etiam
1617 1945 1741 1983 sperat
1774 1942 1845 1973 cito
1871 1952 1892 1972 a
1919 1941 1980 1973 Co-

269 2003 409 2034 loniensi
440 2009 650 2041 responsum
682 1998 890 2029 habiturum
922 1997 1066 2029 bonum.
1273 1996 1351 2028 Sibi
1384 1997 1699 2039 Brandeburyensi,
1738 1998 1849 2030 etiam
1881 1997 1980 2037 mihi,

270 2058 438 2100 optimum
465 2056 610 2088 videtur
630 2055 675 2086 M.
696 2055 738 2086 V.
759 2055 794 2084 in
820 2053 997 2095 principio
1025 2054 1114 2084 iunii
1140 2053 1276 2086 habeat
1301 2053 1567 2085 validissimum
1593 2053 1791 2085 exercitum
1815 2056 1980 2095 paratum

271 2115 442 2156 precipue
474 2112 596 2144 multis
628 2110 838 2142 Alemannis
870 2109 1136 2151 imperialibus,
1171 2112 1208 2141 et
1238 2110 1380 2151 equites
1409 2113 1444 2141 et
1475 2109 1630 2150 pedites;
1662 2120 1746 2142 nam
1777 2110 1809 2141 si
1840 2110 1981 2150 equites

270 2181 341 2202 non
367 2169 534 2208 habebit,
562 2167 737 2199 nobilitas
756 2165 949 2197 Germanic
976 2165 1197 2197 estimabunt
1222 2175 1259 2197 se
1280 2176 1300 2197 a
1316 2165 1364 2199 M.
1379 2166 1420 2197 V.
1436 2168 1473 2197 et
1489 2164 1607 2197 Gallis
1633 2167 1773 2208 sperni,
1801 2169 1864 2198 aut
1883 2175 1980 2207 spre-

270 2231 325 2258 tos
351 2225 496 2263 haberi,
530 2228 565 2254 et
590 2227 629 2254 ut
654 2223 790 2254 habeat
815 2222 996 2263 principes
1023 2222 1175 2253 comites
1200 2221 1341 2253 nobiles
1368 2221 1460 2262 quod
1483 2221 1619 2254 habere
1645 2222 1777 2263 possit;
1811 2232 1895 2253 nam
1920 2222 1982 2253 ubi

271 2282 393 2323 capita
419 2290 498 2311 cum
523 2280 571 2312 M.
589 2280 629 2311 V.
652 2281 773 2317 erunt,
805 2278 965 2309 membra
990 2278 1034 2308 ad
1067 2278 1142 2308 eius
1175 2276 1349 2317 placitum
1375 2277 1590 2318 manebunt,
1622 2287 1687 2309 nec
1719 2277 1898 2320 possibile
1927 2280 1983 2309 est

270 2342 310 2368 ut
335 2337 503 2368 civitates
530 2334 737 2376 imperiales
762 2335 809 2365 M.
829 2334 870 2366 V.
890 2336 994 2364 erunt
1026 2333 1254 2373 obedientes,
1287 2332 1356 2364 nisi
1387 2343 1451 2374 per
1476 2332 1631 2364 medium
1657 2337 1693 2365 et
1718 2333 1893 2365 auxilium
1919 2343 1979 2365 no·

270 2393 395 2424 bilium
423 2394 483 2423 aut
508 2391 714 2422 nobilitatis
733 2389 962 2421 Germanice.
1167 2388 1257 2419 Heri
1283 2388 1395 2419 habui
1419 2388 1565 2419 litteras
1590 2389 1730 2428 varias,
1757 2388 1861 2420 multi
1878 2393 1982 2421 erunt

270 2449 455 2490 principes
480 2457 542 2487 pro
568 2446 616 2477 M.
637 2446 676 2476 V.
698 2445 819 2486 parati
850 2443 1088 2485 personaliter
1118 2444 1262 2483 venire;
1295 2444 1358 2475 sed
1389 2454 1479 2486 opus
1505 2447 1560 2475 est
1591 2449 1630 2476 ut
1661 2445 1779 2476 sciant
1806 2445 1981 2477 citissime

271 2505 333 2536 ubi
364 2504 473 2535 etiam
506 2505 670 2543 paratum
703 2501 837 2532 habere
869 2499 1029 2531 debeant
1059 2499 1288 2541 stipendium.
1344 2499 1391 2532 M.
1410 2501 1451 2532 V.
1468 2499 1630 2541 placebit
1661 2505 1699 2532 ut
1730 2504 1892 2533 oratores
1924 2500 1982 2532 hic

273 2560 474 2590 existentes
510 2558 706 2589 habeamus
745 2556 1033 2587 commissionem
1069 2556 1159 2597 ipsis
1197 2555 1241 2587 (le
1277 2556 1344 2587 hoc
1383 2556 1636 2588 concordandi.
1853 2557 1982 2589 Restat

272 2626 366 2646 nunc
397 2615 444 2646 M.
462 2615 505 2645 V.
525 2612 616 2655 quod
649 2623 703 2644 me
735 2611 933 2643 humillime
965 2611 1230 2652 commendem,
1269 2620 1376 2651 quam
1408 2612 1506 2643 Deus
1540 2612 1752 2646 felicissime
1779 2612 1981 2652 custodiat3

273 2682 325 2702 >211
346 2681 484 2702 mareu.

959 2711 1247 2744 Cristianissime
1273 2713 1481 2745 maiestatis
1507 2713 1713 2746 humilimus
1739 2716 1894 2748 servitor

1196 2767 1355 2789 JerfflM
1375 2769 1420 2789 DE
1441 2768 1623 2791 MOLTZAN.

363 2834 431 2875 (Aa
456 2836 517 2866 dos
542 2839 592 2865 est
617 2834 719 2864 ecrit:
761 2831 1060 2871 „Invictissimo,
1087 2832 1340 2872 potentissimo
1367 2842 1410 2863 ac
1437 2832 1716 2864 cristianissimo
1742 2833 1915 2875 principi,
1946 2836 1982 2865 et

362 2880 505 2910 domino
531 2879 672 2910 domino
699 2878 920 2915 Francisco,
946 2876 1170 2907 Francorum
1196 2877 1290 2918 regi,
1317 2877 1417 2910 etc.“
1467 2877 1513 2907 Et
1534 2880 1610 2918 plus
1633 2879 1712 2909 bas:
1744 2878 1830 2918 „Ad
1855 2888 1981 2910 manus

363 2924 458 2957 vahl,
479 2922 693 2954 cancellarii
717 2922 892 2961 Francie,
932 2924 995 2952 aut
1026 2920 1160 2952 domini
1190 2920 1233 2952 de
1261 2921 1395 2954 Urvoal
1430 2926 1466 2954 et
1497 2926 1662 2958 amn-aldi
1696 2929 1732 2957 et
1763 2925 1981 2969 presidentis

365 2968 547 3008 (iuillard,
576 2968 611 2998 in
636 2967 760 3004 Metis3
789 2969 879 3005 eim,
907 2967 997 3005 cito,
1025 2964 1162 3006 cito,“)
