2119 3522
302 223 394 269 676
816 238 1081 262 COMMENTARIVS
1104 239 1150 261 AD
1175 240 1246 261 ΕΡΡ.
1264 239 1295 261 0.
1313 240 1345 262 V.
1369 240 1448 262 VOL.
1465 239 1502 261 Π.

298 300 386 340 Pag.
407 297 497 334 204.

300 356 340 385 12
369 351 619 396 Questenbery]
645 349 842 384 Reuchlini
865 350 972 384 vetus
997 350 1135 384 amicus
1160 351 1198 384 et
1222 349 1300 384 eius
1324 349 1424 394 apud
1441 349 1588 384 Curiam
1612 350 1764 394 agendae
1781 361 1898 385 causae
1915 350 2010 384 fidus

388 406 568 440 defensor.
601 404 652 439 Cf.
670 404 749 438 Ind.
767 405 884 450 biogr.
901 416 936 449 p.
954 409 1031 439 446.
1048 417 1100 449 sq.
1119 406 1187 439 art.
1206 405 1472 450 Questenberg‚
1500 407 1538 440 et
1560 405 1658 439 insta
1681 405 1728 439 ad
1752 407 1863 440 23013.

298 465 339 496 16
363 471 423 495 ros
446 461 592 495 into-om.
610 461 649 494 in
675 462 765 506 neq]
790 462 828 495 te
852 461 1047 495 inmiscere
1063 461 1226 506 negotio,
1252 461 1374 504 rebus,
1392 462 1479 496 euch
1495 462 1536 495 i‘n
1553 462 1631 495 eine
1656 461 1914 505 (theoloyz‘sche)
1931 461 2008 495 Aiz-

386 517 603 561 yeleyenheit
628 517 813 560 einlassen.

298 576 341 606 17
362 573 404 606 in
426 571 555 614 facult.
571 572 704 616 vestra]
732 572 1047 618 Questenbergius
1070 572 1160 607 iuris
1184 573 1372 607 consultus
1397 574 1462 607 est.

340 628 529 662 suaderem
555 655 562 661 .
581 656 613 661 ..
640 629 736 671 quod
761 628 1010 673 dimitteretis]
1036 629 1094 663 ich
1116 629 1244 663 mo'cht’
1267 629 1373 663 Euch
1401 629 1549 671 rathen,
1580 640 1614 664 es
1645 629 1781 664 bleiben
1810 639 1856 663 zu
1886 629 2009 672 lassen,

385 684 577 718 suaderem
602 694 648 718 ne
674 683 804 718 ahenis
827 684 989 729 negotiis
1011 685 1050 719 te
1074 685 1293 719 immisceas.

296 742 335 773 18
360 739 407 773 al.
419 742 495 782 pot.
513 750 590 773 ven.
608 740 658 773 ad
683 740 828 784 damm]
854 744 952 775 sonet
975 741 1091 774 kemut
1119 740 1188 775 1722·
1211 751 1256 775 zu
1280 740 1446 775 Schaden
1475 741 1654 783 hominen,
1685 751 1743 775 res
1772 740 1843 774 tibi
1873 740 2007 774 damno

383 795 561 838 vertetur,
586 794 684 829 male
709 795 778 829 tibi
803 796 982 831 consules.

297 854 335 885 19
359 861 434 884 non
457 851 584 885 volunt
609 878 616 885 .
635 878 642 885 .
662 879 669 885 .
693 851 799 896 fidei]
826 851 930 896 Saepe
962 853 1124 897 repetita
1152 852 1367 887 Hochstrati
1398 853 1592 887 cantilena.
1618 864 1729 897 supra
1753 854 1809 897 (p.
1829 853 2006 894 75²⁰·Sq11·)

382 917 428 941 ne
453 906 492 940 in
515 907 690 952 theologo
716 907 867 951 quidem
891 908 1042 942 Erasmo
1067 909 1163 943 ferre
1188 909 1270 942 vult
1293 909 1553 951 Hochstratus,
1587 908 1686 953 quod
1713 911 1767 942 ‘se
1798 919 1871 943 non
1895 908 2009 942 faciat

384 962 611 997 conformem
635 963 740 996 nobis
764 963 979 1008 theologis'.

295 1022 338 1053 23
362 1018 500 1063 Meyer]
528 1018 592 1062 qui
616 1019 696 1051 tum
722 1029 805 1052 cum
822 1019 1044 1054 Hochstrato
1069 1020 1108 1054 in
1126 1020 1366 1064 Campofiorae
1391 1020 1593 1064 spatiatum
1616 1020 1669 1054 ire
1695 1020 1847 1054 solebat.
1863 1032 1899 1064 p.
1919 1021 2008 1054 753¹.

337 1074 546 1119 lwspitimn]
573 1073 620 1108 ad
638 1073 864 1118 Campanam
888 1076 926 1108 in
945 1075 1185 1120 Campoflorae
1211 1078 1259 1120 (p.
1279 1080 1319 1110 77
1329 1078 1367 1119 ὃ),
1394 1076 1458 1109 ubi
1474 1075 1660 1119 hodieque
1688 1075 1918 1110 ‘Teutonici'
1945 1075 2006 1109 de-

385 1130 533 1163 vertere
559 1129 690 1163 solent.

331 1195 402 1228 pro
427 1185 618 1229 comedere]
644 1194 724 1219 eum
748 1185 870 1229 Essen,
896 1186 943 1220 ad
967 1187 1176 1231 prandium,
1203 1187 1249 1221 ad
1273 1187 1544 1231 prandendum.

291 1245 333 1275 25
360 1251 431 1274 non
456 1241 569 1274 intell.
588 1240 614 1282 f.
631 1242 670 1285 8.]
696 1241 861 1275 nondum
885 1242 1041 1276 idoneus
1074 1244 1130 1277 est
1154 1243 1200 1277 ad
1231 1243 1501 1287 perficiendum
1525 1243 1734 1288 negotium,
1768 1243 1827 1277 cui
1851 1253 1929 1277 sese
1954 1243 2007 1277 in-

381 1296 522 1338 miscet,
549 1296 648 1339 quod
673 1296 711 1330 in
736 1308 773 1331 se
799 1299 971 1342 suscepit.
996 1319 1038 1322 —
1065 1298 1132 1333 Sus
1156 1298 1379 1333 Minervam!

291 1357 332 1387 27
358 1352 507 1386 studens
535 1351 670 1396 Colon]
704 1352 809 1394 Quod
840 1353 1007 1396 aliunde,
1040 1354 1069 1388 si
1099 1354 1195 1388 bene
1226 1355 1395 1397 memini,
1428 1366 1502 1390 non
1532 1357 1663 1390 notum
1695 1356 1760 1389 est.
1799 1354 1843 1389 cf.
1862 1355 1922 1389 cit.
1939 1355 2007 1389 art.

383 1407 650 1452 Questenberg.

290 1468 332 1498 29
359 1464 490 1498 declar.
503 1464 711 1508 periurium]
739 1464 916 1499 Similiter
941 1477 976 1509 p.
995 1467 1176 1500 207²¹-⁵‘1¹1·
1218 1466 1366 1501 Statuta
1390 1467 1544 1512 antiqua
1567 1467 1667 1501 univ.
1685 1467 1871 1512 generalis
1895 1466 2008 1501 studii·

381 1519 505 1554 Colon.
525 1519 569 1553 de
596 1530 626 1553 a.
647 1524 743 1555 1392.
761 1522 828 1555 art.
846 1526 900 1555 44.
925 1548 962 1563 „.
982 1549 989 1557 .
1008 1521 1220 1565 statuimus,
1254 1522 1353 1566 quod
1384 1522 1521 1557 Rector
1550 1534 1617 1567 pro
1648 1524 1817 1568 tempore
1848 1522 2008 1557 existens

380 1575 523 1609 nullum
555 1575 723 1610 intitulet
752 1587 817 1610 seu
847 1577 1026 1612 inscribat
1053 1578 1091 1611 in
1122 1578 1319 1613 matricula
1349 1579 1426 1613 sive
1456 1579 1612 1624 registro
1636 1578 1906 1620 universitatis,
1937 1578 2008 1612 nisi

380 1630 444 1664 ille
477 1630 729 1666 intitulandus
759 1633 862 1676 prius
891 1635 1044 1677 praestet
1072 1633 1324 1668 iuramentum
1357 1634 1404 1668 ad
1428 1635 1496 1669 hoc
1522 1634 1734 1669 institutum
1753 1661 1760 1668 .
1779 1661 1786 1668 .
1805 1636 1844 1668 .“
1870 1635 1936 1667 art.
1953 1637 2006 1668 48.

381 1687 602 1729 „statuimus
621 1715 626 1720 .
647 1714 670 1729 .,
698 1688 797 1731 quod
822 1688 958 1724 Rector
983 1691 1021 1724 et
1045 1690 1175 1724 decani
1200 1702 1254 1723 1111
1279 1690 1499 1724 facultatum
1523 1691 1710 1724 neminem
1736 1690 1783 1724 ad
1799 1689 2007 1724 deliberan-

382 1742 470 1776 dum
494 1742 532 1775 in
563 1744 851 1788 congregatione
882 1746 1133 1780 universitatis
1163 1747 1228 1780 aut
1260 1745 1414 1780 alicuius
1445 1746 1649 1789 facultatis,
1681 1757 1746 1781 seu
1778 1745 1825 1780 ad
1855 1745 2006 1780 audien-

380 1798 468 1831 dum
495 1809 621 1832 earum
646 1801 789 1834 secreta
813 1800 1029 1843 admittant,
1062 1801 1131 1835 nisi
1162 1802 1209 1836 sit
1238 1801 1451 1836 intitulatus
1475 1802 1536 1836 vel
1566 1802 1699 1836 saltem
1728 1802 1882 1846 praestet
1910 1801 2006 1835 iura-

379 1855 546 1888 mentum
577 1854 906 1898 Intitulandorum‚
946 1858 984 1891 et
1013 1868 1096 1892 cum
1131 1857 1200 1892 hoc
1236 1858 1351 1899 iuret,
1388 1857 1488 1902 quod
1524 1857 1684 1892 fideliter
1715 1858 1762 1892 ad
1797 1857 1937 1892 bonum
1969 1858 2008 1891 et

378 1910 555 1944 honorem
601 1911 852 1946 universitatis
888 1912 1073 1948 deliberet
1096 1940 1103 1947 .
1124 1917 1173 1947 .“.
1228 1913 1377 1948 Statuta
1411 1913 1612 1948 reformata
1646 1913 1834 1948 facultatis
1869 1913 2006 1947 artium

378 1966 504 2000 Ubior.
522 1966 568 2000 de
594 1978 624 2001 a.
644 1971 740 2001 1522.
759 1979 838 2012 cap.
858 1973 911 2003 30.
958 1968 1014 2003 De
1039 1970 1257 2003 iuramentis
1287 1969 1549 2014 magistrorum
1573 1969 1806 2004 novellorum
1831 1996 1839 2004 .
1857 1996 1865 2004 .
1910 1969 2005 2003 Item

378 2022 574 2056 statuimus
603 2023 646 2056 ut
674 2022 853 2058 Doctores
884 2024 1020 2058 artium
1130 2025 1256 2059 iurent
1280 2053 1286 2059 .
1306 2053 1313 2059 .
1337 2025 1458 2070 primo
1489 2025 1589 2069 quod
1618 2025 1797 2059 honorem
1826 2024 2006 2059 universi-

378 2079 465 2112 tatis
491 2079 530 2112 et
552 2078 741 2113 facultatis
765 2080 901 2114 artium
926 2080 1076 2115 laudem
1100 2080 1319 2115 illustriores
1335 2081 1495 2116 reddant
1519 2081 1565 2115 ad
1583 2091 1842 2125 quemcunque
1867 2081 2005 2115 statum

379 2134 600 2168 devenerint
617 2162 623 2168 .
643 2138 694 2169 .“.

289 2194 329 2224 31
357 2201 436 2224 cum
460 2190 505 2223 R.
532 2216 565 2223 ..
591 2191 705 2235 maiza]
739 2191 889 2226 Scilicet
918 2193 1057 2237 ubique
1088 2193 1266 2227 simulant
1293 2193 1544 2238 theologistae‚
1575 2193 1694 2227 totam
1724 2192 2005 2227 universitatem

378 2245 634 2280 Coloniensem
659 2248 788 2281 contra
811 2248 1059 2282 Reuchlinum
1084 2249 1320 2291 conclusisse,
1347 2261 1432 2283 cum
1455 2250 1583 2283 tamen
1607 2248 1675 2283 soli
1703 2248 1871 2293 theologi
1900 2248 2004 2282 fecis-

376 2302 468 2335 sent.
501 2301 544 2335 cf.
563 2301 611 2335 ad
634 2304 686 2335 4¹.
710 2306 786 2337 13³.

287 2362 329 2392 33
355 2357 518 2401 Defena]
546 2357 625 2390 Ind.
644 2369 727 2391 scrr.
748 2363 995 2402 p.89.11.xx1.
1019 2371 1044 2394 2.
1076 2360 1120 2395 cf.
1140 2361 1187 2394 ad
1212 2365 1277 2395 203
1287 2364 1308 2394 ⁷.
1329 2362 1367 2395 et
1390 2361 1487 2395 infra
1511 2361 1558 2395 ad
1582 2361 1696 2395 23022.

288 2418 331 2447 35
350 2413 636 2457 propositiones]
668 2413 719 2447 Ut
742 2414 898 2449 Arnoldi
929 2416 1088 2450 Articuli
1119 2416 1196 2450 sive
1225 2416 1508 2460 propositiones.
1556 2415 1635 2450 Ind.
1660 2427 1746 2450 serr.
1770 2427 1806 2460 p.
1825 2419 1877 2450 78.
1901 2427 1938 2452 n.
1955 2429 2002 2451 x1.

286 2472 327 2503 36
352 2469 494 2512 Amew]
528 2468 584 2502 ‘Si
609 2469 691 2513 quis
715 2470 798 2504 vult
826 2470 894 2505 hoc
926 2471 1137 2515 epistolium
1168 2471 1380 2515 meliorare,
1415 2473 1560 2506 textum
1585 2473 1710 2506 autem
1735 2472 1884 2505 mittere
1908 2472 2002 2506 inte-

375 2536 483 2569 grum
512 2526 683 2558 manere’
717 2527 780 2568 (ut
803 2525 1019 2561 Tolletanus
1043 2527 1159 2561 habet
1181 2539 1216 2572 p.
1237 2529 1352 2571 792⁶),
1384 2528 1479 2562 bene
1510 2528 1636 2572 potest
1665 2527 1802 2562 addere
1834 2527 2003 2570 „Datum

374 2580 500 2615 Romae
527 2581 620 2625 [sive
642 2581 819 2617 Romanae
846 2581 982 2627 Curiae]
1010 2586 1181 2618 a.1516.“

284 2730 371 2771 Pag.
389 2730 480 2765 205.
600 2727 836 2762 EPISTOLA
864 2732 926 2766 11.
967 2729 1176 2764 IODOCVS
1202 2729 1436 2764 SARTORIS
1463 2729 1692 2765 ORTVINO.

284 2810 304 2839 2
329 2805 484 2840 Iodocus
510 2805 678 2841 Sartoris.
703 2807 882 2842 Incertus.
915 2808 960 2843 cf.
979 2809 1059 2843 Ind.
1075 2809 1192 2854 biogr.
1210 2821 1246 2853 p.
1263 2813 1339 2844 405.
1358 2820 1410 2853 sq.
1428 2810 1495 2843 art.
1512 2808 1813 2854 Langschneider
1836 2809 1859 2843 i.
1876 2807 1901 2844 f.

285 2865 304 2895 6
329 2862 410 2895 trib.
428 2873 472 2895 m.
490 2863 546 2906 m]
573 2862 706 2897 Psalm.
725 2876 794 2898 LVI.
812 2868 842 2898 4.
869 2863 996 2907 „Misit
1020 2864 1110 2899 deus
1133 2865 1425 2899 misericordiam
1449 2875 1553 2898 suam
1567 2868 1598 2899 “.

286 2921 305 2951 7
331 2917 482 2962 Psalm.]
507 2931 555 2952 v1.
577 2923 630 2953 10.
1410 2913 1413 2915 ”

286 2977 326 3007 11
352 2974 549 3018 scriptwn]
578 2973 710 3009 Genes.
729 2988 782 3009 111.
803 2980 855 3013 19,

286 3031 325 3062 17
352 3028 494 3073 librum]
520 3029 820 3066 Prenotamenta.
853 3032 931 3066 Iud.
950 3043 1035 3068 serr.
1052 3045 1088 3076 p.
1106 3036 1158 3067 81.
1176 3045 1316 3068 n.xr111.
