2119 3522
348 208 602 231 INSCRIPTIONES
626 209 813 231 VOLVMINIS
830 210 866 231 11.
893 218 933 222 —-
960 210 1011 232 ΕΡ.
1026 208 1049 232 l.
1080 210 1252 232 IOHANNES
1277 209 1381 232 LABIA
1406 211 1561 233 ORTVINO.
1717 195 1809 239 651

102 266 187 307 Pag.
205 264 296 301 184.
1193 268 1280 310 Pag.
1296 269 1367 301 184.
1386 279 1415 300 v.
1430 277 1462 301 10
1480 294 1486 300 .
1502 294 1508 300 .
1525 295 1531 300 .
1549 271 1636 311 Pag.
1651 271 1724 302 185.
1743 281 1772 305 v.
1786 278 1812 302 9.

192 319 318 354 scandi
342 330 452 354 causa
476 320 663 354 adiectum
687 320 854 363 videtur,
881 332 964 355 oum
988 332 1110 366 neque
1136 333 1157 356 a
1181 332 1254 365 quo
1279 332 1400 366 neque
1426 334 1498 367 quo
1510 324 1682 368 -tempore
1700 324 1812 368 privi-

190 375 331 420 legium
361 376 603 420 impetratum
629 377 739 418 esset,
771 376 972 419 indicetur,
1004 377 1199 422 ipsumque
1231 378 1442 423 exemplum
1467 379 1544 414 sine
1568 379 1641 414 loci
1666 380 1703 414 et
1727 379 1813 414 anni

191 430 419 466 indicatione
444 431 634 477 prodierit.
668 431 712 467 cf.
729 432 808 466 Ind.
828 433 910 467 edd.
928 445 961 467 n.
981 436 1010 467 5.
1029 445 1140 478 supra
1156 445 1191 478 p.
1210 437 1240 468 7.
1258 445 1310 478 sq.

99 580 186 621 Pag.
208 579 298 616 185.
452 577 686 612 EPISTOLA
716 580 747 615 1.
788 578 1037 614 IOHANNES
1062 579 1209 613 LABIA
1234 579 1464 615 ORTVINO.

100 660 120 690 2
145 656 279 701 Labia]
305 656 473 691 Fortasse
498 657 566 691 1100
592 668 725 691 000100
752 658 916 702 epistolae
942 658 1070 692 auctor
1095 659 1141 692 ad
1165 658 1338 693 Latinum
1365 659 1534 694 ‘ductare
1564 660 1662 703 aliqun
1687 660 1813 694 labiis'

191 712 308 755 finxit,
335 713 433 757 quod
451 714 507 747 est
532 713 702 747 ‘irridere
721 713 986 757 distorquendo
1012 725 1068 756 os,
1095 714 1218 749 sannis
1242 714 1418 749 illudere'
1444 726 1501 759 ap.
1520 715 1639 750 Plaut.
1659 716 1757 750 Glor.
1775 729 1811 750 11.

192 772 221 810 1,
241 778 282 803 14.
307 789 350 793 —
382 768 474 804 Cum
498 768 630 813 saepius
655 769 693 802 in
717 769 786 803 hac
812 769 918 813 epist.
936 769 1031 804 liber
1055 770 1120 804 Iob
1141 770 1331 813 laudetur,
1363 782 1407 805 ex
1439 771 1570 805 eodem
1601 772 1716 806 verba
1738 785 1812 806 V111.

189 828 242 859 20.
261 828 314 859 21.
332 825 502 869 repetere
526 824 654 858 liceat:
682 823 813 866 „Deus
837 835 911 859 non
936 826 1107 869 proiiciet
1131 826 1356 870 simplicem,
1380 837 1448 861 1100
1472 827 1639 872 porriget
1662 839 1811 862 manum

190 880 372 925 malignis,
399 880 517 914 donee
542 880 743 924 impleatur
767 881 841 914 risu
866 892 905 915 os
930 882 1036 915 tuum
1062 882 1100 915 et
1123 881 1223 915 labia
1246 883 1311 916 tua
1334 882 1492 917 iubilo“.

99 941 120 971 3
146 936 205 970 clei
233 947 285 981 qr.
303 937 486 981 prothea]
529 936 722 971 Summum
754 936 1043 971 ecclesiasticum
1074 938 1349 981 magistratum,
1392 939 1421 972 si
1451 949 1524 972 non
1557 939 1813 983 pontificatum

188 992 311 1036 ipsum
340 993 544 1026 maximum
575 1003 705 1037 gerere
736 992 806 1026 sibi
831 993 980 1027 videtur
1012 994 1071 1028 1110
1102 993 1394 1038 protonotarius,
1428 994 1491 1037 qui
1522 1006 1559 1029 se
1593 995 1671 1029 ‘dei
1695 996 1816 1040 gratia

190 1048 452 1092 apostolicum’
485 1048 683 1093 gloriatur,
716 1060 800 1083 01101
830 1050 955 1083 tamen
986 1050 1303 1094 protonotariatus
1336 1049 1413 1084 eius
1444 1049 1537 1083 nihil
1561 1050 1631 1084 nisi
1656 1051 1816 1085 titularis

189 1104 300 1138 fuisse
326 1104 498 1139 videatur
522 1105 599 1139 sive
626 1104 948 1139 extraordinarius.
997 1104 1247 1140 Protonotarii
1274 1105 1465 1149 (ordinarii
1489 1106 1566 1140 sive
1591 1107 1815 1151 participan-

190 1161 260 1205 tes)
286 1161 391 1205 quasi
415 1172 483 1206 per
500 1161 761 1196 excellentiam
778 1161 1008 1196 vocabantur
1025 1162 1160 1196 notarii
1178 1162 1389 1206 apostolieae
1415 1162 1521 1205 sedis,
1548 1175 1639 1207 quos
1655 1164 1816 1208 primum

191 1216 361 1251 Clemens
378 1217 447 1251 ΡΡ.
466 1217 491 1250 Ι.
511 1218 655 1261 septem
679 1217 780 1251 urbis
805 1217 1018 1262 regionibus
1036 1218 1247 1252 attribuisse
1266 1218 1394 1260 fertur,
1423 1218 1489 1260 ⁷‚ut
1510 1219 1698 1262 passiones
1722 1231 1816 1254 mar-

188 1273 313 1316 tyrum
347 1274 384 1307 et
415 1284 471 1307 res
502 1273 548 1307 ab
578 1273 621 1307 iis
651 1274 774 1318 gestas
805 1273 1089 1318 diligentissime
1126 1274 1352 1318 conquisitas
1388 1274 1522 1309 litteris
1553 1275 1817 1310 mandai·ent“.

189 1329 321 1363 horum
352 1329 514 1363 officium
541 1328 664 1363 Sixtus
689 1329 758 1362 ΡΡ.
784 1329 845 1363 IV.
871 1331 915 1372 (a.
943 1331 1196 1373 1471...1484.)
1221 1330 1361 1374 primus
1387 1330 1566 1365 vendidit.
1599 1332 1730 1375 postea
1766 1333 1816 1375 (a.

192 1386 302 1428 1586.)
328 1386 492 1429 quinque
517 1385 680 1429 conlegis
704 1386 871 1427 auctum,
905 1385 1039 1419 nostris
1064 1386 1189 1420 autem
1214 1386 1444 1430 temporibus
1470 1388 1515 1428 (a.
1536 1387 1647 1430 1838.)
1673 1387 1721 1421 ad
1744 1387 1817 1431 pri-

190 1452 349 1475 maevum
379 1441 631 1486 septenarium
657 1451 853 1475 numerum
888 1442 1101 1476 revocatum
1128 1442 1192 1475 est.
1242 1442 1325 1476 Non
1356 1442 1624 1486 participantes
1655 1442 1731 1476 31νο
1759 1454 1817 1477 ex-

190 1496 425 1532 traordinarii
455 1497 533 1531 sive
564 1497 878 1541 supranumerarii
908 1498 1148 1541 personatum
1174 1497 1251 1532 3100
1282 1498 1434 1542 propria
1458 1497 1640 1543 dignitate
1672 1501 1817 1543 gerunt,

190 1564 311 1597 neque
337 1553 485 1598 collegii
510 1553 667 1587 Romani
691 1553 780 1587 socii
804 1554 905 1595 sunt3
939 1564 983 1586 ex
1009 1553 1060 1587 eis
1085 1553 1148 1587 alii
1174 1553 1350 1587 officiales
1375 1554 1476 1596 sunt,
1509 1554 1573 1598 qui
1599 1555 1704 1588 extra
1724 1554 1818 1589 ordi-

190 1620 275 1644 nem
300 1609 654 1654 protonotorialibus
679 1609 809 1644 officiis
834 1610 1051 1654 funguntur,
1079 1609 1142 1643 alii
1159 1609 1346 1644 honorarii
1371 1609 1448 1643 sive
1466 1609 1635 1644 titulares
1660 1611 1817 1653 tantum,

191 1665 320 1709 quales
351 1666 389 1700 et
413 1666 458 1700 ab
491 1665 580 1710 ipsis
610 1665 847 1710 pontificibus
877 1665 1064 1708 maximis,
1097 1666 1135 1699 et
1165 1665 1299 1699 deinde
1326 1665 1371 1699 ab
1404 1675 1531 1699 eorum
1561 1665 1695 1710 legatis
1727 1678 1817 1700 nun-

192 1721 326 1765 tiisque
353 1722 481 1756 aliisve
507 1722 669 1766 praelatis
694 1721 993 1764 nominabantur,
1020 1723 1085 1756 aut
1109 1722 1173 1766 qui
1198 1721 1328 1755 titulus
1353 1721 1430 1755 sine
1449 1721 1571 1756 officio
1597 1722 1710 1756 etiam
1735 1734 1816 1756 011111

191 1778 301 1811 certis
332 1778 610 1813 camonieatibus
639 1778 719 1822 ipso
750 1778 829 1811 11110
863 1778 1080 1812 coniunctus
1111 1778 1200 1812 erat.
1225 1777 1279 1811 ita
1309 1788 1420 1821 supra
1444 1779 1498 1821 (p.
1522 1780 1818 1821 103.11”.Χ>;Χι11.)

191 1834 350 1879 legimus
379 1835 556 1869 Ioannem
585 1834 817 1879 Ingewinkel
848 1834 1088 1878 praepositum
1119 1833 1365 1876 Xantensem,
1403 1833 1549 1868 Ortvini
1579 1834 1818 1878 theologista-

191 1901 348 1935 rumque
374 1891 545 1933 amioum,
573 1891 837 1932 „sacrosanctae
862 1889 958 1924 sedis
977 1889 1188 1934 apostolicae
1212 1889 1565 1924 Prothonotarium“
1590 1890 1711 1924 fuisse.
1753 1889 1817 1924 Ce-

192 1947 312 1980 terum
338 1947 412 1989 „ut
433 1946 739 1981 Prothonotarius
763 1946 827 1990 qui
852 1946 909 1988 sit,
935 1946 1073 1980 habeat
1096 1945 1152 1979 1113
1175 1945 1411 1990 legitimandi
1435 1946 1577 1990 spurios
1603 1945 1641 1979 et
1657 1945 1818 1980 Comites

191 2002 377 2047 palatinos
402 2002 583 2038 01001οε11ιι
609 2004 666 2046 (ut
690 2003 745 2036 est
768 2002 806 2036 in
823 2001 981 2036 Hutteni
1006 2001 1091 2036 dial.
1110 2001 1220 2035 Bulla
1237 2005 1255 2043 ξ
1273 2005 1325 2036 67.
1345 2000 1438 2046 Opp.
1456 2001 1518 2035 IV.
1536 2013 1570 2045 p.
1589 2002 1692 2044 326),
1719 2001 1818 2045 quod

192 2061 249 2094 ius
267 2059 361 2094 Sixti
376 2059 447 2093 ΡΡ.
466 2059 509 2093 V.
528 2059 631 2092 bulla
657 2057 887 2092 ‘Laudabilis
907 2057 1027 2092 sedis'
1054 2057 1087 2091 d.
1107 2057 1141 2091 d.
1158 2061 1189 2091 4.
1204 2056 1309 2091 Febr.
1324 2068 1355 2092 a.
1375 2061 1471 2092 1585.
1491 2060 1530 2099 ἐξ
1548 2060 1578 2091 4.
1597 2060 1626 2091 5.
1645 2057 1817 2101 protono-

192 2116 295 2150 tariis
321 2115 458 2159 apertis
484 2115 606 2149 verbis
631 2114 893 2158 adscripserat,
926 2113 964 2147 id
988 2114 1062 2147 iam
1087 2113 1150 2147 diu
1175 2113 1213 2147 in
1239 2113 1523 2148 desuetudinem
1548 2113 1707 2154 abierat,
1735 2124 1817 2146 01101

191 2170 279 2205 Ρ1113
303 2171 373 2205 ΡΡ.
392 2171 451 2205 IX.
470 2171 621 2206 tolleret
644 2181 711 2215 per
734 2171 847 2205 breve
875 2169 1068 2211 ‘Quamvis
1091 2169 1297 2214 peculiares
1321 2169 1534 2204 facultates'
1562 2168 1595 2202 d.
1614 2173 1644 2203 9.
1663 2168 1767 2203 Febr.
1786 2180 1817 2203 a.

195 2232 291 2263 1853.
310 2227 450 2270 datum,
477 2227 576 2272 quod
600 2227 713 2273 breve
742 2228 781 2260 et
805 2225 852 2260 ad
876 2225 1066 2260 historiam
1091 2225 1253 2260 instituti
1278 2226 1316 2260 et
1340 2225 1386 2259 ad
1402 2225 1621 2259 hodiernam
1645 2226 1817 2269 protono-

192 2283 371 2318 tariorum
397 2283 654 2318 condicionem
679 2282 974 2328 cognoscendam
999 2282 1149 2327 egregie
1173 2281 1273 2316 facit.

103 2344 124 2375 6
148 2344 190 2375 ut
213 2340 340 2384 fratri]
366 2338 482 2374 Labia
505 2339 699 2385 religiosus
722 2350 797 2374 non
823 2339 888 2381 est,
916 2337 1092 2372 Ortvinus
1115 2337 1365 2382 praedicatorii
1389 2336 1537 2371 ordinis.

105 2401 124 2431 7
148 2400 290 2432 centum
316 2424 347 2431 ..
368 2423 375 2430 .
400 2397 562 2441 mamm]
604 2396 812 2438 Quadratus
844 2405 960 2429 error:
994 2394 1199 2428 ‘sestertia'
1227 2393 1315 2437 (Hs)
1341 2395 1407 2428 aut
1437 2404 1504 2438 pro
1529 2404 1702 2428 mensura
1726 2394 1817 2428 acei-

192 2453 294 2497 pitur
318 2454 384 2487 aut
406 2464 473 2497 pro
501 2452 746 2487 ‘sestertium’
774 2451 940 2496 ponitur,
973 2450 1148 2494 idemque
1177 2461 1244 2495 pro
1270 2449 1484 2484 inventione
1516 2460 1696 2483 novorum
1720 2449 1818 2483 Lati-

193 2508 373 2543 nistarum
399 2508 735 2551 (humanistarum)
759 2507 928 2542 habetur.
978 2505 1197 2541 Germanice
1227 2506 1348 2540 minus
1378 2505 1578 2539 ridiculum
1602 2506 1699 2539 foret
1726 2506 1818 2539 hun-

194 2565 431 2599 clerttausend
454 2565 605 2608 Scheffel
632 2563 760 2608 Grz'o'sse
783 2564 877 2598 uach
902 2574 951 2597 ..s
978 2563 1217 2597 Grammatik.
1244 2562 1307 2596 sed
1337 2561 1415 2596 haec
1439 2561 1661 2605 insipientiae
1686 2562 1820 2595 natura

195 2621 261 2662 est,
286 2621 387 2655 reete
413 2620 601 2665 cogitandi
623 2620 769 2665 legibus
791 2630 1011 2664 repugnare.

105 2681 136 2711 8.
153 2681 183 2711 9.
208 2677 417 2720 ΑσσεΡενίηι
431 2701 473 2704 —
490 2677 641 2721 miserit]
667 2676 724 2710 Ita
740 2675 975 2710 coniunctivo
992 2686 1059 2719 pro
1076 2674 1272 2716 infinitivo,
1298 2674 1340 2707 ut
1364 2684 1459 2717 szepe
1477 2672 1619 2707 faciunt
1635 2673 1690 2707 hae
1713 2684 1818 2709 novae

195 2732 379 2777 epistolae,
412 2732 518 2777 quasi
541 2732 620 2767 haee
643 2731 840 2776 singularis
865 2730 1060 2775 elegantiae
1085 2731 1181 2764 esset
1205 2730 1263 2771 (of.
1282 2728 1463 2773 imprimis
1488 2728 1592 2763 infer.
1613 2729 1717 2773 epist.
1737 2732 1816 2773 36.)‚

195 2789 342 2822 veteres
364 2788 448 2831 illae,
475 2787 640 2829 Crotieae,
666 2798 739 2822 000
765 2787 978 2821 abutuntur.

106 2849 126 2880 8
150 2844 434 2889 nudiustertius]
461 2844 529 2878 Η10
555 2844 594 2878 et
616 2855 650 2888 p.
671 2847 733 2877 197
745 2844 780 2876 ¹⁷.
800 2842 930 2877 Crotus
955 2841 1187 2877 commodam
1213 2842 1342 2876 contra
1357 2841 1528 2876 Latinam
1544 2840 1711 2886 linguam
1734 2852 1818 2886 pec-

197 2899 305 2934 candi
329 2900 647 2944 opportunitatem
670 2910 745 2933 non
768 2899 823 2933 ita
844 2898 1079 2943 neglexisset.

107 2961 127 2992 9
151 2956 246 3000 ΕΜ).
267 2956 306 2991 0.
330 2955 384 3002 V.]
410 2955 505 2990 Puto
530 2955 689 3000 primam
705 2954 952 2989 secundamve
977 2954 1190 2997 editionem,
1218 2953 1392 2999 epistolas
1419 2958 1535 2989 1...41.
1555 2953 1817 2989 continentem.

198 3012 241 3047 cf.
260 3023 371 3057 supra
393 3012 472 3046 ind.
492 3011 573 3046 edd.
591 3023 626 3056 p.
647 3015 741 3046 1...3.
759 3022 794 3045 n.
811 3023 833 3044 1.
852 3023 888 3044 11.
